2824 4756
309 267 311 275 ι
398 251 460 336 (11.
478 248 609 312 Ioannes
626 249 924 332 Baptistanaseiturd
990 229 997 250 1
1095 327 1098 334 1
1180 257 1224 325 3³

99 403 249 467 occurrat,
282 403 329 466 et,
353 393 481 471 quasi-vin
494 393 598 462 ,medio
624 392 776 474 positum,
788 375 909 458 salutem
929 407 1059 464 nostram
1078 417 1145 462 com
1162 399 1223 462 Dei

4 521 6 542 ,
97 471 232 531 bonitate
252 468 404 528 individuo
424 491 499 528 nexu
519 470 647 550 copulet.
687 470 844 542 Caeterum
862 474 963 534 iisdem
975 477 1072 538 verbis
1093 477 1222 538 ostendit

93 539 213 624 Maria,
233 547 390 628 gratuitum
412 546 497 606 luisse
519 547 598 625 qnod
620 569 684 605 cum
703 546 840 606 Patribus
860 549 960 612 loedus
980 552 1223 632 (61ἰωῦ66666-

99 623 331 704 pigerat‚squia
356 623 521 702 promissam
546 621 606 683 illic
632 624 752 682 salutem
779 643 812 680 ex
836 645 916 684 mera
935 627 1130 692 misericordia
1155 643 1221 692 tan·
1283 672 1286 680 ι

101 722 189 834 guam
213 719 246 756 ex
265 701 347 758 lonte
374 699 491 758 derivat.
534 699 633 778 Atque
659 699 727 758 hinc
751 698 930 783 colligimus,
961 702 1056 785 probe
1080 704 1165 766 luisse
1189 707 1223 766 in

128 774 415 854 cripturaedoctrina
428 777 618 836 exercitatam.
655 776 732 866 Erat·
747 776 864 854 quidem
876 775 963 860 vulgo
984 790 1053 838 tunc
1063 783 1223 844 communis

102 852 227 911 Messiae
241 851 424 932 exspectatio,
444 852 494 911 sed
513 855 597 930 pauci
616 851 704 912 fidem
723 874 755 913 an
775 864 834 912 tam
853 854 967 913 sincera
980 854 1146 932 scripturae
1166 879 1224 918 no.
1291 857 1293 862 '

103 927 170 986 titia
191 927 335 989 fundatam
355 927 511 987 habebant.
573 969 594 994 e
1016 989 1020 996 ,
1208 964 1211 972 ·

181 1010 226 1068 55.
262 1001 403 1064 Abrahae
421 1017 447 1062 et
464 1007 572 1064 ament.
612 1005 646 1082 Si
666 1003 945 1086 appositive-legas,
965 1003 1081 1065 videtur
1103 1006 1226 1069 absurda

105 1098 168 1156 esse
188 1101 265 1141 casus
284 1081 421 1142 mutatio:
444 1079 598 1140 dicendum
618 1083 695 1140 enim
716 1094 779 1145 erat
797 1082 897 1161 potius
917 1080 1112 1150 adhbrabam
1128 1095 1162 1145 et
1180 1105 1226 1154 se-

102 1177 170 1214 men
192 1156 267 1229 eius,
297 1158 347 1222 sed
372 1177 439 1216 meo
465 1157 573 1216 iudicio
593 1177 655 1236 non
677 1169 719 1218 est
745 1160 865 1238 simplex
885 1158 1045 1238 appositio:
1061 1158 1146 1238 ¹quia
1163 1179 1228 1222 non

101 1243 214 1294 tanturn
235 1233 478 1314 designatlllaria‚
498 1233 548 1311 qui
567 1232 677 1294 luerint
688 1235 788 1295 Patres
808 1233 865 1310 illi,
883 1235 919 1294 ad
932 1255 1005 1314 quns
1025 1233 1164 1312 loquutus
1184 1247 1229 1294 est

101 1307 194 1382 Deus,
214 1311 265 1370 sed
286 1309 513 1390 promissionum
525 1309 582 1369 vim
600 1321 629 1368 et
645 1310 784 1370 ellectum
805 1311 841 1372 ad
861 1331 962 1380 ornnes
982 1323 1118 1390 posteros
1129 1322 1230 1378 erten-

103 1385 157 1460 dit,
178 1388 228 1464 qui
247 1387 338 1445 modo
348 1387 518 1477 ,genuinum
536 1384 595 1444 sint
606 1385 749 1444 *Abrahae
768 1405 876 1448 semen.
916 1387 1003 1448 Unde
1024 1387 1112 1446 etiam
1131 1389 1231 1467 sequi-

4 1475 5 1490 *
102 1474 153 1523 tur
173 1463 209 1522 de
230 1461 357 1536 sollenm
385 1459 505 1520 loedere
525 1461 601 1540 agi,
616 1461 694 1540 quod
722 1483 787 1523 eum
805 1463 952 1527 Abraham
977 1463 1105 1543 eiusque,
1122 1462 1232 1526 lamilia

103 1538 269 1618 specialiter
288 1559 458 1618 percussum
475 1536 578 1596 luerat.
616 1539 690 1598 Nam
712 1538 783 1597 aliae
802 1540 1027 1619 promissiones,
1053 1559 1128 1618 quae
1147 1540 1232 1600 Adae

105 1629 136 1673 et
147 1617 231 1675 Noae
252 1626 283 1672 et
301 1613 361 1674 aliis
382 1614 463 1673 datae
484 1614 608 1689 lucrant,
628 1615 794 1694 promiscue
815 1615 850 1684 ad
870 1635 970 1684 omnes
991 1628 1094 1706 gentes
1113 1627 1230 1697 specta-

104 1689 185 1751 bant.
227 1681 385 1750 Caeterum
404 1689 571 1762 ntmnltos,
590 1691 720 1760 carnales
739 1691 875 1758 Abrahae
901 1692 977 1753 filios
997 1711 1047 1754 sua
1071 1681 1232 1760 increduli·
1338 1738 1351 1757 t

105 1779 150 1828 tas
170 1765 307 1843 abscidit,
340 1779 371 1828 et
391 1767 456 1845 quia
482 1767 641 1848 degeneres
668 1768 803 1842 luerunt,
833 1788 952 1848 prorsus
982 1768 1099 1828 alienati
1128 1782 1234 1830 sunta
1276 1808 1278 1822 ·

559 1845 588 1903 ui
608 1845 735 1907 extranei
757 1865 884 1919 eramus,
903 1845 960 1904 fide
979 1845 1059 1904 insiti
1079 1865 1248 1926 censemur¹

107 1844 197 1903 domo
217 1843 369 1918 Abrahae,
388 1845 428 1904 ita
449 1864 517 1919 nos,
528 1859 555 1978 p

105 1941 207 1982 verum
227 1920 361 1981 Abrahae
381 1941 503 1982 semera
558 1942 693 1982 eneamus
713 1941 805 2003 ergo,
834 1923 874 1982 sic
899 1921 1054 2002 loquutnm
1079 1941 1140 1982 esse
1165 1922 1233 1982 olim

107 1998 194 2056 deum
206 1997 350 2073 Patribus,
371 2009 403 2056 nt
423 1997 457 2057 ad
477 2012 612 2076 posteros
627 2019 745 2079 quoque
757 1999 913 2079 ¹pertineat
933 1997 1031 2060 oblata
1051 1997 1107 2060 illis
1124 1999 1232 2092 gratia:

108 2073 214 2144 deinde
233 2074 289 2133 fide
307 2075 440 2156 gentium
460 2076 590 2134 omnium
609 2075 714 2136 laetam
736 2095 797 2135 esse
818 2076 1026 2156 adoptionem,
1045 2087 1080 2136 ut
1097 2077 1234 2157 spiritum

107 2149 150 2211 les
169 2151 227 2210 sint
245 2149 381 2214 Abrabae
400 2150 465 2227 filii,
486 2151 535 2230 qui
554 2162 657 2214 natura
677 2172 739 2212 non
760 2163 851 2214 erant
1095 2175 1097 2180 ·

153 2339 231 2419 (11.)
273 2336 374 2404 LUC.
396 2341 420 2402 1.
461 2339 511 2402 56.
525 2336 652 2404 ‘Mansit
678 2340 911 2406 atrtemMaria
934 2337 1082 2406 cumilla
1106 2330 1244 2433 circiter!¹

108 2437 275 2504 mensibus
300 2437 420 2522 tribue,
457 2448 488 2502 et
512 2459 641 2504 reversa
671 2450 719 2505 est
746 2444 781 2504 in
807 2433 936 2504 domum
963 2461 1059 2502 suam.
1101 2439 1151 2502 57.
1171 2441 1238 2524 Ipsi

4 2543 5 2560 ¹
112 2549 219 2604 autem
240 2537 408 2628 Elisabeth
435 2536 601 2621 impletum
627 2549 674 2623 est
698 2531 822 2623 [empus
849 2537 1012 2628 pariendi,
1046 2546 1079 2601 et
1108 2542 1239 2624 peperit

108 2640 224 2706 filium.
265 2640 316 2704 58.
335 2640 378 2703 Et
400 2637 571 2702 audierunt
589 2638 687 2702 vicini
708 2649 740 2703 et
761 2637 985 2723 coguati'eius,
1008 2637 1096 2724 quod
1118 2641 1239 2726 magni-

109 2743 179 2840 fice
195 2742 356 2832 Dominus
376 2761 433 2805 sua
455 2738 676 2805 misericordia
698 2763 774 2806 usus
797 2751 880 2806 esset
902 2761 976 2824 erga
996 2737 1094 2820 illam,
1116 2750 1148 2805 et
1169 2762 1240 2825 gra-

110 2842 297 2910 tulabantur
317 2845 356 2906 ei.
397 2842 446 2906 59.
473 2840 515 2905 Et
537 2840 654 2904 lactum
677 2845 777 2906 estin
799 2840 852 2905 die
872 2849 1005 2916 octavo,
1034 2851 1069 2904 ut
1089 2844 1240 2906 venerint

112 2945 155 3009 ad
178 2943 468 3024 circumcidendum
484 2963 630 3032 puerum,
648 2952 691 3006 'et'
706 2941 867 3040 vocabapt
890 2964 962 3006 eum
984 2945 1117 3008 nomine
1138 2945 1240 3027 patris
1301 3009 1306 3022 ¹

111 3047 164 3112 sui
182 3030 377 3118 Zachariam.
420 3046 470 3108 611.
496 3043 538 3106 Et
559 3033 762 3128 respondens
783 3045 884 3108 mater
906 3047 974 3107 eius
997 3037 1242 3134 dixits'Nequa-

17 3196 20 3202 .
111 3132 222 3231 quam,
252 3143 311 3210 sed
336 3144 504 3212 vocabitur
530 3135 679 3224 Ioannes.
733 3145 782 3208 61.
814 3145 857 3214 Et
887 3144 1034 3209 dixerunt
1066 3139 1109 3210 ad
1140 3142 1240 3221 illam,

111 3246 219 3311 Nemo
242 3256 289 3310 est
308 3249 342 3309 in
355 3248 547 3332 cognatione
570 3255 631 3324 tua,
652 3247 856 3330 quivocetur'
875 3244 938 3308 huc
959 3237 1101 3316 nomine.
1125 3246 1175 3308 62.
1190 3246 1242 3308 16-

112 3343 259 3412 nuebant
286 3357 389 3410 autem
424 3349 621 3432 patricius,
657 3350 712 3431 qui
733 3343 833 3409 vellet
862 3349 974 3420 vocari
1004 3369 1084 3410 eum.
1121 3332 1177 3440 631
1198 3347 1241 3436 Et

4 3449 5 3478 l
113 3445 283 3533 postulatis
308 3445 438 3514 tabellis
466 3439 607 3532 scripsit,
633 3437 757 3524 dicens,
788 3447 927 3514 Ioannes
948 3455 996 3520 cst
1016 3469 1135 3517 nomen
1159 3451 1242 3512 eius:

114 3549 163 3612 et'
180 3551 284 3611 mirati
316 3559 390 3612 sunt
416 3551 567 3612 universi.
619 3547 668 3610 64.
697 3546 852 3630 Apertum
881 3558 929 3610 est
957 3558 1065 3612 autem*
1096 3559 1156 3626 o'sv
1172 3547 1259 3611 eius'

113 3647 205 3714 illico
229 3658 261 3712 et
281 3647 390 3734 lingna
406 3652 483 3726 eius,
505 3657 537 3711 et
558 3646 753 3733 loquebatur
774 3645 973 3712 benedicens
985 3643 1109 3722 Derim„
1130 3646 1181 3722 65.
1201 3647 1243 3710 Et
1270 3721 1273 3726 ,

116 3749 234 3814 accidit
257 3753 353 3842 timor
373 3772 470 3835 super
484 3771 595 3814 omnes
609 3751 733 3812 vicinos
757 3767 878 3825 eorum,
902 3759 932 3813 et
954 3751 988 3812 in
1010 3737 1078 3824 tota¹
1092 3736 1244 3812 montana

114 3854 250 3936 regione
278 3851 417 3915 Iudaeae
446 3848 692 3934 divulgabantur
708 3851 836 3912 ,anania
859 3847 959 3912 verba
987 3849 1075 3911 baeo.
1112 3844 1181 3906 -66,
1202 3843 1244 3907 Et

8 3979 13 3988 ·
47 3983 51 3992 ·
114 3961 295 4040 posuerunt
328 3957 453 4028 omnes,
484 3949 754 4036 qui‘audierant,
790 3950 823 4010 in
857 3949 955 4032 corde
987 3967 1063 4030 suo,
1091 3945 1244 4028 dicentes,

28 4065 34 4073 '
117 4052 282 4138 Quidnam
305 4032 387 4133 (vel,
409 4051 582 4136 Quisnam)
604 4070 685 4135 puer
711 4049 764 4114 bic
789 4049 868 4114 erit?
891 4049 951 4128 ‚jJtt
978 4066 1089 4110 manus
1111 4038 1244 4110 Domini

563 4143 573 4174 ι
633 4159 635 4164 .

117 4166 186 4219 crat
209 4176 280 4218 cnm
301 4157 382 4238 ipso.

196 4301 316 4364 Summa
340 4300 424 4363 huius
445 4295 582 4364 historiae
604 4305 664 4373 est,
687 4293 838 4378 insignem
858 4291 1085 4356 fuissedonnnh
1112 4293 1244 4358 nativita'a

119 4390 179 4441 tem
199 4377 351 4438 variisllei
369 4376 527 4453 miraculis,
536 4372 907 4456 :quaatmagnumuhquiu
927 4383 957 4433 et
976 4371 1122 4454 singulare
1143 4373 1179 4434 de
1199 4369 1246 4430 in·

146 4481 240 4526 calvini
252 4493 335 4524 worm.
350 4478 374 4521 in
388 4477 467 4526 ttarm.
481 4477 524 4524 Er.
536 4478 588 4525 Vol.
604 4476 624 4523 Ι.
