2816 4746
538 203 804 284 anrcnntxn.
1193 215 1234 276 ss

105 352 174 414 lauti
192 351 345 426 deessent,
364 351 422 412 boc
441 359 538 410 antem
557 349 659 411 missos
678 349 744 412 illos
764 351 952 432 praestitisse,
971 369 1034 412 uon
1054 362 1087 412 ot
1106 367 1232 437 regnum

105 429 267 503 turbarent,
285 427 338 488 sed
356 440 389 488 ut
399 427 589 508 Evangelinrn
609 426 687 506 pacis
708 427 866 488 docerent:
885 428 989 508 quodsi
1009 428 1078 509 quid
1097 443 1229 512 praetere

105 527 138 566 ea
157 506 263 566 fecisse
281 514 488 584 arguerentur,
508 522 571 564 sese
590 515 708 584 paratos
728 523 790 564 esse
811 524 910 564 coram
933 506 997 586 ipso
1022 525 1093 589 rege
1112 529 1228 569 accusa-

104 581 220 643 toribds
251 581 438 661 respondere.
486 579 590 660 Neqre
622 579 673 640 lon
696 581 739 640 lus
769 580 825 640 ista
851 595 1065 660 processerunt.
1099 585 1228 646 ,Eodem

104 679 183 720 auno
206 654 339 719 Calvinus
360 668 390 716 et
410 676 466 739 ego
486 656 655 718 Tilemanni
709 656 815 717 esbusii
838 654 1077 748 importunissimi
1100 660 1228 724 hominis

35 769 36 774 κ
104 735 183 795 libro
213 754 259 811 res
281 734 423 794 cudimus.
469 729 607 794 Calvinus
634 732 741 792 deinde
766 731 917 794 Valentini
942 729 1070 796 Gentilis
1092 736 1229 818 blaspbe-

104 812 175 871 mias
194 755 326 892 Lugduni
345 822 408 871 tum
428 809 562 870 adversus
580 809 731 870 Athanasii
757 833 769 870 s
791 807 924 870 mbolum
949 829 1063 871 excusas
1081 813 1227 876 refutavit·

105 888 204 946 Edidit
233 907 350 968 quoque
379 907 442 947 suas
465 886 497 946 in
520 886 676 946 Danielem
704 830 918 966 praelectiones
944 883 1068 946 Gallicis
1099 891 1228 953 ecclesiis

107 963 268 1047 inscriptas,
293 985 326 1023 ac
346 962 378 1022 in
397 962 457 1022 illis
478 960 594 1042 quidem
613 962 780 1044 Propbetae'
799 963 1008 1042 interpretem,
1028 961 1060 1021 in
1079 963 1138 1044 ipsa
1156 987 1245 1042 vero·

103 1040 290 1120 inscriptione
302 1038 482 1120 Prophetam
502 1040 577 1100 visus
597 1051 641 1100 est
660 1040 762 1122 egisse,
781 1039 967 1100 imminentes
987 1037 1077 1121 louge
1116 1044 1228 1104 rarissi-

101 1137 159 1177 mas
178 1128 367 1197 tempestates
387 1115 574 1196 praedicens,
599 1137 658 1196 quo
678 1127 814 1196 tempore
838 1127 941 1176 coacto
958 1114 1079 1177 Pissiaci
1095 1059 1228 1212 lPos‘asy]

100 1192 316 1274 Episcoporum
341 1203 506 1266 conventu,
529 1191 645 1272 ipsique
668 1193 732 1276 regi
754 1191 864 1253 Carolo
891 1195 921 1252 iu
947 1191 1124 1272 amplissimo
1144 1214 1230 1275 regns

102 1290 236 1330 consessu
249 1291 274 1330 a
298 1289 346 1329 me
372 1269 499 1328 exhibita
524 1268 706 1349 probataque
734 1267 909 1352 Gallicarum
933 1269 1121 1330 ecclesiarum
1144 1271 1230 1336 Con·
1270 1305 1278 1316 ·

100 1345 234 1420 sessione,
254 1345 333 1426 pleri
354 1366 392 1405 ue
408 1344 465 1407 sibi
483 1345 608 1425 Papatus
628 1345 864 1427 profligationem
885 1344 965 1425 quasi
985 1346 1143 1408 instantem
1162 1347 1231 1428 pol-

101 1419 272 1485 licebantur.
323 1367 403 1482 'llum
436 1438 555 1502 quoque
585 1422 664 1482 inter
697 1433 827 1482 caeteros
857 1422 881 1480 F
883 1423 1027 1498 rauciacus
1057 1423 1230 1500 baldoinus,

100 1497 257 1560 Erebolius
278 1509 382 1579 postea
401 1495 525 1592 pr'opter
542 1497 717 1580 religionem
735 1509 783 1558 ter
800 1499 951 1562 minimum
975 1499 1136 1562 autetiam
1157 1523 1231 1581 qua·

100 1587 145 1634 ter
161 1587 307 1636 mutatam
326 1586 562 1656 cognominatus,
581 1595 598 1635 a
618 1573 767 1662 Cardiuali
785 1574 970 1656 Lotharingo
987 1574 1179 1652 subornatus,
1198 1591 1230 1640 et

99 1651 268 1729 Navarreno
289 1649 425 1730 paulatim
444 1653 499 1714 iam
519 1663 619 1711 tuma
645 1661 725 1711 recta
750 1650 794 1712 via
808 1671 872 1732 per
895 1664 992 1713 certos
1017 1651 1150 1716 homines
1173 1655 1230 1714 ab·

102 1728 197 1805 ducto,
215 1719 304 1790 malis
322 1727 432 1790 artibus
452 1728 622 1790 conciliatus
642 1726 772 1788 libellum
797 1727 957 1808 quendam,
982 1727 1042 1790 site
1061 1749 1078 1791 a
1096 1749 1143 1805 se,
1167 1732 1230 1794 sive

34 1827 35 1852 t
101 1806 195 1884 potius
215 1827 233 1866 a
255 1805 419 1867 Cassandro
440 1805 567 1886 quodam
588 1804 714 1881 editum,
738 1805 787 1884 qui
812 1823 875 1866 sese
895 1803 975 1884 pium
993 1815 1024 1865 et
1042 1807 1226 1870 moderatum

99 1883 190 1944 virum
209 1882 410 1974 nuncupabat,
428 1883 460 1942 in
479 1881 544 1942 aula
562 1880 740 1956 venditabat,
759 1880 964 1942 interimistico
981 1880 1032 1942 illo
1050 1881 1180 1944 Caesaris
1191 1886 1227 1946 V.

101 1959 195 2020 edicto
221 1979 259 2020 eo
286 1970 370 2020 etiarn
396 1957 590 2034 deteriorem,
615 1959 695 2038 quod
722 1959 891 2021 moderatae
916 1957 1066 2019 cuiusdam
1084 1961 1229 2022 instaura-

99 2035 187 2096 tionis
217 2035 315 2116 speoie
347 2056 448 2096 omnes
471 2055 566 2116 paene
591 2037 719 2116 Papatus
744 2034 924 2115 corruptelas
951 2047 1094 2096 tueretur.
1132 2037 1232 2100 Huius.

99 2111 141 2171 rei
161 2132 247 2175 atme
267 2111 517 2172 commonefactus
538 2111 675 2172 Calvinus
701 2111 908 2176 refutationem
933 2110 1026 2173 libelli
1050 2111 1158 2189 edidit,
1181 2117 1231 2178 cui

99 2209 165 2249 mox
184 2189 240 2248 alia
259 2201 327 2248 sunt
346 2188 493 2261 adiuncta,
514 2207 587 2267 quae
602 2186 739 2248 Balduiui
757 2188 907 2270 ingenium
928 2201 959 2248 et
976 2187 1142 2250 institutum
1163 2181 1230 2270 qdi-

98 2261 194 2327 busvis
213 2265 441 2344 patefacerem
462 2265 530 2324 Hoc
548 2284 619 2324 vero
640 2279 827 2344 concoquere
846 2285 909 2324 non
928 2265 1027 2345 potuit
1044 2265 1158 2337 rabula,
1176 2287 1230 2326 ne-

99 2361 155 2422 que
180 2341 274 2420 magis
293 2341 417 2401 alterum
436 2361 534 2399 meum
558 2359 745 2432 responsum:
771 2360 827 2400 nec
850 2339 887 2400 ab
915 2361 951 2400 eo
976 2352 1111 2418 tempore
1131 2340 1231 2402 Calvi·

97 2439 170 2477 num
196 2427 229 2473 et
250 2435 309 2474 me
322 2416 496 2474 meretriciis
528 2415 668 2474 conviciis
697 2417 840 2492 impetere
877 2415 1001 2484 destitit,
1036 2415 1132 2474 donec
1161 2416 1233 2479 Deos

96 2490 330 2570 hominibusque
349 2489 515 2550 alterutrius
533 2489 703 2570 religionis,
723 2509 797 2568 quos
824 2489 914 2550 toties
938 2488 1099 2564 fefellerat,
1123 2490 1232 2554 inuisus

96 2568 239 2630 Lutetiae
258 2566 339 2626 litem
359 2565 460 2624 nescio
502 2585 567 2624 uam
587 2583 776 2645 persequens,
794 2564 854 2625 sive
866 2564 960 2625 livore
970 2565 1135 2641 tabescens,
1150 2571 1229 2646 quod

98 2645 185 2706 alium
203 2643 261 2704 sibi
276 2642 439 2724 praelatum
451 2585 582 2719 videret,
593 2641 644 2733 qui
653 2642 814 2702 Henricum
826 2641 883 2702 ΙΙΙ.
900 2642 930 2705 in
941 2641 1086 2704 Polouiae
1106 2663 1230 2728 regnum

100 2721 339 2803 proficiscentem
359 2718 564 2795 comitaretur,
583 2737 681 2781 vivere
699 2717 783 2780 simul
802 2719 1030 2783 remaledicere
1050 2720 1151 2782 desiit.¹
1189 2753 1193 2762 ⁴

34 2935 35 2938 ,
172 2873 264 2936 Anno
277 2869 354 2935 'vero
374 2871 469 2934 LXII.
489 2894 550 2934 non
571 2871 662 2934 modo
682 2891 763 2951 paee,
782 2873 833 2934 scd
854 2873 941 2934 etiam
958 2871 1094 2935 libertate
1107 2873 1230 2938 Gallicis

101 2950 231 3012 ecclesiis
249 2948 376 3012 sollenni
398 2951 482 3032 regio
508 2950 606 3010 edicto
626 2951 713 3010 certis
736 2948 957 3012 conditionibus
982 2971 1136 3027 concessa,
1161 2973 1229 3012 mox

100 3039 198 3088 autem
217 3027 388 3088 Navarreuo
408 3026 567 3107 pontificiis
620 3025 697 3086 tibus
715 3026 889 3105 subornato,
908 3047 999 3120 quum
1011 3027 1132 3090 Guisius
1152 3027 1229 3089 edita

99 3102 469 3165 illaimmaniVassiacena
490 3101 575 3180 [dam
629 3105 706 3182 assy]
719 3115 823 3185 ssstrage
844 3102 994 3166 classicum
1014 3105 1177 3179 cecinisset,
1197 3115 1228 3171 st

99 3179 209 3241 bellum
228 3179 302 3240 illud
322 3180 406 3240 civile
425 3179 468 3240 bis
487 3180 621 3261 auspiciis
641 3179 803 3260 coepisset,
823 3200 883 3260 quo
903 3174 983 3240 nu‘uc
1002 3191 1082 3240 totos
1101 3179 1161 3240 XII
1176 3203 1229 3242 ans

34 3301 35 3306 η
100 3276 161 3318 nos
173 3256 278 3318 misera
299 3255 394 3316 Gallia
412 3255 564 3338 deflagrat,
582 3267 657 3335 quot
675 3267 860 3335 quantaeque
880 3275 966 3322 curae
980 3255 1134 3318 Calvinum
1154 3278 1227 3328 con-

100 3334 225 3402 fecerint
243 3332 301 3392 dici
327 3353 389 3392 non
408 3344 521 3413 potest:
545 3333 586 3392 sic
614 3332 702 3391 etiam
726 3332 994 3414 ingravescentibus
1019 3331 1081 3393 eius
1105 3333 1229 3410 morbis,

101 3411 208 3470 utiam
227 3421 290 3470 tum
309 3408 393 3468 illum
413 3409 541 3468 divinare
566 3407 674 3467 liceret
692 3407 899 3470 admeliorem
918 3409 1005 3469 vitam
1027 3409 1116 3469 citato
1137 3411 1228 3492 gradu
1305 3423 1312 3438 ‘

102 3486 248 3570 progredi.
287 3487 357 3557 Nec.
369 3497 467 3546 tamen
487 3484 634 3546 consolari
654 3494 684 3544 et
703 3484 815 3546 hortari
834 3505 1012 3565 utrumquem
1035 3505 1088 3560 ue,
1106 3485 1167 3547 imo
1189 3505 1227 3546 ne

103 3562 271 3624 concionari
289 3561 417 3642 quidem,
438 3572 469 3620 ct
486 3561 589 3622 theolo
612 3559 666 3620 iam
686 3560 717 3619 in
737 3560 837 3621 scbola
856 3561 988 3640 profiteri
1008 3506 1133 3626 destitit:
1154 3561 1227 3622 emi-

103 3639 193 3718 sitque
214 3659 250 3699 eo
271 3659 349 3700 anuo
370 3636 572 3719 pulcerrimam
591 3580 676 3696 licei
697 3636 922 3700 confessionem
942 3638 979 3698 ad
997 3650 1087 3700 status
1106 3637 1228 3719 Imperii
1264 3646 1269 3660 “

104 3714 289 3776 francofurti
309 3725 380 3778 tunc
401 3726 596 3798 congregatos
616 3713 737 3775 nomine
757 3714 901 3794 Principis
918 3712 1227 3792 Condensisfb'oudel

106 3802 133 3848 et
149 3792 265 3882 piorum
284 3793 431 3867 omnium,
455 3813 529 3872 quos
549 3800 667 3871 praeter
686 3788 756 3862 belli
779 3788 849 3870 ipsis
873 3791 1058 3861 iniustissime
1081 3790 1155 3852 illati
1179 3789 1227 3846 in·
1253 3799 1256 3806 ’

105 3865 202 3928 lunam
220 3867 419 3950 indignissime
439 3887 558 3949 quoque
579 3865 655 3946 apud
668 3865 835 3926 Germanos
850 3869 930 3946 quasi
947 3867 1086 3929 falsorum
1107 3867 1227 3946 dogma-

105 3952 162 4002 tum
180 3956 314 4006 auctores
334 3945 466 4007 audierat
483 3943 651 4003 insimulari.
685 3944 790 4022 Neque
808 3942 856 4003 bic
876 3944 989 4026 pigebit
1007 3942 1145 4023 quiddam
1164 3942 1227 3999 ani·
1251 3985 1253 3990 .

104 4022 298 4082 madversioue
327 4043 389 4084 non
417 4020 571 4102 indignum
600 4033 853 4081 commemorare.e
889 4020 1009 4082 lacebat
1038 4038 1078 4078 ea,
1096 4016 1227 4099 podagra

106 4093 236 4158 Calvinus
257 4098 287 4157 in
306 4097 384 4160 lecto
403 4097 482 4158 XIX.
502 4096 589 4171 Dec„
608 4096 658 4176 qui
677 4096 738 4164 dies
758 4108 821 4156 erat
840 4095 977 4168 Sabbati,
998 4106 1028 4154 et
1039 4093 1148 4158 Boreas
1168 4094 1227 4156 iam

104 4180 194 4232 totum
214 4174 337 4235 biduum
355 4174 444 4236 flabat
462 4193 548 4253 quam
572 4171 833 4234 vehementissime.
872 4173 949 4233 Tum
972 4167 1110 4232 Calvinus
1128 4169 1227 4234 multis

43 4273 47 4283 Α
107 4249 304 4326 audientibus,
320 4250 487 4332 „Equidem
494 4293 504 4328 ,
528 4251 564 4310 iu
570 4250 666 4330 quit,
685 4249 785 4308 nescio
807 4247 877 4328 quid
896 4247 953 4308 boc
973 4246 1016 4304 rei
1035 4245 1088 4321 sit,
1106 4249 1227 4311 videbar

106 4325 197 4400 „miti
225 4327 394 4390 bac'uoete
418 4327 517 4390 audire
541 4339 678 4408 tympana
703 4323 810 4386 bellica
832 4319 925 4459 quinq
945 4323 1100 4386 fortissime
1123 4344 1227 4406 perso-
