2786 4742
187 219 374 296 (tut—tot.
393 213 618 276 Pharisaeorum
636 213 791 278 calumnia.
830 212 941 284 (lbi-isti
959 211 1139 295 responsio.)
1174 217 1237 284 M

99 357 214 439 probro
231 358 352 445 allicere
362 356 507 438 Spiritum
527 356 597 432 Dei,
618 357 670 495 pari
682 333 832 420 destinata
851 316 958 422 malitie
978 356 1040 422 eiua
1058 355 1181 442 gratiam
1200 370 1233 420 et

99 435 238 497 virtutem
259 445 449 517 oppugnant,
478 453 576 515 neque
606 434 616 494 i
660 435 768 508 modo,
799 433 850 496 sed
880 433 939 496 tale
963 434 1147 520 sacrilegium
1168 455 1231 496 non

99 511 263 586 committi,
288 512 342 572 nisi
362 511 431 586 dum
451 509 631 576 habitantem
655 511 690 583 in¹
706 511 793 574 nobis
813 511 956 591 Spiritum
971 512 1102 590 ¹scientes
1121 513 1230 580 exstin-

99 607 192 670 guere
212 609 363 649 conamur.
400 587 501 669 Atque
526 587 596 649 baec
616 587 694 650 ratio
714 600 772 662 est,
797 610 850 650 cur
869 588 996 668 Spiritus
1016 589 1128 668 probro
1152 589 1230 667 ellici

97 663 197 744 potius
218 665 332 728 dicatur
351 685 436 744 quam
462 663 507 726 ve'l
527 663 618 728 Filius
642 664 689 725 vel
708 665 797 734 Pater
819 664 991 746 ipse:,quin
1016 665 1153 736 videlicet
1170 666 1229 727 Dei
1348 683 1352 696 ¹

97 741 210 822 gratiae
241 753 271 802 et
299 741 399 804 virtuti
430 739 612 803 detrahendo
632 741 776 821 Spiritum
806 754 890 815 recta¹
903 741 1101 822 impetimus,
1132 763 1149 802 a
1189 764 1228 804 uo

120 817 248 877 rodeunt
267 831 299 880 et
316 819 349 879 in
368 837 428 898 quo
449 817 534 900 nobis
553 829 704 911 apparent.
748 818 907 883 Maledicet
926 818 1069 901 quispiam
1089 765 1228 882 incredu-

95 839 142 954 lus
160 894 248 956 Deo?
267 915 374 975 nempe
392 893 451 956 acsi
470 894 500 954 in
520 903 662 976 parietem
681 915 788 957 coecus
807 895 992 978 impingeret.
1030 893 1066 957 ln
1087 895 1228 974 Spiritum

95 989 168 1033 vero
189 992 251 1031 non
269 971 433 1045 maledicit,
459 969 587 1051 nisi-qui
611 973 647 1035 ab
669 991 705 1032 eo
732 972 911 1034 illuminatus
930 971 1042 1066 impiae
1056 971 1228 1052 rebellionis

93 1046 154 1108 sibi
172 1049 308 1110 conscius
328 1059 386 1108 est:
418 1066 516 1126 neque
541 1048 619 1118 enim
643 1050 792 1129 superflua
807 1060 856 1111 est
874 1048 929 1110 ista
948 1049 1116 1120 dtsbt'ncliO,
1145 1049 1228 1127 quod

92 1120 159 1196 aliis
178 1124 316 1186 omnibus
336 1123 522 1215 blasphemiis
545 1125 631 1185 venia
662 1127 794 1202 dabitur,
826 1137 1032 1206 praeterquam
1062 1124 1132 1185 lauic
1163 1125 1226 1201 unt,

89 1219 172 1278 quae
196 1201 331 1274 adversus
355 1201 378 1261 S
403 1201 505 1266 iritum
525 1200 659 1263 ellerter.
710 1203 756 1281 Si¹
773 1202 838 1283 quis
854 1202 900 1262 -in
926 1202 1023 1273 Deum
1037 1259 1039 1268 Α
1053 1200 1228 1292 simpliciter

2 1283 6 1289 '
92 1273 349 1366 blasphemaverit,
366 1222 408 1338 illi
428 1299 489 1340 non
510 1289 634 1370 negatur
651 1297 717 1359 spes
732 1280 851 1342 reniae:
868 1277 1092 1343 ¹curatumelinsis
1111 1299 1141 1338 un
1155 1276 1226 1366 Spi7

92 1363 183 1417 ritum
203 1351 285 1414 lleus
305 1375 453 1448 nunquam
478 1355 624 1438 propitius
648 1355 716 1417 inre
735 1355 849 1416 dieitur.
899 1355 962 1418 Cur
982 1354 1056 1429 boc,
1085 1352 1140 1414 nisi
1155 1355 1227 1432 quia
1325 1404 1327 1418 .

4 1442 10 1457 ‘
93 1427 125 1489 bi
144 1427 263 1490 demum
283 1429 315 1491 in
327 1431 470 1511 Spiritum
489 1430 653 1512 blasphemi
672 1443 750 1507 sunt,
770 1431 821 1510 qui
842 1443 948 1498 eontra
965 1429 1118 1511 proprium
1135 1429 1226 1493 animi

92 1505 140 1565 rui
158 1525 275 1568 sensum
295 1507 356 1568 eius
376 1506 461 1568 donis
478 1505 830 1570 'etvirtuti-cbtreetsnt?
849 1507 962 1568 Eodem
974 1527 1093 1587 quoque
1112 1517 1227 1586 spectat

92 1580 182 1657 ratio,
224 1603 278 1643 uae
298 1584 375 1664 apud
395 1585 528 1648 Marcum
542 1584 690 1659 babetur,
709 1584 874 1648 Pharisaeir
894 1584 933 1644 ita
953 1584 1065 1646 duriter
1083 1583 1225 1656 minatum
1286 1651 1289 1659 ,

92 1677 157 1721 esse
214 1660 349 1736 ristun,
377 1661 446 1741 quia
470 1661 618 1735 dixerant,
648 1661 755 1742 spiritu
785 1660 938 1720 immundo
996 1660 1126 1732 reditum
1152 1677 1226 1733 esse,

115 1734 163 1794 uia
182 1734 242 1798 boc
260 1738 352 1800 modo
364 1737 468 1830 ,lucem
492 1737 523 1799 in
548 1737 687 1808 tenebras
708 1736 844 1802 consulto
865 1748 903 1798 et.
915 1758 959 1796 rna
973 1735 1224 1827 igne'uertebunt.

54 1811 1225 1980 x..rnnt.nertstert2⁰,ntinsiste.tntis‚tnstt-stt·

89 1979 260 2100 lquorsum
278 1981 382 2101 qpntra
401 1967 500 2058 Deum
519 1967 756 2102 ιιιόὲςὴ-ριείειῑοι
782 1978 813 2030 et
831 1966 967 2105 tuluppe
990 1987 1055 2102 uoq
1071 1965 1224 2106 ἀιιῑιιιοὲιξ

92 2055 601 2208 .tt‘ttt.”},.ttt.‘tt.ttt‘²..¹
615 2054 1224 2196 ,3..ttttltt‘ttn...Sttfftt’tt...

46 2215 49 2224 ¹
90 2192 203 2252 malitia
223 2203 254 2250 et
271 2191 432 2252 virulentus
453 2192 537 2252 l'uror
556 2203 716 2272 exsuperat.
758 2194 822 2252 Nec
845 2215 917 2255 vero
942 2191 994 2252 abs
1021 2212 1053 2252 re
1080 2193 1224 2272 estquod

89 2267 292 2342 Paulus.dicit
309 2269 348 2347 (l.
369 2266 446 2327 Tim.
466 2274 499 2342 1,
518 2268 597 2346 13),
622 2288 714 2356 quum
734 2266 919 2346 blasphemus
940 2279 1033 2360 eqset,
1055 2269 1172 2342 ueniam
1191 2289 1223 2330 se
1311 2271 1316 2277 '

91 2345 182 2407 fuisse
202 2349 433 2425 consequamur,
478 2343 525 2404 uia
545 2344 685 2430 ignoraus
704 2365 734 2404 ιιι
754 2365 805 2404 sua
824 2334 1028 2406 incredulitate
1047 2343 1077 2404 id
1098 2343 1222 2420 lecerat:

90 2443 177 2483 suum
197 2422 275 2482 euim
295 2429 447 2502 peccatum
493 2441 526 2482 ae
549 2429 624 2482 voce
644 2441 660 2480 a
679 2420 846 2482 voluntiria
871 2415 1054 2483 contumacia
1073 2416 1221 2480 discernit.
1300 2431 1317 2490 f

90 2498 188 2559 stmt
212 2509 310 2558 autem
336 2498 394 2558 hoe
423 2497 492 2559 loco
523 2497 670 2559 refellitur
688 2516 792 2559 eorum
823 2516 928 2571 error,
953 2501 1004 2578 qai
1026 2495 1223 2558 voluntarium

91 2574 217 2655 quodvis
242 2586 411 2655 peccatam,
444 2587 475 2636 et
497 2576 577 2656 quod
609 2585 795 2668 repugnante
817 2577 996 2648 conscientia
1019 2572 1224 2648 committitur,

91 2651 293 2714 irremissibile
313 2671 376 2714 esse
394 2651 520 2735 fingunt.
557 2653 650 2732 Atqui
668 2651 775 2714 Paulus
795 2651 902 2713 diserte
922 2663 1073 2734 peccatum
1092 2648 1166 2715 illud
1186 2649 1223 2712 ad

91 2727 1223 2878 ttt'ttd‘tt.*tltlt‘ttttdnttt.¹¹¹³.t¹¹t.t¹.tt.lttt¹'tttt

115 2900 229 2966 ugnere
255 2903 322 2948 cum
342 2826 401 2946 bei
424 2827 528 2966 plurib.
575 2884 620 2944 Er
648 2883 694 2945 lris
725 2848 822 2944 autin
847 2883 985 2946 omuibus
1003 2882 1144 2965 colligere
1162 2883 1221 2944 ism

90 2903 179 3037 dcet,
207 2960 240 3022 in
261 2959 403 3052 Spiritum
429 2972 560 3032 sanctum
581 2979 703 3041 peccare
722 2972 754 3020 et
778 2959 964 3040 blasphemos
985 2978 1062 3032 esse,
1093 2958 1223 3037 quilici

90 3036 215 3098 virtutes
234 3036 291 3097 sibr
310 3057 364 3116 per
384 3035 526 3130 Spiritum
545 3037 713 3120 patefactas,
732 3037 762 3098 in
783 3037 889 3121 quibus
909 3035 1053 3097 celebrari
1074 3036 1135 3096 cius
1153 3035 1222 3118 glo-

91 3115 167 3175 riam
187 3112 322 3186 decebat,
340 3112 372 3174 in
393 3134 454 3174 erus
474 3114 600 3176 dedecus
617 3113 965 3188 malitiosemnversuns,
985 3125 1016 3174 et
1035 3134 1101 3174 enm
1114 3113 1222 3173 Satarm

93 3190 169 3251 duce
188 3212 242 3253 reo
260 3187 390 3270 ,prolessi
408 3202 477 3252 suut
496 3190 609 3274 gloriae
621 3191 679 3252 uei
698 3191 805 3252 bustes.
836 3193 938 3268 Quare
956 3192 1062 3254 minum
1083 3201 1221 3262 nou-est,

93 3268 119 3330 si
137 3265 189 3327 tali
208 3266 363 3348 sacrilegio
383 3287 464 3348 spem
483 3267 586 3330 veniae
605 3268 754 3347 praedicat
774 3269 922 3331 Christus:
947 3266 1115 3349 deploratus
1143 3267 1221 3327 enirn

94 3363 157 3404 erse
167 3355 299 3423 oportet,
319 3345 370 3436 qui
388 3345 505 3407 unicam
524 3344 621 3406 salutis
641 3345 814 3406 medicinam
834 3347 864 3407 in
885 3345 972 3406 letale
983 3365 1129 3407 misenum
1149 3364 1222 3406 con·

93 3432 223 3484 vertunt.
260 3421 370 3482 Durius
388 3421 446 3482 boe
466 3421 778 3501 quibusdamvidetur,
797 3423 927 3503 ideoque
944 3421 980 3484 ad
1001 3421 1114 3504 puerile
1133 3419 1223 3482 cauil-

94 3498 157 3560 lum
181 3495 374 3578 confugiunt,
403 3498 605 3565 irremissibile
622 3498 736 3573 vomui,
759 3503 899 3580 quonism
918 3501 981 3560 eim
1000 3500 1084 3560 venia
1101 3519 1165 3558 rara
1180 3495 1223 3557 ‘rit

95 3586 127 3635 et
145 3572 182 3634 ad
201 3575 417 3655 impetrandum
437 3575 572 3638 difficilis.
614 3575 706 3656 Atqui
726 3576 887 3656 expressius
908 3577 1048 3656 loquutus
1068 3586 1112 3634 est
1132 3572 1222 3634 Glrri-

93 3652 421 3792 iilisqiiniiiffii
440 3648 1221 3792 ‘tllltt.l⁰l.⁵.t”tt'tt‘²¹t'tltdtlt‘ltt

94 3804 236 3877 remittat,
255 3807 336 3867 euius
356 3772 491 3868 atrobitas
505 3813 613 3868 omnm
632 3807 663 3868 in
683 3769 834 3888 stuporeni
849 3742 958 3888 ¹iupiire
975 3803 1080 3868 debet:
1099 3749 1155 3865 nei
1171 3805 1221 3864 ta·-

93 3882 131 3944 tir
151 3891 304 3960 reputant,
326 3901 415 3963 qnam
434 3884 562 3943 immane
577 3883 618 3946 rit
635 3881 745 3956 scelus,
764 3905 825 3944 non
844 3883 935 3946 modo
950 3903 1067 3944 sacrum
1083 3881 1144 3941 Dei
1163 3900 1222 3945 nc·

93 3979 163 4020 meu
183 3959 251 4018 data
267 3980 359 4042 opera
379 3960 547 4040 profanare,
566 3960 674 4022 sedin.
687 3960 791 4022 la'ciern
808 3959 869 4022 eius'
888 3958 1222 4040 conspuere,i‹lem·pa-

93 4035 153 4096 lam
172 4036 293 4097 relucet.
331 4035 469 4097 Eiusdem
489 4037 620 4098 iussitire
639 4038 775 4116 estquod
795 4038 952 4118 excipiunt,
968 4035 1129 4096 absurdum
1147 4032 1224 4110 lore,

94 4110 120 4172 si
141 4113 381 4192 repoenitenti·
400 4113 518 4194 quidem
536 4115 651 4174 veniam
667 4114 817 4196 impetret.
857 4115 984 4176 Certum
1005 4113 1150 4173 enimest
1173 4127 1223 4170 re·

96 4185 281 4271 probaberis
299 4192 423 4274 rignum.
439 4192 471 4250 in
490 4191 639 4272 Spiritmm
654 4191 842 4274 blasphemia.
881 4189 970 4252 Unde
988 4190 1144 4276 requitur,
1156 4187 1222 4269 qni-

96 4267 505 4433 .ιι.ι..
519 4267 650 4428 nn
675 4267 1225 4429 ...ψ’

206 4387 210 4402 ι
369 4368 383 4407 b
403 4395 407 4408 ,
626 4369 679 4425 ΠΙ,
702 4369 722 4410 lb
740 4387 768 4422 ,ι
796 4369 834 4412 lll-
923 4395 935 4406 -.
