2786 4742
243 383 321 466 (so)
362 375 464 446 LUC.
484 377 524 442 X.
567 374 616 442 17.
642 376 779 444 Reverti
800 387 907 442 antem
926 367 1001 444 sunt
1020 375 1226 462 Septuaginta
1245 397 1315 441 oum
1368 359 1369 388 ¹

201 481 327 570 gaudio,
347 479 501 558 dicentes,
522 477 672 558 Domine,
694 483 789 550 etiem
811 475 1205 546 daemoniasubiiciuntnr
1222 473 1316 541 nobis

197 587 233 650 in
253 583 384 648 nomine
405 589 472 648 tuo.
515 580 566 646 18.
585 581 641 646 Ait
663 590 768 646 autem
787 579 866 660 illis,
884 577 1046 644 Videbam
1065 577 1216 644 Seianam
1235 578 1317 640 sient
1368 607 1369 636 i

197 682 306 770 fulgur
330 683 373 748 de
403 679 499 748 coelo
527 680 703 746 cadentem.
745 681 794 746 19.
814 680 916 758 Ecce,
942 678 986 744 do
1008 677 1103 745 vobis
1128 684 1318 764 potestatem

198 782 345 850 calcandi
367 803 465 869 super
485 792 651 868 serpentes
678 791 711 847 et
730 783 918 869 scorpiones
940 790 972 845 et
991 801 1088 866 super
1109 799 1235 844 omnem
1256 779 1318 842 vir-
1368 861 1369 872 ἵ

197 892 298 951 tutem
323 886 457 962 inimici,
490 895 522 952 et
552 881 634 950 nihil
654 881 748 950 vobis
774 880 915 949 nocebit.
971 881 1022 946 20.
1041 881 1263 944 Veruntamen
1283 880 1318 942 in
1368 905 1369 916 ¹

197 983 263 1050 hoc
290 982 393 1051 nolite
421 985 576 1072 gaudere,
609 982 697 1070 quod
723 985 866 1068 spiritus
880 980 974 1048 vobis
1000 978 1225 1046 subiiciuntnr:
1257 976 1317 1044 scd

198 1085 346 1174 gaudete,
366 1085 455 1175 quod
475 1085 607 1152 nomina
627 1093 732 1150 vestra
752 1081 871 1172 scripta
891 1092 966 1150 suut
985 1083 1019 1148 in
1040 1077 1147 1146 coelis.
1300 1155 1302 1161 y

198 239 259 304 m
410 225 565 291 sscrto
584 227 637 290 IX.
674 229 892 294 mensuetus
909 227 1099 324 Evsncnnm
1192 321 1195 332 Ι

266 1293 321 1354 47.
357 1285 479 1380 Regressi
495 1299 588 1380 sinaei
604 1298 680 1347 suist.
723 1284 873 1377 Apparet,
902 1303 965 1375 nori
983 1279 1098 1376 plenam
1119 1297 1174 1342 nec
1192 1277 1314 1341 solidam

198 1361 430 1532 illidii
451 1363 584 1502 iiiiii
603 1356 1316 1526 littittttttt‘t.titleilttltte

199 1517 342 1578 eiecerint
361 1516 523 1578 daemonia.
560 1515 654 1598 Atqui
673 1516 743 1577 baec
761 1513 816 1575 illis
836 1515 902 1575 data
921 1514 1016 1575 fuerat
1034 1523 1171 1608 potestas,
1190 1523 1222 1569 et
1230 1508 1316 1570 simul

197 1594 375 1655 mandatum.
424 1594 449 1652 E
472 1613 582 1655 overe
606 1614 668 1654 non
689 1592 807 1667 dubito,
831 1613 920 1670 quum
939 1590 1136 1676 discederent,
1165 1597 1332 1669 persuasos

199 1667 304 1745 luisse,
334 1671 406 1762 nibil
429 1671 484 1764 sis
511 1671 598 1732 luisse
618 1671 916 1760 frustra-a‘magistro
936 1667 1057 1726 dictum:
1089 1676 1191 1756 postea
1209 1675 1316 1796 tamep,
1368 1747 1369 1760 χ

198 1767 291 1881 bilibitl
306 1742 1136 1911 pppeppspisiituppqppippcopcipiippreempleeippleldppeet·,89ppp'
1152 1753 1314 1876 sillecbllcilleb
1368 1761 1369 1802 i

240 1907 315 1955 stum
345 1897 469 1974 aliquem
501 1897 639 1955 duntaxat
669 1897 783 1957 divinae
812 1897 927 1958 virtutis
955 1906 1121 1976 concipiant
1152 1909 1186 1952 e'x
1204 1892 1314 1965 Verbo,

197 1913 304 2032 iiinde
324 1971 500 2051 experientia
526 1972 556 2030 iii
580 1970 803 2031 admirationem
833 1963 916 2053 ipsos
942 1973 1042 2053 rapiat.
1076 1969 1189 2046 ‘Quale
1219 1981 1312 2031 sutem

198 2047 288 2110 luerit
304 2045 435 2129 ipsorum
454 2046 602 2130 gaudium,
620 2066 655 2107 ex
675 2047 786 2109 Christi
805 2067 948 2128 responso
969 2049 1070 2109 clarius
1089 2047 1208 2128 patebit.
1264 2082 1267 2090 ·

273 2129 321 2189 18.
363 2123 399 2184 V
395 2121 507 2184 ι’ἆώαω
525 2125 675 2185 Siitoiiom.
714 2125 760 2185 ab
781 2145 839 2186 una
858 2126 957 2220 specie
982 2125 1018 2185 ad
1041 2136 1135 2185 totum
1153 2143 1245 2207 genus
1264 2142 1311 2182 eos
1368 2139 1369 2184 i

199 2199 333 2262 Christus
353 2201 484 2262 deducit:
512 2220 620 2282 nempe
639 2201 719 2281 quod
739 2201 928 2285 Evangelium
947 2224 1030 2264 suum
1048 2201 1162 2262 iusserit
1183 2197 1311 2282 promul-

219 2277 261 2338 ari
279 2277 337 2342 boc
356 2279 433 2354 line,
456 2290 489 2338 ut
507 2299 630 2362 regnum
650 2279 963 2370 Satanaeeeerteret..
982 2279 1094 2370 ‘Quum
1115 2297 1184 2360 ergo
1204 2274 1311 2369 visibile

197 2377 209 2416 i
231 2353 272 2414 ud
290 2356 519 2432 documentum,
528 2356 607 2436 quod
626 2356 738 2437 experti
757 2367 851 2432 erant,
869 2356 1037 2437 simpliciter
1055 2355 1215 2434 arriperent
1226 2353 1310 2412 disci-

197 2432 277 2526 puli,
297 2433 437 2494 admonet
455 2433 607 2510 Christus,
631 2434 689 2494 vim
709 2443 739 2493 et
758 2433 914 2494 efficaciam
933 2432 1228 2511 doctrinasipsomm
1246 2429 1310 2490 lon-

219 2607 356 2646 umanum
376 2597 497 2646 exercet.
535 2587 621 2650 Nunc
639 2598 771 2646 tenemus
790 2605 906 2646 sensum
923 2585 1096 2648 verborum:
1116 2605 1203 2665 quum
1245 2607 1310 2645 van·

196 2661 307 2800 pelium
326 2676 409 2722 snum
428 2663 589 2744 praedicari
609 2663 691 2723 iussit
710 2661 858 2739 Christus,
886 2661 1012 2754 minime·
1025 2683 1086 2753 reni
1110 2670 1234 2721 tentasse
1253 2681 1310 2721 am·

219 2761 281 2798 iiii
305 2750 442 2812 eventus,
475 2738 527 2799 sed
551 2737 676 2798 futuram
697 2740 820 2800 Satanae
850 2757 961 2800 ruinam
985 2739 1097 2800 vidisse.
1143 2737 1205 2797 Isin
1225 2759 1311 2818 quum

196 2527 264 2646 ἕως
283 2522 400 2591 patere,
428 2521 462 2572 ut
481 2510 616 2570 concidat
635 2508 757 2570 Samnis
776 2511 921 2591 tyrannis,
949 2530 1035 2590 quarn
1054 2509 1085 2568 in
1103 2520 1199 2569 totum
1220 2526 1310 2642 penus

197 2815 214 2874 l
248 2815 406 2907 inequeat
424 2814 514 2876 Filius
532 2813 606 2890 Dei,
637 2826 667 2874 et
690 2813 761 2875 baec
785 2815 845 2876 eius
869 2815 1058 2897 praescientis
1084 2813 1119 2876 ad
1144 2813 1311 2874 continuum

197 2891 276 2952 Euan
301 2891 350 2952 elii
374 2912 490 2952 cursum
513 2903 641 2971 spectet,
672 2889 862 2952 dubitandum
893 2912 955 2952 non
985 2904 1044 2968 est,
1073 2891 1188 2971 quoties
1209 2893 1311 2951 excitat

196 2909 432 3044 fidosboctores,
452 2967 522 3048 quin
541 2968 619 3028 idem
638 2967 702 3047 ipse
720 2969 834 3029 felicem
845 2968 962 3031 daturus
981 2969 1018 3030 sit
1036 2987 1196 3030 successum
1211 2987 1310 3028 eornm

196 3044 300 3106 labori.
339 3045 427 3104 Unde
442 3044 614 3125 colligimus,
633 3065 696 3104 non
714 3045 800 3105 aliter
818 3067 872 3106 nos
892 3046 968 3126 eripi
986 3066 1003 3106 a
1022 3045 1145 3106 Satanae
1163 3045 1310 3120 servitute,

196 3141 285 3199 quam
304 3119 359 3202 pe'r
376 3121 580 3204 Evangelium:
602 3119 707 3180 deinde
726 3142 778 3183 eos
797 3122 853 3182 rite
872 3121 987 3183 denium
1006 3122 1149 3204 proficere
1168 3121 1199 3181 in
1217 3123 1310 3182 Esau·
1368 3181 1369 3198 ἦ

195 3195 293 3331 ῇεΙίο,
324 3198 354 3256 iii
379 3197 484 3276 quibus
509 3197 637 3258 concidit
657 3197 781 3261 Satanae
805 3209 950 3280 potestas,
978 3210 1013 3259 ut
1030 3196 1310 3280 peceato‘exstincto
1368 3207 1369 3300 p

225 3271 255 3329 ¹ei
273 3272 401 3332 iustitiae
419 3275 516 3334 vivere
535 3273 685 3355 incipiant.
727 3275 864 3336 Notanda
890 3288 935 3336 est
953 3275 1040 3336 etism
1059 3273 1232 3349 similitudo,
1257 3293 1311 3355 qua
1368 3307 1369 3322 .

197 3347 304 3438 utitur,
336 3346 474 3438 Seianam
498 3350 534 3409 ad
558 3351 637 3414 Evan
662 3352 709 3414 elii
733 3353 844 3420 tonitru
867 3353 958 3412 instar
982 3353 1103 3434 fulguris
1126 3349 1244 3412 cadere:
1274 3351 1312 3414 its
1368 3333 1369 3396 l

197 3445 275 3485 enim
288 3436 463 3505 exprimitur
483 3426 579 3489 divina
598 3441 629 3490 et
647 3429 824 3502 incredibilis
850 3429 1001 3490 doetrinae
1020 3432 1124 3502 virtus,
1155 3448 1229 3509 quae
1251 3438 1310 3487 tam
1368 3403 1369 3460 l

196 3512 319 3594 repente
338 3499 470 3562 violento
490 3502 601 3584 impetu
620 3507 722 3568 mundi
741 3506 905 3586 principem
922 3507 1010 3567 tantis
1030 3504 1121 3598 copiis
1139 3504 1310 3565 instructum

197 3579 304 3640 deiicit.
353 3576 531 3669 Exprimitur
550 3583 653 3658 etiam,
683 3603 768 3663 quani
793 3583 896 3643 misera
929 3583 966 3643 sit
996 3582 1146 3643 bominum
1169 3581 1311 3656 conditio,

197 3677 323 3737 quorum
342 3653 483 3735 capitibus
503 3657 621 3721 insultat
640 3661 746 3734 Satan,
766 3660 816 3740 qui
835 3659 865 3719 in
885 3663 954 3720 aere
972 3659 1153 3734 dominatur,
1175 3668 1210 3718 et
1226 3677 1309 3718 mnu·

196 3741 266 3796 dum
285 3731 406 3813 pedibus
427 3733 484 3793 suis
503 3735 664 3798 subiectum
682 3746 782 3809 tenet,
813 3736 908 3796 donec
928 3737 995 3796 assit
1014 3735 1146 3797 Christus
1164 3732 1308 3795 liberator.
1368 3771 1369 3832 i

274 3817 320 3883 19.
358 3809 436 3886 Ecce
453 3807 491 3868 do
509 3811 594 3872 cobis.
632 3815 699 3874 Hoc
717 3832 773 3891 per
791 3814 1010 3874 concessionem
1021 3811 1134 3872 dicitur.
1171 3812 1241 3872 Non
1258 3828 1309 3869 ne·
1368 3851 1369 3870 .

195 3897 246 3968 gat
266 3885 409 3962 Christus,
451 3887 500 3946 uin
518 3889 699 3969 praeclarum
718 3891 756 3950 sit
776 3887 887 3948 donum
906 3887 992 3963 illud,
1010 3888 1042 3947 iii
1062 3887 1307 3971 quo‘gloriantur,
1368 3893 1369 3930 ³

194 3962 250 4022 sed
266 3960 351 4023 altius
372 3907 507 4043 quiddam
528 3967 684 4047 praecipue
703 3963 893 4045 spectandum
913 3965 1067 4037 admonet,
1095 3984 1133 4024 ne
1157 3963 1306 4024 subsistant
1368 3967 1369 3976 ’

193 4036 225 4096 in
245 4039 369 4100 externis
388 4040 542 4102 miraculis.
579 4044 682 4122 Itaque
702 4061 804 4102 eornm
817 4043 964 4124 gandium,
981 4042 1065 4102 sicuti
1084 4061 1145 4101 non
1167 4052 1306 4126 eratcon·

194 4123 312 4190 ceptum
332 4114 368 4172 de
387 4115 497 4190 nihilo,
528 4139 589 4179 nori
609 4120 745 4178 omnies
783 4119 996 4193 arte'damnat,
1025 4116 1077 4178 sed
1095 4117 1230 4178 vitiosum
1249 4133 1307 4174 esse

195 4188 334 4260 ostendit,
354 4190 419 4268 quia
439 4195 496 4254 sibi
515 4194 608 4276 gratia
626 4139 782 4273 temporali
799 4194 957 4256 immodice
977 4193 1123 4275 placentes
1143 4215 1204 4254 non
1223 4191 1306 4252 tolle-

193 4257 266 4316 bant
283 4281 396 4323 sursum
415 4270 536 4338 animos.
578 4270 677 4347 Atque
703 4271 760 4330 ho'c
782 4273 889 4333 morbo
916 4271 1050 4332 laborant
1074 4271 1161 4330 etism
1187 4269 1229 4350 pii
1247 4266 1306 4326 fere

113 4355 116 4366 s
194 4351 305 4392 omnes.
357 4337 487 4406 Tametsi
515 4348 593 4430 enim
611 4345 671 4406 Dei
694 4345 857 4410 bonitatem
882 4348 1047 4431 expendunt
1065 4367 1131 4408 cum
1155 4346 1304 4430 gratiarum
