2808 4748
476 254 538 333 (30.
558 250 639 314 lesus
659 213 855 335 hsptlaatur.)¹
936 315 938 322 s
1083 285 1086 290 ·
1166 261 1224 326 tut

1 440 2 458 t
96 418 153 458 nec
177 395 410 478 contemptibilis
440 397 473 456 in
505 415 542 458 eo
567 405 647 476 esset
671 395 765 456 carnis
790 396 950 460 infirmitas.
999 397 1111 462 Eadem
1135 400 1223 464 etiam
1293 378 1297 396 ⁵

97 493 183 536 causa
202 474 269 548 fuit,
288 496 341 534 cur
358 473 532 556 baptismum
552 493 645 550 usque
664 473 701 532 ad
719 473 897 555 tricesimum
916 478 1015 539 aetatis
1035 499 1143 540 annum
1163 477 1223 539 dif-

97 551 200 614 ferret.
243 551 407 633 Baptismus
432 550 558 610 accessio
583 549 640 610 fuit
664 549 837 642 Evangelii}
865 561 953 629 atque
981 555 1049 615 ideo
1073 577 1132 616 una
1156 574 1224 616 cum
1314 609 1317 616 .

29 696 33 704 ,
97 624 253 708 Evangelii
276 626 512 708 promulgatione
536 626 661 707 eoepit-
692 625 828 686 Christus
845 645 918 692 sero
939 627 975 687 ad
989 632 1225 710 praedicandum

27 705 29 710 ’
97 703 292 786 Evangelium
315 723 348 764 se
378 704 549 786 accingens,
582 714 642 778 taps
667 702 818 782 Baptismo
843 701 974 763 initiatus
1000 708 1094 767 estin
1118 729 1226 768 munus

35 845 36 849 ,
99 802 203 854 suum,
251 801 318 840 uam
349 779 463 860 Spiritu
492 789 593 839 sancto
624 779 792 838 instructus.
816 778 967 871 ,Apparet
997 799 1068 862 ergo
1099 784 1227 874 Spiritus

99 868 217 918 sanctus
230 801 340 922 loanni
358 876 447 936 snper
468 855 616 918 Christum
636 855 828 930 descendens,
848 876 899 934 qur
918 855 1084 932 admoneat,
1104 858 1227 920 ushilin

100 933 111 992 i
135 954 168 993 so
190 933 307 996 Christo
339 933 457 999 carnale
480 931 537 1012 vel
556 942 707 992 terrenum
740 951 801 992 esse
827 932 1041 1014 quaerendum,
1057 935 1123 1003 sed
1146 939 1246 1014 quasi

125 1010 233 1072 irinum
254 1010 403 1073 hominem
423 1029 440 1068 e
461 1009 546 1070 coe-lo
566 1009 702 1089 prodire,
726 1009 837 1087 inquo
863 1020 969 1090 regnat
993 1010 1084 1071 uirtus
1103 1010 1228 1092 Spiritus

100 1085 205 1148 sancti.
242 1088 356 1148 Scimus
376 1083 511 1166 quidem,
531 1083 625 1165 ipsum
646 1103 707 1146 esse
726 1085 831 1146 Deum
843 1085 1057 1148 manifestatum
1077 1087 1108 1146 in
1128 1107 1230 1151 carnes

101 1162 154 1226 sed
173 1163 204 1223 iu
230 1184 358 1244 persona
378 1181 498 1242 quoque
521 1161 648 1222 ministri
672 1172 702 1221 et
727 1159 852 1222 humina
879 1163 941 1225 eius
963 1175 1069 1228 natura
1092 1163 1231 1228 ‘coelestis

41 1299 44 1327 Ι
102 1239 193 1300 virtus
212 1239 425 1303 consideranda
443 1249 496 1300 est
534 1237 670 1298 Secunda
690 1239 822 1317 quaestio
847 1250 906 1312 est,
937 1261 990 1301 cur
1014 1240 1045 1299 in
1064 1241 1163 1320 specie
1182 1261 1232 1300 eo-

101 1314 215 1376 tendas
245 1317 345 1398 potius
400 1335 465 1376 uam
495 1315 572 1396 ignis
596 1314 724 1394 Spiritus
749 1317 929 1395 apparuerit:
955 1315 1036 1377 cuius
1060 1317 1172 1378 solutio
1198 1338 1232 1378 ex

102 1391 188 1453 analo
212 1393 238 1453 ia
256 1393 303 1454 vel
322 1337 512 1454 similitudine
532 1392 726 1473 rei-signatae
745 1411 812 1451 cum
830 1391 924 1474 figura
969 1393 1066 1454 endet
1104 1393 1232 1471 Scimus,

104 1469 175 1550 quid
187 1413 307 1530 Christo
325 1469 438 1529 tribuat
456 1467 563 1528 Iesaias
582 1466 737 1548 propheta,
758 1489 820 1548 cap.
829 1475 878 1545 42,
889 1475 918 1534 3.
947 1416 1112 1546 1Calarnum,
1126 1472 1234 1552 inquit,

127 1556 272 1606 uassatum
297 1565 359 1604 non
387 1543 571 1626 confringet,
595 1544 685 1604 linum
709 1543 855 1626 fumigans
880 1565 942 1606 non
967 1548 1147 1629 exstinguet,
1170 1569 1235 1611 uon

105 1620 259 1695 camahit,
284 1621 496 1682 rectoratus
516 1621 674 1684 audietur*
695 1621 826 1700 Propter
845 1621 918 1684 hanc
937 1621 1047 1684 Christi
1066 1628 1235 1688 mansuetu-
1281 1683 1283 1690 .

47 1753 49 1760 .
107 1697 224 1770 dinem,
266 1697 430 1762 uastante
449 1709 480 1756 et
499 1698 624 1758 comiter
642 1708 814 1778 peccatores
836 1697 868 1758 in
886 1717 969 1778 spem
988 1700 1088 1762 salutis
1107 1703 1234 1782 vacavit,

106 1785 140 1834 et
159 1718 292 1852 quotidie
309 1773 423 1850 invitat,
442 1773 569 1853 Spiritus
588 1786 704 1836 sanctus
723 1793 898 1854 supereum
918 1775 1069 1836 descendit
1087 1778 1117 1837 in
1136 1780 1237 1860 specie

106 1847 272 1912 columbae.
309 1851 408 1930 Atque
428 1850 459 1908 in
480 1849 682 1932 hocsymholo
701 1849 815 1912 illustre
833 1851 1015 1912 suavissimae
1027 1852 1237 1920 consolationis

107 1927 216 2020 pignus
235 1926 322 1995 nohis
343 1925 502 1999 exhibitum
523 1938 582 2004 est,
606 1947 645 1988 ne
668 1940 830 1990 metuamus
853 1928 890 1988 ad
911 1929 1064 1991 Christum
1086 1932 1239 2011 accedere,
1258 1951 1261 1977 ί

108 2024 242 2082 quinon
263 2003 442 2064 formidabili
456 2003 581 2085 Spiritus
595 2005 742 2083 potentia,
761 2003 813 2065 sed
833 2005 949 2065 amabili
968 2017 999 2066 et
1017 2006 1132 2087 placida
1143 2011 1237 2092 gratia

108 2081 228 2142 indutus
246 2081 333 2143 nobis
349 2081 488 2142 occurrit.
530 2079 616 2140 Vidit
625 2081 769 2156 Spiritum
784 2096 925 2142 ameum.
963 2083 1078 2164 Nempe
1097 2085 1240 2149 loannes:

131 2157 178 2218 nia
208 2179 276 2220 mox
299 2157 448 2236 sequitur,
479 2156 559 2236 quod
584 2158 720 2238 Spiritus
749 2179 783 2218 su
806 2177 839 2218 er
865 2157 1016 2219 Christum
1045 2159 1239 2230 descenderit.

109 2177 178 2293 iam
193 2233 242 2294 hic
259 2233 349 2293 tertia
368 2233 465 2297 oritur
482 2232 630 2312 quaestio,
661 2253 771 2324 quomo
794 2254 813 2293 o
832 2232 932 2294 ridere
977 2236 1088 2296 otuerit
1110 2231 1239 2304 Ioannes

112 2309 264 2392 Spiritum.
302 2307 493 2389 Respondeo,
513 2329 602 2388 quum
621 2306 732 2387 ubsque
752 2307 874 2369 diffusus
893 2310 931 2368 sit
987 2311 1068 2370 iritus
1079 2312 1148 2392 Dei,
1169 2335 1240 2376 coe·
1272 2337 1278 2370 t

111 2387 234 2477 lamque
254 2397 285 2445 et
303 2383 416 2445 terram'
431 2383 564 2464 impleat,
583 2381 753 2444 descensum
772 2384 936 2464 improprie
954 2332 998 2444 illi
1016 2385 1118 2446 tribui.
1155 2390 1241 2451 Idem

112 2461 298 2523 sentiendum
311 2472 364 2542 ¹est
382 2459 419 2524 de
439 2470 567 2537 aspectu.
606 2461 782 2537 Quanquam
794 2460 875 2518 enim
892 2479 947 2538 per
964 2479 996 2522 se
1015 2462 1166 2530 inuisibilis
1186 2477 1242 2543 est,

114 2537 226 2618 dicitur
243 2548 344 2598 tamen
364 2533 504 2613 conspici,
527 2534 580 2593 uhi
605 2535 725 2614 aliquod
750 2537 933 2614 praesentiae
957 2556 1025 2597 suae
1049 2538 1073 2596 si
1096 2559 1164 2612 qum
1189 2541 1243 2601 de-

113 2623 268 2674 monstrat.
306 2613 377 2674 Non
396 2611 468 2674 vidit
487 2610 615 2691 Spiritus
635 2611 790 2672 essentiam
800 2609 938 2686 Ioannes,
958 2633 1033 2692 quae
1052 2635 1085 2674 su
1125 2635 1243 2678 sensum
1311 2681 1342 2690 ,,
1402 2623 1403 2630 ’

114 2689 272 2753 oculorum
291 2688 550 2762 non*oadit,2non
567 2687 644 2748 vidit
662 2687 752 2768 ipsam
773 2707 893 2780 quoque
911 2687 1065 2765 iirtutem,
1085 2711 1161 2782 quae
1179 2715 1244 2754 non

115 2768 245 2828 humano
265 2786 368 2844 sensu,
387 2764 440 2826 sed
459 2763 529 2824 fidei
545 2775 659 2825 tantum
677 2763 871 2859 intelligentta
892 2766 1167 2847 comprehenditur:
1187 2769 1244 2833 'sed

115 2843 190 2908 vidit
214 2843 343 2925 speciem
369 2841 540 2919 columbae,
570 2839 624 2903 sub
651 2862 708 2922 qua
726 2841 809 2902 Deus
829 2841 957 2921 Spiritus
979 2845 1024 2906 s'ui
1048 2835 1243 2936 praes'e'ntiam
1295 2883 1300 2897 ·

114 2921 297 2984 monstravit.
346 2919 428 3002 Ergo
450 2919 657 3000 ,metonymica
689 2929 735 2980 est
756 2918 908 2998 loquptio,
940 2940 997 3000 qua
1020 2939 1065 2981 rer
1087 2922 1244 3002 spiritualis

116 3017 228 3059 nomen
241 2997 277 3058 ad
291 2995 406 3079 signum
416 2995 530 3058 risibile
539 2995 724 3057 transfertur.
763 2994 1021 3070 Quemadmodum
1039 3003 1137 3058 autem
1156 2999 1246 3061 stulte

117 3086 149 3134 et
168 3085 360 3157 praepostere
378 3072 493 3134 literam
512 3083 620 3155 urgent
634 3072 772 3208 puidam,
790 3084 824 3132 nt
843 3093 906 3133 rem
926 3074 958 3133 in
977 3075 1063 3156 signo
1082 3075 1246 3169 includant,
1303 3076 1305 3082 ’

116 3153 160 3211 ita
182 3150 346 3211 notandum
371 3161 429 3224 e'st,
451 3150 496 3211 his
520 3149 530 3209 l
553 3169 630 3229 quen
652 3150 663 3209 i
685 3149 794 3210 formis*
813 3150 917 3211 notari»
935 3151 1177 3213 coniunctionem
1199 3173 1245 3214 rer

119 3248 187 3289 cum
204 3227 300 3310 signo.
339 3224 509 3288 Secundum
531 3169 611 3286 lunc
634 3245 751 3287 sensum
773 3237 898 3286 uocatur
915 3227 997 3307 panis
1016 3247 1115 3308 sacrae
1135 3249 1247 3292 coenae

119 3303 230 3365 Christi
250 3319 372 3383 corpus:
391 3323 454 3362 non
473 3304 541 3436 quia
559 3303 606 3378 sit,
626 3300 677 3362 sed
696 3301 765 3382 quia
782 3313 918 3379 testetur,
938 3303 1026 3365 nobis
1043 3325 1113 3367 vere
1133 3289 1196 3371 dari
1215 3307 1248 3370 in

119 3379 228 3445 cibum.
266 3378 391 3438 Interim
409 3378 483 3438 simu
517 3379 679 3438 tenendum
703 3380 845 3439 memor-ia
868 3381 1011 3458 estquod
1036 3401 1132 3462 nuper
1150 3382 1276 3466 attigi,.

118 3477 183 3516 non
204 3475 266 3517 esse
285 3453 455 3536 fingendum
473 3454 518 3524 rei
536 3455 666 3537 signatae
682 3455 864 3531 descensum,
883 3467 917 3516 nt
935 3457 967 3516 in
985 3458 1071 3540 signo
1091 3467 1250 3539 qua'eratur

121 3534 203 3612 quasi
220 3531 353 3594 localiter
376 3528 438 3591 illic
461 3531 586 3608 inclusa,
611 3530 793 3604 sed‘dehere
817 3531 876 3592 hoc
898 3555 990 3602 unum
1008 3536 1077 3600 satis
1100 3554 1249 3614 superque

121 3609 209 3671 nohis
224 3607 369 3684 sufficere,
388 3607 624 3688 quodDominus
640 3627 745 3668 arcana
764 3630 814 3669 sua
825 3609 933 3669 virtute
952 3622 1091 3690 praestet,
1110 3609 1249 3690 quicquid

119 3686 210 3746 nohis
226 3707 282 3767 per
299 3684 405 3778 figuras
424 3685 580 3764 promittit.
619 3684 777 3759 Quaerunt
789 3685 875 3746 etiam
895 3687 1032 3748 nonnulli
1051 3687 1167 3748 curiose
1186 3707 1249 3746 ma·
1303 3691 1308 3700 '

144 3763 167 3822 is
186 3783 272 3842 quam
292 3763 417 3837 utiliter,
440 3760 604 3842 solidumne
624 3781 731 3841 corpus
751 3761 856 3837 fuerit,
880 3782 917 3822 an
937 3775 1085 3843 spectrum
1104 3762 1177 3832 hacc
1196 3783 1249 3824 co-

114 3782 231 3902 fumba.
259 3838 433 3918 Quanquam
453 3849 549 3898 autem
568 3837 707 3899 videntur
724 3838 849 3899 innuere
867 3840 957 3902 verba
968 3841 1077 3914 Lucae,
1097 3858 1159 3898 non
1178 3836 1250 3898 snb-

122 3915 412 3996 stantiam'corporis
431 3913 530 3990 fuisse,
549 3914 600 3974 sed
618 3924 733 3974 tantum
752 3915 896 3995 speciem,
915 3937 973 3998 ego
992 3928 1107 3994 tamen,
1127 3933 1167 3974 ne
1186 3915 1250 3994 quis

123 3993 194 4054 inde
213 3991 326 4053 rixandi
346 4011 443 4052 ansam
464 4011 496 4051 ca
517 4002 571 4068 tet,
587 3991 621 4050 in
640 3991 738 4050 medio
758 3991 905 4072 relinquo.
1107 4037 1112 4044 .

200 4076 248 4136 17.
290 4067 367 4128 Voce
383 4065 420 4133 cle
437 4089 486 4128 coe
524 4111 531 4126 .
569 4069 635 4128 Vox
654 4087 688 4126 ex
706 4065 755 4133 illa
774 4067 1068 4146 coelornmscissura
1086 4067 1252 4150 personuit,

125 4147 208 4208 cuius
226 4146 304 4208 faeta
327 4148 408 4227 prius
427 4144 483 4204 fuit
507 4144 639 4222 mentio,
664 4163 723 4221 quo
744 4145 853 4205 certior
875 4147 920 4206 illi
939 4156 1088 4206 constaret
1109 4133 1252 4206 mdieslas.

119 4225 223 4286 Porro
247 4245 313 4283 cum
343 4221 400 4283 hoc
430 4223 591 4304 praeconio
615 4218 702 4292 nohis
726 4220 857 4282 oblatus
871 4221 928 4282 fuit
953 4243 969 4282 a
992 4222 1082 4299 l'atre
1107 4221 1254 4296 Christus,

125 4323 217 4380 quum
252 4297 346 4380 palam
376 4297 414 4358 ad
442 4297 611 4358 obeundum
639 4318 749 4358 munus
772 4287 946 4360 Mediatoris
976 4297 1103 4379 prodiit,
1134 4310 1166 4360 ut
1194 4297 1254 4360 hoc

125 4371 294 4462 adoptiodis
319 4386 437 4449 nostrae
461 4375 588 4460 pignore
613 4373 682 4438 freti
701 4373 856 4456 intrepide
879 4391 1018 4442 vocemus
1036 4373 1135 4441 Dnmu
1157 4375 1253 4460 ipsum
