2786 4742
301 253 304 260 ⁴
360 252 423 329 (lb.
443 247 533 310 Iesus
545 267 611 310 cum
631 213 793 330 publlcbuis
813 257 964 330 coenans.)
1162 218 1233 326 m
1311 253 1320 274 a

97 393 229 457 Christus
248 411 417 454 sermonem
433 393 478 468 ,ad
499 411 603 454 eornm
622 403 744 473 captum
756 393 981 472 *accommodam
1005 392 1057 476 qui
1082 403 1115 456 ut
1135 407 1224 464 eraut
1260 407 1263 426 ¹

95 470 249 545 animales,
277 470 407 532 ,externis
425 469 516 555 siguis
536 469 627 551 magis
646 467 858 545 movebantur,
883 491 968 604 quam
991 483 1056 533 tota
1079 481 1093 534 ε’
1113 471 1224 554 iritupli

97 547 207 610 Christi
220 547 352 622 virtute,
382 567 454 626 quae
485 547 520 608 ad
545 557 695 606 aeternam
718 544 839 605 salutem
859 565 893 605 va
908 545 983 612 ebat.
1033 549 1083 608 Sic
1094 493 1224 615 Ploannis

95 631 129 698 5,
149 629 197 688 28.
223 623 382 684 efficaciam
407 621 560 706 Evangelii
584 622 620 682 ad
644 621 778 682 homines
803 621 989 683 vivificandos
1011 625 1081 684 inde
1105 627 1224 708 probat,

95 701 177 780 quod
196 699 300 762 ultimo
321 701 368 759 die
386 713 520 762 mortuos
532 717 604 759 voce
624 720 675 759 sua
695 698 833 760 excitabit
852 719 868 757 e
886 700 1039 777 sepulcris.
1079 703 1145 768 Hoc
1165 706 1207 766 i'

95 790 145 838 tur
165 778 201 836 ad
221 776 471 838 eos.relellendos
491 777 559 838 satis
570 775 698 836 validum
718 775 774 836 fuit
792 779 1007 858 argumentum,
1026 779 1131 858 quibus
1151 725 1232 850 niblt'

97 853 187 934 pluris
207 864 271 914 erat
289 875 375 932 quam
395 853 566 914 miraculum
590 851 720 926 visibile,
751 863 785 912 ut
804 871 914 947 negare
933 870 995 913 non
1017 857 1224 933 posseut‘iur'e

96 937 214 1010 peccata
239 930 381 998 remisisse
401 927 580 1012 paralytico,
604 929 672 988 dum
698 928 792 991 robur
816 927 859 990 illr
879 929 1069 1025 vigoremque
1084 935 1225 1016 restituit,

97 1007 164 1088 quia
185 1027 218 1066 ex
237 1007 294 1074 boc
314 1007 425 1067 ellectu
444 1028 459 1065 a
482 1005 579 1087 paruit
598 1018 786 1086 peccatorum
805 1005 949 1068 remissio.

171 1087 199 1148 a.
238 1078 444 1144 Potestatemb
482 1096 528 1143 eret
544 1085 576 1141 r'n
593 1091 690 1144 terrm
726 1083 807 1144 Haec
830 1095 960 1166 potestas
984 1081 1075 1168 longe
1095 1083 1150 1148 alia
1170 1081 1224 1168 est',

97 1179 187 1238 quam
204 1181 279 1241 quae
298 1160 450 1241 Apostolia
475 1159 609 1220 mandata
628 1159 699 1235 suit,
731 1171 761 1219 et
785 1182 841 1240 qua
867 1160 956 1222 bodie
980 1161 1146 1246 funguntur
1167 1164 1226 1228 Ee·-

94 1237 203 1300 ¹etesiae
214 1249 361 1318 pastores:
381 1256 443 1300 non
464 1237 541 1296 enim
561 1233 618 1296 tarn*
630 1236 785 1299 remittunt
803 1236 1226 1318 ipsi,‚quamrcmissatestaus

94 1325 161 1392 tur,
181 1315 257 1374 >dum
277 1315 436 1375 iniunctam
456 1313 512 1374 sibi
536 1308 713 1393 legationem
733 1314 932 1396 promulgant.
971 1315 1024 1379 His
1043 1327 1141 1382 autern
1160 1337 1227 1380 rer.
1309 1374 1312 1391 Ι

93 1391 142 1450 bis
164 1390 297 1452 Christus
318 1411 380 1450 non
400 1409 431 1450 sc
451 1389 615 1449 ministrum
635 1400 665 1447 et
683 1399 788 1449 testem
807 1390 902 1450 solum
922 1390 1007 1452 huius
1026 1395 1139 1475 gratiae
1175 1391 1226 1456 scd
1300 1399 1303 1426 ³

96 1469 196 1526 etiam
210 1479 361 1527 auctorem
393 1467 573 1547 pronuntiat.
618 1464 678 1524 Sed
704 1483 844 1546 quorsum
873 1467 1003 1548 pertinet
1025 1469 1173 1532 restrictio
1194 1474 1229 1532 tte

94 1549 198 1604 tarot
230 1543 299 1622 quid
326 1542 403 1604 enim
428 1542 554 1616 iuvabit,
583 1562 638 1604 uos
658 1540 707 1602 bic
726 1543 840 1608 reniam
865 1545 986 1626 adeptos
1015 1565 1093 1623 esse,
1117 1548 1228 1612 nisiiitl

79 1621 129 1684 riu
161 1619 246 1680 coelo
279 1631 375 1680 ratum
406 1619 462 1682 sit?
498 1619 614 1699 Nempe
643 1617 741 1678 dicere
765 1618 860 1682 voluit
880 1620 1028 1698 Christus,
1060 1643 1098 1684 ne
1124 1623 1229 1705 procul
1286 1623 1291 1646 '

49 1743 51 1752 ,
98 1696 266 1778 quaerenda
281 1691 324 1756 'sit
342 1683 532 1777 peccatornn'a
550 1695 696 1770 remissio,
715 1695 745 1769 in
765 1716 815 1756 sua
835 1717 961 1777 persona
977 1700 1057 1778 quasi
1076 1697 1112 1759 ad
1126 1707 1229 1763 manus

97 1793 161 1835 esse
178 1772 349 1834 bominibus
369 1773 533 1833 exhibitam.
571 1773 646 1833 Nam
683 1791 760 1852 qnae
785 1784 886 1834 nostra
911 1785 956 1851 est
980 1774 1016 1835 ad
1036 1775 1229 1840 dttttenrirm

95 1851 274 1934 propensio)
299 1869 447 1930 nunquam
466 1863 602 1911 'statuere
626 1773 780 1922 aebemus,
803 1849 998 1934 Deum‘erga
1015 1873 1070 1914 nos
1090 1873 1153 1915 esse
1172 1855 1229 1916 mi-

94 1926 477 2142 {sliamllllt’enbslullqle
495 1927 636 1989 accedens
656 1947 688 1986 se
707 1925 793 1988 nobis
813 1926 994 1990 familiariter
1004 1929 1136 2010 explicet.
1165 1931 1229 1993 Iam

459 2004 588 2067 escendit
609 2001 743 2064 Christus
768 2005 799 2063 in
823 2017 949 2080 terram,
980 2018 1014 2065 ut
1043 2019 1229 2086 praesentem

128 2082 156 2141 ei
175 2081 296 2174 gratiam
316 2079 487 2140 bominibus
506 2081 647 2154 offerret,
675 2080 783 2139 dicitur
802 2099 901 2142 coram
926 2092 1047 2162 peccata
1067 2083 1231 2161 remittere,

91 2158 166 2240 quia
186 2177 215 2218 m
236 2177 274 2216 eo
296 2169 326 2216 et
342 2171 399 2236 per
419 2177 486 2214 eum
505 2155 650 2236 patefacta
671 2155 797 2215 luitDei
809 2156 956 2232 voluntas,
974 2178 1049 2239 quae
1068 2162 1231 2222 secundom

95 2235 194 2297 carnis
213 2253 330 2293 sensum
350 2233 430 2312 prius
451 2243 515 2291 erat
533 2251 620 2311 supra
642 2230 733 2296 nubes
755 2231 937 2294 abscondita.

174 2315 204 2375 8.
244 2306 365 2402 Traduce
383 2327 467 2382 vero,
487 2304 717 2386 qone'viderunt.
756 2306 817 2366 Pro
837 2307 1046 2385 edatis-atione,
1067 2310 1147 2372 cuius
1166 2331 1232 2372 me-

95 2387 186 2450 miuit
195 2385 300 2456 Lucas,
318 2383 425 2464 reliqui
437 2382 496 2444 duo
515 2385 644 2440 terream
660 2382 706 2442 rel
718 2394 870 2467 stuporem
889 2395 1020 2465 ponuntr
1039 2385 1238 2452 tacuerint

94 2468 229 2525 timorum
247 2460 387 2543 adiungit.
428 2459 569 2519 Omnium
587 2470 687 2532 tamen
702 2457 858 2518 consilium
878 2471 923 2520 est
943 2459 1061 2536 docere,
1080 2481 1143 2522 nou
1162 2463 1233 2526 sim.

29 2597 32 2615 ,
94 2539 216 2624 pliciter
237 2535 326 2597 modo
354 2532 482 2619 agnitam
503 2535 590 2595 luisse
610 2534 668 2593 Dei
687 2533 843 2610 virtutem,
866 2535 917 2594 sed
944 2535 1138 2596 admiratione
1162 2559 1232 2620 per·
1273 2566 1275 2574 a

95 2617 196 2680 culsos
215 2613 304 2676 luisse
324 2633 437 2689 omnes,
456 2624 489 2672 ut
507 2610 575 2672 Deo
596 2611 720 2695 gloriam
741 2611 809 2671 dare
829 2625 1017 2694 cogerentur.
1056 2612 1161 2674 Timor
1181 2637 1233 2676 au-

94 2707 178 2769 tem,
210 2691 260 2775 qui
280 2689 502 2750 admirationem
521 2696 661 2768 sequutus
688 2699 746 2761 est,
777 2687 814 2748 ad
838 2687 896 2750 boc
915 2689 1020 2765 valuit,
1051 2709 1090 2751 nc
1110 2689 1232 2754 Christe

95 2771 323 2851 obstreperent,
351 2767 403 2828 sed
433 2777 604 2827 reverenter
634 2785 666 2827 se
695 2764 739 2832 illi
762 2764 972 2828 submitterent
1004 2778 1143 2848 tanquam
1174 2767 1234 2831 Dei

118 2847 289 2929 rophetae.‘
310 2841 476 2905 Matthaeus
496 2843 604 2907 diserte
623 2842 769 2925 exprimit,
789 2842 967 2925 glorificasse
982 2843 1091 2921 Deum,
1110 2847 1159 2925 qui
1181 2847 1234 2906 de·
1253 2849 1256 2854 '

95 2872 184 2988 beret
202 2922 292 2984 talem
309 2932 488 3002 potestatem
507 2918 693 2997 bominibus,
711 2919 749 2979 in
770 2939 830 3013 quo
856 2919 993 2982 videntur
1017 2921 1150 2982 nonnihil
1172 2919 1233 2984 bal-

95 3000 238 3066 lucinati:
258 3019 326 3058 uam
347 2999 401 3059 etsi
421 2996 571 3058 bominem
593 2996 685 3058 oculis
705 3017 733 3058 as
756 2997 859 3074 icrunt,
879 2996 1158 3078 debebant'aliquid
1177 2997 1234 3060 bo.

96 3080 180 3146 mine
200 3077 286 3156 jaltius
306 3077 337 3136 in
358 3095 394 3136 co
415 3086 515 3135 mente
541 3074 704 3154 percipere.
773 3085 837 3150 ecte
862 3071 919 3134 hoc
940 3075 1181 3166 quidem,quod
1201 3077 1233 3136 in

97 3173 259 3219 commune
279 3151 397 3212 humani
419 3150 538 3234 generis
564 3149 676 3210 bonum
706 3148 833 3211 bominis
860 3162 994 3211 naturam
1013 3162 1097 3212 tanto
1119 3153 1234 3216 bonore

96 3236 129 3295 in
157 3230 279 3293 Christo
312 3228 447 3288 affectam
479 3245 544 3287 esse
572 3226 757 3306 praedicant,
787 3227 838 3288 sed
866 3228 934 3308 quia
958 3228 1090 3288 nondum
1109 3229 1234 3309 capiunt

96 3311 198 3371 Deum
219 3308 250 3366 in
271 3325 359 3366 carue
378 3303 612 3379 manifestatum,
638 3302 737 3385 aliquo
764 3324 866 3364 errore
890 3304 1032 3385 implicita
1060 3316 1104 3366 est
1130 3319 1234 3367 eorum
1298 3331 1299 3338 ¹

97 3383 259 3450 consessio.
298 3380 334 3440 In
354 3401 464 3442 summa
483 3400 584 3441 verum
604 3391 678 3454 erat,
696 3379 794 3440 Deum
815 3380 928 3442 dedisse
947 3381 1035 3442 talem
1055 3393 1234 3462 potestatem

97 3461 287 3533 bominibut,
306 3457 358 3518 sed
382 3456 429 3518 isti
456 3456 542 3518 dandi
569 3455 689 3517 modum
710 3467 741 3516 et
764 3453 909 3520 rationem
929 3457 1062 3520 nondum
1081 3458 1235 3534 tenebant,

97 3541 208 3623 quibos
229 3539 334 3618 ignota
354 3544 416 3594 erat
434 3533 493 3594 Dei
512 3534 645 3595 maiestas
666 3554 733 3594 cum
752 3553 841 3595 carne
861 3533 1028 3598 coniuncta.

173 3723 177 3742 t

12 3849 13 3852 Ἴ
140 3772 225 3856 (75.)
266 3767 437 3833 ΜΑΤΤΗ.
459 3767 512 3830 ΙΧ.
554 3767 584 3830 9.
608 3765 650 3830 tta
677 3767 877 3852 praeteriens
901 3767 993 3832 Iesus
1020 3763 1124 3842 illinc,
1155 3762 1237 3830 vidit
1297 3819 1302 3834 χ

97 3875 266 3940 hominem
287 3867 455 3948 sedentem
476 3864 518 3931 ad
539 3864 706 3946 telonium,
730 3867 931 3936 Matthaeum
945 3865 1086 3942 nomine,
1107 3875 1139 3930 et
1159 3863 1237 3930 dicit

100 3979 144 4056 ei,
161 3975 311 4058 Sequere
332 3991 395 4040 me.
413 3955 522 4054 Atque,
541 3970 570 4034 is
588 3947 723 4054 surgens
744 3978 899 4055 sequutus
919 3976 968 4036 est
986 3970 1101 4053 ipsum.
1128 3963 1177 4032 10.
1195 3965 1238 4032 Et

100 4075 221 4142 tectum
250 4080 312 4150 cst,
337 4081 373 4134 ut
401 4071 485 4156 ipse·
500 4067 707 4136 occumberet
735 4067 883 4154 tulllius
910 4065 1063 4142 aedibus,
1093 4076 1130 4134 et
1160 4086 1237 4134 ecce

100 4176 195 4260 multi
216 4170 384 4260 publicani
409 4181 440 4235 et
460 4179 667 4254 peccatores,
690 4173 746 4260 qui
765 4179 940 4247 venerant,
961 4166 1056 4234 simul
1078 4165 1239 4240 accubue-

101 4283 180 4344 runt
201 4294 275 4340 cum
295 4273 378 4348 lesu
394 4281 426 4338 ct
448 4269 614 4360 discipulis
637 4274 715 4353 eius.
764 4263 883 4340 taes
898 4267 1048 4336 videntes
1073 4259 1258 4350 Pharisaei

104 4375 258 4444 dixerunt
278 4369 447 4460 discipulis
467 4375 549 4500 eius,
565 4371 642 4442 »Gur
663 4395 735 4440 cum
756 4370 941 4515 publisqpip
960 4380 996 4438 et
1014 4369 1240 4457 peccatoribus
