2808 4748
458 217 590 302 Onarro
610 258 644 304 m
665 213 790 306 moure.
930 239 972 306 .’
1020 227 1031 317 ¹,
1137 245 1196 306 113

70 386 194 450 luceant.
221 384 341 447 'Postea
359 383 440 454 addit
459 384 528 446 duas
548 385 762 464 similitudines,
781 387 879 466 neque
890 383 1030 465 meum
1040 383 1072 448 in
1091 393 1195 445 monte

68 458 257 523 situmletcre
270 483 367 540 porse,
381 461 605 536 neelucemum,
619 483 708 555 qpum
722 483 852 524 ,accensa
870 476 923 540 est,
940 461 1194 556 solereoccultm
1242 475 1245 478 “
1299 485 1302 492 ’

68 540 174 632 quibus
187 541 289 608 serbis
308 539 469 632 siguificat,
487 539 529 598 sic
548 539 612 609 iltis„
625 540 780 601 vivendum
801 559 874 616 esse,
893 559 951 600 aest
971 539 1100 600 onmium
1121 559 1196 614 ocu·

68 616 103 675 lrs
124 629 222 676 esseut
241 618 371 697 expositi.
409 616 448 675 Et
467 627 547 675 certe
567 635 627 696 quo
647 617 738 699 magis
751 617 873 697 quisque
887 617 1005 692 eminet,
1022 635 1059 676 co
1102 615 1195 678 rarius

67 704 159 752 nocet
187 693 266 754 malo
291 691 438 773 exemplo,
466 692 491 752 si
519 711 550 752 se
581 713 718 772 perverse
741 694 826 776 gerit.
866 691 939 751 Vult
961 711 1035 773 ergo
1061 633 1194 759 Cirristus

66 769 230 849 Apostolos
251 789 287 830 eo
307 770 419 829 maiore
438 768 535 829 studio
556 768 688 830 intentos
712 789 775 830 esse
795 771 830 845 ad
850 769 898 849 pie
917 769 1194 847 sanctequewiven-

4 919 5 924 η
68 845 155 921 dum,
183 867 269 926 quam
294 846 442 926 quoslibet
466 846 597 928 evulgo
624 845 765 908 obscuros
789 844 940 916 homines,
966 844 1038 923 ,quia
1063 845 1194 904 omnium

67 922 147 992 oculi
165 923 196 981 in
217 943 267 982 eos
287 925 369 1003 quasi
388 925 419 983 in
439 921 572 982 lucernas
592 923 721 984 coniecti
739 923 815 984 sint:
835 942 890 983 nec
907 918 1075 982 ullomodo
1096 921 1195 990 loren-

67 998 122 1058 dos
142 1017 214 1074 esse,
234 999 289 1060 nisi
307 1001 401 1080 pietas
420 999 544 1059 civitae
563 998 726 1081 integritas,
745 999 909 1072 doctrinae,
927 997 1010 1058 cuius
1028 996 1196 1056 suutmini-

66 1075 133 1150 stri,
156 1077 343 1156 respondeat.
380 1075 469 1155 Apud
487 1073 628 1134 Marcum
654 1089 684 1138 et
702 1075 818 1138 meu
837 1074 980 1136 dissimilis
1000 1091 1063 1134 esse
1081 1073 1197 1133 videtur
1265 1118 1270 1135 .

65 1150 152 1213 buius
175 1151 371 1214 similitudinis
396 1152 643 1213 accommodatio:
672 1175 739 1215 uam
769 1152 829 1214 illic
854 1151 1032 1234 generaliter
1055 1149 1197 1210 admonet

66 1226 217 1304 Christus,
240 1229 345 1290 sedulo
365 1227 526 1290 cavendum
545 1248 622 1303 esse,
646 1249 685 1290 ne
709 1230 766 1290 sibi
786 1229 928 1310 peccandi
947 1226 1094 1287 licentiam
1115 1227 1196 1306 quis-

65 1325 152 1382 quam
171 1306 304 1366 tenebris
323 1305 416 1371 fretus
435 1303 596 1386 indulgeat,
616 1306 683 1386 quia
696 1307 777 1386 quod
794 1307 829 1366 ad
848 1317 963 1386 tempus
980 1301 1130 1364 occultum
1140 1312 1195 1376 est,

64 1382 184 1441 tandem
203 1381 338 1463 patefiet:
376 1374 433 1441 bisi
452 1381 532 1441 sorte
556 1381 698 1462 abruptos
716 1395 867 1444 sennones
893 1394 1018 1463 uterque
1037 1381 1195 1452 sine'cona
1228 1393 1233 1401 ‘

63 1468 147 1520 texto
165 1459 279 1518 recitat.
910 1459 913 1465 ’
1161 1503 1165 1510 ,

141 1540 190 1598 16.
227 1533 280 1593 Sic
298 1533 392 1594 decem
409 1532 467 1592 lucc
488 1547 582 1593 uestro
603 1553 704 1593 coram
725 1531 892 1599 dominibus.
930 1536 1091 1614 Postquam
1110 1531 1195 1614 Apo-

62 1609 159 1670 stolos
177 1611 207 1670 in
228 1624 265 1670 eo
284 1610 377 1692 gradu
396 1610 509 1692 positos
530 1631 592 1671 esse
616 1611 717 1673 docuit
738 1611 889 1687 Christus,
913 1624 946 1671 ut
961 1623 1029 1688 ,tam
1042 1611 1123 1672 'vitia
1142 1629 1196 1670 eos
1279 1679 1280 1682 Ἴ

4 1745 6 1768 Ι
62 1708 131 1745 rum
152 1707 239 1766 quam
257 1690 378 1748 virtutes
395 1687 502 1780 procul
521 1699 680 1769 appareant
705 1689 868 1748 iubenum
892 1689 937 1748 vel
964 1687 1071 1747 malum
1096 1707 1195 1746 erem-

4 1775 5 1798 ³
61 1753 157 1842 plu'm,
177 1785 257 1824 nnnc
275 1765 358 1824 iubet
374 1777 464 1826 vitam
483 1765 535 1824 ito¹
547 1777 790 1845 componerent
809 1783 911 1826 omnes
931 1765 967 1824 ad
985 1764 1082 1824 Deum
1102 1764 1196 1846 glori-

61 1840 208 1899 ficandum
230 1842 365 1910 excitent.
383 1857 387 1874 *
404 1841 546 1916 Videant,
572 1843 682 1922 inquit,
707 1841 841 1903 homiues
864 1841 946 1920 ,bona
971 1853 1066 1902 vestra
1092 1861 1195 1922 opera,

62 1918 146 1994 quia,
167 1929 242 1978 teste
262 1918 354 1979 Paulo
374 1919 430 1997 (ll.
451 1918 521 1980 Cor.
541 1924 575 1995 8,
595 1928 669 1998 12),
694 1941 756 1979 non
780 1930 895 1980 tantum
915 1935 1015 1980 coram
1033 1917 1118 1993 Deo,
1142 1917 1195 1979 sed

4 2013 5 2044 3
63 1995 151 2052 etiam
171 2015 269 2054 coram
290 1996 457 2056 homiuibus
476 1995 577 2056 fideles
597 1995 677 2057 bona
696 2008 866 2078 procurant.
903 1996 978 2056 Nam
999 1995 1085 2074 ¹quod
1104 1995 1193 2075 paulo

4 2079 5 2084 ’
61 2081 133 2148 post
151 2070 276 2134 latebras
297 2085 328 2132 ct
350 2091 493 2148 secessum
514 2093 656 2152 quaerere
681 2073 795 2134 iubebit
813 2074 843 2132 in
871 2073 957 2134 bonis
981 2072 1137 2154 operibus,
1162 2069 1195 2129 id

60 2156 178 2207 tuntum
197 2150 390 2230 corrigendae
410 2148 565 2208 ambitioni
585 2150 694 2228 dictum
714 2162 766 2210 est.
797 2151 884 2209 Nunc
903 2170 974 2210 vero
994 2149 1085 2231 longe
1104 2150 1195 2209 alium

60 2223 151 2282 finem
171 2226 372 2301 commendat,
396 2226 481 2284 unius
500 2224 611 2284 scilicet
629 2226 688 2283 Dei
713 2225 844 2306 gloriam.
884 2225 979 2286 Porro
1000 2229 1024 2287 si
1044 2228 1193 2288 bonorum

60 2321 186 2382 operum
206 2300 298 2384 gloria
318 2303 375 2361 rite
392 2301 484 2360 tribui
496 2300 571 2360 'Deo
597 2301 715 2380 nequit,
741 2303 812 2380 quin
843 2301 885 2360 illi
910 2303 1044 2362 ferantur
1073 2314 1193 2384 accepta

60 2391 91 2437 et
112 2391 267 2438 censeatur
286 2379 389 2438 unicus
409 2397 510 2437 eorsum
530 2388 647 2452 auctor,
671 2377 739 2454 hinc
762 2385 907 2456 apparet,
921 2397 986 2436 uon
1010 2381 1071 2438 siue
1091 2390 1194 2458 aperta

59 2473 213 2532 crassaque
232 2454 292 2512 Dei
311 2453 487 2512 contumelia
507 2452 632 2512 liberum
653 2453 806 2512 arbitrium
826 2453 941 2529 extolli,
967 2456 1046 2530 quasi
1072 2473 1106 2512 ex
1130 2455 1193 2514 cius

4 2521 6 2546 '
57 2533 175 2594 virtute·
190 2528 268 2590 bona
289 2548 379 2608 opera
397 2527 444 2590 vel
464 2531 494 2587 in
513 2540 610 2588 totum
633 2529 680 2588 vel
705 2549 738 2588 ex
764 2541 850 2608 pacto
867 2541 1027 2611 emergant.
1065 2529 1193 2590 Rursum

58 2607 223 2670 notandum
245 2619 298 2682 est,
317 2626 405 2681 quam
425 2606 556 2688 benigno
574 2603 728 2666 nobiscum
747 2616 815 2688 agat
833 2606 929 2680 Deus,
950 2607 1000 2686 qni
1020 2619 1121 2668 nostra
1140 2627 1193 2669 vo*

58 2699 105 2748 cat
125 2686 205 2746 bona
224 2703 332 2766 opera,
352 2685 477 2762 ipuorum
497 2682 618 2743 solidam
637 2682 752 2744 laudem
772 2687 835 2744 iure
854 2683 910 2744 sibi
929 2684 1096 2756 ascriberet

99 2873 184 2958 (43.)
225 2873 396 2948 ΜΑΤΤΗ.
419 2875 459 2939 V.
478 2867 480 2872 ’
504 2873 551 2940 17.
571 2873 624 2938 Ne
647 2869 845 2954 existimetis,
868 2875 958 2963 quod
978 2875 1126 2948 venerint
1149 2873 1192 2951 ad

57 2977 288 3046 destruendam
308 2977 428 3061 Legem
456 2986 512 3041 eut
532 2975 727 3062 Prophetas:
759 2997 828 3042 nou
843 2969 936 3058 ,veut
957 2990 992 3045 ut
1021 2981 1204 3060 destruam,

56 3083 114 3148 sed
136 3089 174 3144 ut
194 3077 353 3170 impleam.
396 3077 446 3142 18.
468 3079 587 3156 Amen,
606 3079 728 3172 quippe
749 3076 824 3144 dico
845 3078 949 3160 vobis,
971 3079 1077 3146 donec
1097 3103 1191 3170 prae·
1228 3110 1230 3114 ·

56 3191 163 3250 terent
184 3179 311 3245 coc'lunr
336 3187 368 3243 et
388 3188 488 3256 terra,
501 3201 502 3204 ¹
515 3182 583 3260 iota
603 3199 703 3243 uuum
725 3189 780 3244 aut
802 3203 886 3247 unus
906 3175 987 3268 apex
1007 3206 1075 3252 non
1096 3178 1191 3272 pr'aess

55 3285 182 3349 terierit
201 3304 240 3346 ex
259 3281 361 3364 Lege,
384 3279 473 3376 quod
495 3282 605 3345 omnia
625 3279 714 3344 fiant.
755 3281 804 3346 19.
828 3282 985 3370 Quisquis
1005 3289 1105 3372 igitur
1124 3287 1190 3354 sol-.

54 3389 141 3450 verit
159 3403 258 3446 unum
282 3401 319 3445 ex
341 3379 497 3444 mandatis
519 3381 606 3445 hisce
628 3382 780 3458 minimis,
799 3393 831 3447 et
852 3385 899 3448 sic
920 3385 1069 3452 docuerit
1087 3388 1189 3454 honri-

55 3477 126 3565 ues,
152 3486 300 3573 minimus
321 3479 491 3546 vocabitur
513 3483 546 3547 in
567 3502 669 3566 regno
698 3480 879 3551 coelorum:
909 3489 1054 3574 quisquis
1081 3493 1188 3556 uuteni

56 3587 178 3652 lecerit
192 3593 223 3648 et
246 3583 402 3661 docuerit,
422 3582 474 3648 hio
493 3603 626 3668 maguus
643 3581 818 3682 ,vocabitur
835 3589 869 3650 in
886 3608 993 3674 reguo
1011 3587 1188 3655 coelorum.

136 3695 240 3786 LUC.
265 3718 350 3782 XVI.
393 3715 442 3782 17.
473 3706 616 3784 Facilius
644 3727 692 3782 est
720 3727 826 3782 autem
853 3711 980 3794 coelum
1008 3733 1040 3788 et
1067 3733 1187 3804 terram
1246 3711 1249 3718 ’

54 3824 248 3904 praeterire,
269 3840 366 3906 quarn
387 3819 482 3904 Legis
505 3821 627 3905 apicem
648 3842 748 3887 unum
768 3819 896 3885 cadere.
947 3865 949 3872 -

128 3983 298 4051 merebar.
338 3979 387 4045 Ne
404 3987 588 4055 estsemeats,
608 3997 660 4044 etc.
697 3985 761 4046 Etsi
782 3984 932 4061 Christus,
957 4005 1014 4065 qua
1034 3981 1184 4046 fulevius
1272 3969 1274 3978 ,

55 4063 252 4138 perfectione,
272 4064 377 4123 iactare
398 4062 503 4122 merito
524 4071 657 4142 poterat,
681 4063 845 4124 sevenisse
870 4063 964 4122 adim
987 4061 1102 4122 leudam
1122 4063 1182 4122 Le-

55 4157 135 4217 gem,
158 4139 208 4199 hic
231 4151 340 4200 tamen
351 4138 388 4198 de
408 4139 540 4199 doctrina
561 4139 674 4220 agitur,
698 4140 817 4201 nonde
841 4141 909 4202 rita.
950 4083 1039 4212 (iuis
1054 4139 1182 4203 subinde

55 4214 211 4294 clamabat,
233 4217 356 4277 venisse·
373 4236 496 4298 reguum
514 4215 589 4287 Dei,
615 4227 644 4274 et
669 4216 821 4276 hominum
844 4216 959 4278 animos
984 4215 1103 4277 insolita
1127 4237 1181 4298 spe
1260 4267 1261 4270 ,

54 4291 193 4370 erigebat,
214 4293 369 4374 discipulos
390 4294 474 4353 etiam
494 4292 628 4352 initiabat
647 4291 803 4374 baptismo,
823 4290 977 4374 probabile
990 4303 1045 4368 est,
1058 4309 1181 4374 suspeu-

53 4386 99 4426 sos
119 4387 152 4430 ac
172 4369 275 4432 dubios
295 4371 382 4432 fuisse
402 4371 561 4433 multorum
580 4371 703 4448 animos,
717 4371 859 4450 anxieque
872 4367 1027 4448 quaesisse,
1039 4389 1179 4450 quorsum
