2786 4742
96 1172 98 1183 ¹
202 1164 280 1226 quae
299 1144 356 1206 iam
374 1141 481 1202 misere
501 1139 547 1200 col

200 235 262 302 236
634 225 787 292 sscmo
801 225 892 288 vm

204 374 343 441 omnibus
352 369 446 433 Verbi
456 369 595 432 ministris
612 371 785 452 praescribi,
804 372 872 434 dnm
890 363 1086 454 praeconibus
1097 389 1164 432 suae
1175 369 1331 432 doetrinae

202 453 324 516 mandet
341 449 502 523 Dominus,
550 448 599 508 nid
625 467 676 510 eos
696 450 732 509 ad
752 449 841 510 breie
860 461 973 530 tempus
1000 449 1097 510 lacere
1115 447 1193 508 velit
1241 447 1330 521 Quse

203 530 317 592 inscitia
334 527 443 588 multos
464 525 535 586 ielel
549 527 586 600 it,
604 537 639 586 ut
656 527 720 586 sine
739 525 904 591 discrimine
923 525 960 588 ad
978 524 1054 586 banc
1073 545 1207 586 normam
1227 545 1329 586 omnes

203 605 299 668 Verbi
318 605 469 666 ministros
488 603 647 686 exigerent.

280 681 385 744 March.
404 687 432 744 1.
475 682 633 742 Arcessitus
655 675 811 740 duodecim.
855 681 1003 742 Numerus
1028 677 1225 738 duodenarius
1250 677 1327 738 lutu-

158 773 162 780 '
202 781 266 822 ram
291 757 440 822 Ecclesiae
470 756 709 818 instaurationem
735 757 865 817 notabat
915 757 999 817 Sicut
1030 757 1108 816 enim
1138 754 1265 847 populus
1296 774 1327 812 ex

203 835 360 899 duodecim
380 834 554 894 Patriarcbis
579 845 661 894 ortus
686 845 762 907 erat,
792 833 832 892 ita
858 853 936 894 nunc
961 833 1094 914 reliquias
1118 831 1270 912 dissipatas
1294 829 1328 890 ad

202 913 328 996 originis
348 931 416 972 suae
435 910 606 976 memoriam
631 921 751 970 revocat
771 909 921 986 Christus,
950 921 985 969 ut
1008 910 1044 970 de
1067 929 1118 969 sua
1141 907 1328 968 restitutione

203 1003 315 1054 certam
340 1011 353 1050 s
376 1008 422 1048 em
447 987 624 1068 concipiant
672 985 737 1046 Etsi
767 997 864 1048 autem
890 986 920 1045 in
941 986 1056 1048 Iudaea·
1073 1005 1134 1045 non
1158 985 1197 1045 ita
1227 985 1328 1044 floruit

201 1087 329 1152 regnum
348 1009 417 1136 dei,
436 1075 470 1124 ut
488 1063 549 1124 inte
571 1083 604 1122 er
622 1061 713 1122 luerit
730 1083 769 1144 po
794 1063 835 1123 uli
852 1075 954 1140 status,
975 1063 1047 1144 quin
1065 1061 1163 1142 potius
1176 1081 1251 1144 gens
1270 1061 1329 1133 ills,

550 1085 627 1220 iapsa
645 1150 718 1213 eret,
737 1083 867 1200 oblatam
886 1140 1008 1222 gratiam
1027 1139 1192 1219 spernendo
1213 1139 1328 1202 suain-

203 1221 383 1306 gratitudine
402 1217 446 1278 bis
465 1217 562 1302 peripe
582 1213 701 1275 meruit:
721 1213 779 1276 boc
797 1227 895 1276 tamen
915 1233 975 1276 nou
987 1216 1111 1290 obstitit,
1124 1215 1201 1296 ,quin
1221 1217 1328 1274 iterum

201 1308 375 1360 nasceretur
386 1315 478 1356 novus
489 1293 624 1376 populus.
646 1293 755 1356 Postea
773 1291 883 1356 sactum
896 1304 929 1354 ut
948 1292 1052 1356 eSion
1070 1311 1118 1352 sce
1140 1305 1218 1352 trum
1237 1292 1328 1352 virtu

142 1393 145 1400 '
202 1375 242 1436 tis
261 1374 330 1434 Filii
349 1371 395 1434 sui
410 1371 526 1454 longius
547 1372 705 1444 emitteret,
724 1381 758 1429 ut
769 1382 921 1431 manarent
940 1390 974 1431 er
992 1370 1077 1430 fonte
1095 1311 1146 1430 illo
1166 1369 1259 1442 fluvii,
1280 1367 1327 1448 qui

202 1451 287 1536 large
297 1449 464 1532 irrigarent
478 1460 605 1541 quatuor
623 1447 724 1507 mnudi
744 1446 851 1530 plagas.
890 1446 917 1506 Τ
920 1469 977 1507 unc
996 1445 1215 1524 undiqueDeus
1235 1445 1328 1506 lsrae-

172 1525 176 1540 '
202 1529 266 1590 lem
285 1547 368 1588 suurn
389 1524 524 1608 collegrt,
548 1538 583 1585 ut
601 1524 802 1591 coalescerent
819 1525 850 1584 in
876 1545 965 1584 unum
985 1543 1107 1602 corpus,
1127 1543 1193 1582 ,non
1212 1534 1326 1582 tantum

204 1605 334 1686 dispersa
355 1613 385 1662 et
404 1603 499 1663 lacera
519 1603 665 1675 membra,
689 1600 751 1662 sed
766 1600 916 1676 homines,
942 1600 993 1680 qui
1008 1612 1078 1659 ante
1123 1620 1220 1660 torsus
1240 1599 1325 1660 alieni

201 1681 356 1744 fueranta
375 1677 489 1760 populo
507 1679 574 1739 Dei.
594 1679 780 1812 ,Νοινοτῆο
807 1677 912 1738 frustra
932 1676 1077 1738 Dominus
1101 1619 1257 1736 duodecim
1275 1697 1325 1738 ve·
1365 1719 1366 1728 η

201 1757 258 1819 luti
278 1755 460 1816 Patriarcbas
486 1755 669 1816 constituens
693 1753 752 1812 Ecc
766 1753 842 1813 esiae
873 1754 1097 1828 renovationem
1122 1763 1244 1814 testatus
1273 1763 1322 1813 est

201 1832 288 1902 Adde
296 1831 388 1982 (pund
407 1829 465 1890 boe
484 1851 608 1889 numero
628 1829 780 1889 admonuit
798 1829 941 1907 ludaeos,
965 1829 998 1888 in
1018 1849 1105 1910 quem
1123 1829 1211 1888 finem
1230 1831 1322 1920 venis:

200 1919 340 2046 liiaelem
358 1981 472 2064 genuit
522 1981 555 2074 ιδί
575 1980 734 2072 pmmordia
753 1992 884 2073 spectes,
913 1981 1006 2073 videri
1025 1993 1124 2062 posset
1142 1981 1198 2043 boc
1214 1983 1318 2042 ridicu-

146 2095 152 2106 *
200 2061 279 2136 lum,
311 2059 391 2140 quod
411 2054 544 2118 obscuris
570 2069 601 2118 et
629 2056 736 2117 nulllus
760 2059 849 2139 pretii
872 2057 1041 2120 bominrbus
1065 2071 1124 2120 tam
1149 2059 1317 2120 honorificas

121 2161 125 2170 ’
199 2157 341 2278 personas
362 2133 496 2197 Christus
514 2135 667 2215 imposuit:
692 2154 840 2196 successus
862 2148 962 2196 tamen
986 2136 1181 2210 incredibilis,
1210 2147 1314 2201 ettam

329 1905 376 1966 uia
397 1925 469 1966 vero
495 1905 555 1964 Dei
585 1903 695 1996 gratiae
726 1902 825 1966 locum
852 1927 914 1965 non
945 1905 1106 1983 dederunt,
1134 1925 1243 1966 novum
1269 1906 1319 1966 sibr

216 2213 328 2276 ecunda
351 2211 500 2272 Ecclesiae
551 2211 705 2294 repagatio
731 2209 875 2287 ostendit,
903 2212 1065 2293 Apostolos
1090 2213 1209 2273 leonoris
1232 2213 1315 2295 gradu
1365 2261 1366 2274 ,

201 2303 234 2354 et
252 2233 563 2352 iocunditatesobolis
583 2309 645 2350 non
664 2289 754 2350 modo
765 2289 941 2352 Patriarcbis
956 2309 1018 2352 nou
1030 2291 1146 2369 redere,
1165 2290 1313 2352 sedetiam
1365 2281 1366 2337 l

178 2369 293 2454 ,longe
312 2366 501 2448 praecellere.
965 2395 967 2404 a

263 2441 371 2520 ,Dede
387 2447 428 2504 eis
441 2455 619 2520 potestestas.
659 2441 739 2518 Quia
753 2441 830 2502 inter
848 2441 982 2504 homines
995 2442 1076 2504 nullo
1087 2442 1227 2504 sereloco
1240 2454 1313 2503 erant

200 2521 358 2606 Apostoli,
376 2521 485 2602 legatio
506 2533 619 2596 autern,
639 2542 724 2601 quarn
744 2519 800 2580 illis
820 2520 901 2580 iniun
925 2522 948 2580 it
967 2519 1114 2595 Christus,
1133 2522 1227 2581 divina
1246 2531 1312 2580 erate

144 2637 166 2679 ῃ
202 2601 311 2662 deinde
330 2619 427 2678 neque
446 2598 580 2680 ingenio,
599 2617 694 2677 neque
714 2595 848 2658 facundia
866 2541 1033 2679 pollebant,
1052 2600 1095 2658 rei
1114 2612 1210 2668 autem
1230 2600 1313 2660 excel·
1364 2635 1365 2703 p

200 2675 292 2738 lentie
312 2688 343 2736 et
366 2674 480 2736 novitas
504 2673 696 2753 requirebant
719 2673 891 2754 plusquam
921 2675 1059 2738 humanas
1079 2677 1178 2737 dotesz
1205 2697 1313 2740 necesse

200 2753 260 2816 tuit
279 2751 402 2812 aliunde·
415 2749 471 2811 illis
489 2745 693 2812 ruotdritstem
705 2749 854 2810 accedere.
893 2750 1027 2820 Christus
1047 2772 1118 2835 ergo
1135 2754 1252 2816 edendis
1264 2756 1313 2814 mi-
1363 2785 1364 2832 l

200 2828 308 2894 ranulis
329 2847 380 2887 eos
399 2827 572 2908 praeficiens
590 2823 725 2887 coelestis
744 2827 893 2906 potentiae
912 2829 1074 2910 insignibus
1094 2831 1224 2906 instruit,
1248 2852 1314 2910 quac
1363 2835 1364 2854 ³

200 2905 290 2965 fidem
310 2925 344 2964 ac
362 2896 557 2978 reverentiam
577 2902 737 2963 concilient
755 2904 832 2983 apud
852 2905 1002 2986 populum.
1046 2907 1145 2986 Atque
1163 2905 1231 2968 binc
1248 2908 1313 2992 legi-

200 2984 289 3074 timus
308 2981 517 3072 miraculorum
536 3001 603 3039 usus
624 2976 781 3071 colligitur,
800 3001 867 3041 nam
887 3001 984 3072 quum·
995 2981 1147 3074 Evangelii
1165 2985 1313 3064 praecones
1363 2991 1364 3000 ’

199 3055 735 3212 lettr‘z'tlslllllttfihllll
751 3056 1313 3218 lttlll“tltttgltftllltlsl

200 3211 281 3272 bunc
299 3230 404 3270 nexum
425 3210 599 3288 abrumpere
619 3209 661 3270 les
680 3230 744 3271 non
763 3222 815 3271 est.
855 3211 956 3286 ertre
969 3209 1084 3273 Telsatii
1096 3226 1164 3274 sunt
1182 3215 1311 3296 Papistae,
1362 3207 1363 3270 l

183 3298 233 3350 ·et
251 3306 342 3367 opera
362 3285 420 3346 Dei
436 3285 578 3346 scelerate
598 3285 633 3346 de
657 3298 757 3347 cavant
774 3288 902 3348 verbum'
914 3300 936 3349 ι
950 3289 1096 3350 miraculis
1114 3295 1279 3372 separando.
1362 3317 1363 3334 ¹

277 3369 305 3428 2.
341 3363 462 3454 Priorem
479 3363 590 3422 Simon.
627 3307 742 3424 lissulse
761 3363 961 3426 Romanenses
981 3368 1133 3445 primatum
1152 3390 1234 3428 suum
1253 3371 1310 3431 binc
1362 3395 1363 3400 ¹

200 3440 331 3504 eliciunt.
368 3439 500 3498 Primum
519 3439 771 3520 interbpostolos
792 3441 879 3501 fuisse
892 3443 1046 3503 Simonem
1060 3445 1179 3504 Petrum
1198 3446 1310 3508 libenter

199 3521 342 3583 fatemur:
373 3513 425 3576 sed
444 3507 525 3594 quod
544 3517 622 3577 inter
638 3538 750 3610 paucos
770 3517 903 3579 homines
921 3517 1026 3595 valuit,
1052 3521 1087 3581 ad
1105 3533 1202 3582 totum
1221 3525 1308 3584 orben

179 3594 372 3672 ‚extendere
391 3591 472 3652 nulla
491 3593 566 3654 ratio
585 3605 704 3674 patitur.
742 3593 828 3654 Adde
838 3593 929 3676 quod,
949 3597 1000 3674 qui
1019 3597 1126 3678 primus
1146 3594 1309 3674 numeratur,

200 3693 264 3737 uon
283 3671 352 3734 ideo
378 3669 513 3752 protinus
536 3669 616 3730 inter
640 3691 708 3732 suos
733 3669 861 3752 collegas
885 3673 1046 3734 dominium
1071 3673 1168 3736 babet.
1211 3679 1266 3738 lan
1281 3689 1308 3736 ut

182 3749 306 3814 ,omnia
319 3747 375 3808 illis
396 3765 470 3827 quae
489 3747 639 3826 postulant
659 3749 695 3807 de
707 3748 798 3809 Petro
819 3750 929 3821 demus,
950 3752 1045 3812 donec
1065 3751 1170 3831 impios
1190 3767 1219 3814 et
1236 3753 1307 3816 sacri·

199 3829 283 3966 lepos
303 3835 447 3903 apostatas
467 3823 549 3883 Petri
567 3844 751 3888 successores
771 3844 833 3885 esse
852 3825 1000 3906 probent,
1028 3828 1090 3888 eius
1110 3829 1233 3915 dignitas
1250 3829 1307 3890 nibil

200 3925 217 3966 a
257 3903 419 3963 Romanam
437 3899 545 3974 sedem.
654 3931 658 3936 ¹
1125 3947 1126 3952 κ
1360 3917 1361 3926 ’

248 3987 305 4045 ,5.
343 3975 478 4046 luviem
492 3978 629 4054 gentium.
668 3977 749 4038 Hinc
767 3976 1015 4072 clariusapparet
1046 3981 1105 4042 uod
1127 4003 1220 4064 nuper
1231 3983 1307 4065 attigi,
1360 3995 1361 4006 ¹

183 4099 185 4104 -
200 4076 264 4118 nou
283 4055 342 4116 elio
360 4067 505 4134 spectasse
517 4075 631 4132 munus,
643 4056 730 4138 ¹quod
749 4067 821 4116 tunc
842 4057 1011 4136 impositum
1025 4001 1248 4139 intrapostolis,
1263 4065 1308 4122 nisi

200 4143 236 4192 ut
253 4129 379 4191 Iudaeos
399 4132 430 4190 in
449 4151 531 4212 spem
572 4131 735 4212 ropinquae
755 4130 853 4192 salutis
874 4135 1026 4194 excitando
1046 4147 1175 4196 attentos
1187 4139 1222 4198 ad
1236 4139 1321 4200 curi..

199 4217 278 4264 stum
298 4207 475 4268 audiendum
493 4152 666 4270 redderent:
685 4206 753 4268 ideo
773 4230 852 4268 nunc
872 4231 975 4289 eorum
994 4233 1096 4272 vocem
1116 4212 1238 4274 Iudaeae
1254 4216 1308 4275 lini-
1354 4239 1360 4368 p

200 4277 256 4367 bus
276 4281 409 4372 includit,
429 4307 516 4364 quam
535 4295 636 4366 postea
654 4284 765 4364 ubique
784 4287 824 4346 ed
840 4285 959 4347 ultimos
978 4288 1058 4349 orbis
1077 4289 1148 4350 fines
1169 4311 1309 4372 personare

201 4351 294 4416 rubet
314 4355 419 4420 vlistro
439 4373 495 4442 est,
513 4361 581 4446 quia
599 4361 738 4430 missust
755 4361 845 4430 Ratre
865 4375 928 4434 eret
941 4363 1181 4454 circumcisionis
1194 4369 1308 4432 minister

999 4553 1000 4566 l
1228 4552 1231 4566 t

1066 4585 1070 4594 ¹
1228 4585 1231 4598 Ι

1179 4617 1183 4626 ι
