2824 4756
120 255 122 262 “
183 247 222 308 68
326 195 521 304 imm
541 239 599 300 111.
636 239 711 302 lesu
729 254 879 302 uernans
899 255 940 302 cr
958 255 1160 304 cusanam.

115 391 119 408 “
194 390 270 450 cives
294 378 391 448 subita
414 385 457 446 rel
481 385 626 461 novitate,
665 385 775 448 etiamsi
805 385 913 447 laetum
938 385 1072 446 nuntium
1097 387 1134 446 de
1157 382 1241 466 Rege
1266 385 1331 446 sibi

195 477 267 527 nato
287 463 393 544 cupide
413 462 594 542 exciperent:
614 459 661 523 vel
682 464 762 544 quod
781 463 863 524 malis
882 466 997 535 assueti,
1018 475 1048 522 et
1066 475 1189 544 propter
1209 462 1335 520 diutur-

196 561 263 604 nam
285 539 452 622 patientiam
473 539 603 599 obducto
624 537 697 600 callo
718 541 909 612 mutationem
930 540 1096 615 timuerint,
1121 559 1158 597 ne
1179 559 1233 618 qua
1255 539 1335 599 indo

198 629 367 680 nasceretur
385 617 479 676 maior
498 616 602 676 clades.
643 617 694 676 Sic
722 619 799 676 enim
826 617 971 676 continuis
992 616 1075 676 bellis
1096 615 1188 674 attriti
1207 617 1334 680 fuerant

200 707 230 754 et
253 714 347 788 prope
371 693 551 770 consumpti,
577 704 610 752 ut
628 691 857 774 illistmiserahet
876 692 999 753 crudelis
1019 693 1139 754 servitus
1166 713 1230 750 cum
1273 711 1333 751 ace

198 772 354 836 coniuncti
374 790 435 829 nou
455 768 616 831 tolerabilis
636 770 736 844 modo,
756 770 806 830 sed
827 790 844 829 o
868 769 964 829 tabilis
985 790 1103 860 quoquc
1123 768 1209 827 foret.
1267 769 1331 826 nde

196 848 383 932 perspicitur,
401 867 486 925 quom
506 845 580 905 male
599 847 793 938 profecissent
809 791 865 906 suh
875 846 932 906 Dei
952 846 1087 926 flagellis:
1108 845 1331 926 obtorpuerant

199 928 276 986 enim
301 935 438 1002 stupore,
463 933 496 983 ut
519 924 574 980 iam
600 923 658 982 rllis
685 924 825 1002 promissa
850 924 1015 1002 redemptio
1037 935 1067 981 et
1086 921 1160 982 salus
1180 921 1329 1000 quodam-

198 1003 289 1062 modo
311 1000 447 1058 foeteret.
484 1000 588 1078 Neque
615 999 692 1058 enim
718 999 838 1075 dubito,
864 1001 935 1079 quin
954 999 1122 1060 ,Matthaeus
1148 1017 1249 1056 eorum
1271 998 1328 1056 in-

129 1121 130 1129 .
197 1077 405 1160 gratitudinem
426 1087 529 1134 notare
548 1074 684 1151 voluerit,
704 1097 740 1136 eo
763 1077 841 1156 quod
862 1075 1006 1135 malorum
1018 1075 1116 1135 taedio
1137 1073 1221 1134 fracti
1239 1087 1327 1154 spem

197 1176 230 1216 ac
250 1152 425 1212 desiderium
445 1151 554 1231 gratiae
574 1152 628 1210 sibi
647 1155 808 1232 promissae
826 1152 1003 1213 obiecerant.
1028 1181 1031 1191 =
1068 1200 1070 1203 .

274 1237 302 1293 4.
344 1228 510 1286 Convocatis
526 1227 727 1293 sacerdotibus.
766 1229 895 1292 Tametsi
916 1230 952 1288 de
973 1229 1105 1290 Christo‘
1119 1227 1208 1288 altum
1231 1225 1326 1286 silen-

197 1311 271 1370 tium
292 1316 354 1365 erat
373 1302 501 1364 irs-auls*
513 1305 656 1380 Herodis,
681 1305 766 1366 s'mul
790 1319 887 1369 tamen
915 1328 947 1366 ac
967 1305 1056 1386 Regis
1081 1306 1191 1363 mentio
1217 1303 1327 1363 iniecta

198 1385 256 1447 suit
279 1405 295 1442 a
319 1403 363 1439 ma
388 1381 426 1456 is,
449 1382 573 1440 veniunt
595 1383 626 1442 iu
650 1331 778 1446 alutem
804 1383 994 1475 prophetiae,
1019 1401 1093 1462 quae
1117 1383 1147 1440 in
1173 1381 1327 1440 oblivione

196 1463 277 1545 prius
302 1401 445 1516 iacehant.
489 1458 620 1518 Proinde
643 1461 738 1520 statim
764 1461 885 1520 comicrt
911 1460 1063 1533 Herodes,
1094 1458 1205 1538 Regem
1230 1455 1327 1531 illum,

200 1541 236 1598 de
264 1555 322 1614 quo
350 1546 493 1613 quaerunt
517 1537 609 1619 magi,
634 1537 770 1598 Messinm
796 1557 857 1597 esse
884 1536 959 1595 olim‘
981 1535 1117 1595 divinitus
1141 1532 1326 1612 promissum.

196 1611 295 1692 Atque
315 1610 515 1670 hinc·rursum
528 1626 659 1694 apparet,
678 1615 755 1675 serio
773 1613 903 1674 timuisse
915 1613 1076 1684 Herodem,
1096 1611 1164 1670 dum
1183 1612 1223 1670 ita
1242 1609 1327 1670 anxie
1405 1639 1406 1646 .

193 1689 329 1770 inquirit:
355 1689 544 1750 neonirun.
583 1691 684 1763 Quum
706 1692 783 1750 enim
801 1689 967 1750 meticulosi
990 1689 1049 1749 sint
1068 1707 1170 1749 omnes
1193 1687 1323 1767 tyranni,

197 1779 227 1830 et
247 1765 311 1844 plus
330 1759 387 1823 illis
407 1767 529 1826 terroris
549 1767 663 1850 infligat
681 1789 732 1827 sua
751 1768 881 1846 ipsorum
901 1765 1030 1839 saevitia,
1050 1786 1135 1845 quam
1156 1763 1216 1823 aliis
1236 1764 1321 1821 incu-

195 1845 262 1915 tiat,
282 1840 432 1900 Herodem
454 1863 523 1922 prae
544 1843 606 1903 aliis
627 1845 763 1923 pavidum
783 1862 847 1903 esse
866 1843 1010 1924 oportuit,
1029 1854 1062 1902 ut
1082 1845 1131 1920 qui
1150 1861 1182 1900 se
1201 1840 1324 1900 adverso

196 1920 264 1980 Deo
284 1937 408 1999 regnare
427 1919 563 1978 sentiret.
596 1920 693 1981 Porro
714 1941 790 1980 nova
809 1919 881 1980 haec
899 1919 1050 1998 inquisitio
1074 1918 1217 1990 ostendit,
1232 1937 1324 2066 (quam

197 2016 308 2058 crassus
328 2005 395 2054 ante
414 2015 566 2076 magorum
587 1997 743 2056 adventum
757 1995 868 2058 Christi
887 2006 1074 2075 contemptus
1093 1995 1202 2054 luisset.
1263 1993 1324 2052 uod

158 2122 163 2126 -
192 2074 313 2136 sincere
332 2077 373 2130 ex‘
386 2069 535 2152 Scriptura
555 2073 738 2154 respondent
758 2073 871 2134 scribae
898 2083 929 2131 et
953 2071 1107 2152 pontifices
1134 2071 1199 2150 (qui
1223 2080 1323 2128 tanren
1405 2071 1406 2128 Ξ

197 2159 302 2232 postea
322 2147 432 2208 luriose
452 2170 641 2230 corrumpere
661 2162 751 2210 totam
764 2150 945 2230 Scripturam
957 2149 1054 2208 conati
1065 2159 1141 2220 sunt,
1153 2167 1190 2205 ue
1204 2145 1323 2207 Christo

197 2244 308 2286 nomen
331 2225 459 2300 darent),
483 2227 553 2287 ideo
573 2229 679 2288 factum
701 2239 757 2303 est,
784 2229 850 2306 quia
869 2226 1000 2287 nondum
1020 2225 1159 2284 molestus
1180 2234 1242 2282 erat
1264 2222 1321 2281 illis

157 2343 161 2354 .
198 2301 332 2365 Christus
357 2324 423 2361 cum
448 2324 503 2363 suo
530 2304 701 2386 Evangelio.
759 2304 808 2364 Sic
839 2323 941 2364 omnes
970 2303 1051 2382 impii
1079 2302 1110 2360 in
1140 2298 1322 2382 generalibus

197 2378 348 2514 principiis
367 2379 433 2439 Deo
454 2377 538 2440 lacile
558 2381 759 2455 subscribunt,
783 2381 834 2440 sed
860 2381 911 2440 uti
936 2381 1057 2460 propius
1072 2399 1135 2440 ,eos
1154 2397 1256 2459 urgere
1275 2375 1321 2433 in-

198 2455 271 2538 cipit
321 2456 347 2514 ei
365 2455 492 2537 veritas,
506 2459 704 2518 contumaciae
724 2477 792 2518 suae
810 2458 887 2517 virus
908 2467 1056 2517 evomunt.
1095 2453 1186 2515 Cuius
1206 2454 1248 2513 rei
1267 2451 1322 2511 ho-

201 2534 249 2594 dic
268 2531 381 2593 illustre
408 2538 551 2596 cernimus
577 2534 740 2617 exemplum
764 2536 794 2594 in
815 2535 855 2594 Pa
879 2535 948 2594 istis.
987 2531 1236 2611 Christumeuim
1260 2529 1321 2588 siue
1405 2599 1406 2606 ἵ

199 2609 400 2671 controversia
420 2610 550 2671 latentur
573 2613 756 2706 unigenitum
776 2612 834 2671 Dei
853 2557 876 2669 i
880 2611 972 2684 ilium,
999 2629 1086 2670 carne
1112 2620 1211 2668 nostra
1234 2605 1320 2665 iudu-

198 2697 280 2760 tum,
307 2698 338 2744 et
362 2687 392 2744 in
414 2686 525 2747 duabus
544 2700 652 2750 naturis
672 2711 760 2748 unam
779 2688 837 2746 Dei
862 2699 892 2746 et
911 2687 1037 2746 hominis
1055 2705 1210 2766 personam
1229 2703 1320 2764 agno·
1405 2695 1406 2710 ¹

198 2772 296 2824 scunt:
322 2761 372 2821 sed
396 2760 448 2820 ubi
467 2774 586 2823 ventum
612 2778 657 2826 est
679 2765 715 2823 ad
735 2763 845 2826 Christi
870 2764 1007 2823 virtutem
1033 2776 1063 2822 et
1087 2761 1229 2834 officium,
1254 2778 1320 2818 mox
1405 2803 1406 2806 η

199 2836 283 2897 ardet
302 2837 467 2912 conflictus,
487 2841 553 2917 quia
574 2841 604 2898 iu
625 2841 759 2906 ordinem
779 2860 810 2899 se
831 2839 898 2920 cogi
917 2860 978 2898 non
997 2841 1156 2912 sustinent,
1176 2859 1208 2898 ac
1229 2835 1318 2896 multo
1343 2830 1349 2854 '

199 2911 346 2992 miuus'iu
366 2912 489 2973 nihilum
510 2916 611 2996 redigi.
650 2917 686 2976 lo
706 2937 829 2989 summa,
850 2927 992 2995 quatenus
1013 2917 1084 2976 nihil
1103 2916 1159 2975 sibi
1175 2913 1320 2973 'decedere

197 2986 346 3124 gutabunt
363 2986 460 3070 impii,
483 2990 552 3052 Deo
573 3005 604 3051 et
622 2992 791 3072 Scripturae
811 2992 919 3072 aliquid
944 2995 1127 3054 reverentiae
1151 2991 1321 3054 concedent

225 3063 261 3123 cd
281 3064 332 3125 ubi
352 3069 493 3127 consertis
513 3067 643 3129 manibus
664 3091 728 3130 cum
741 3067 913 3143 ambitione,
933 3071 1061 3147 avaritia,
1082 3072 1172 3144 sustu,
1187 3089 1319 3150 perversa

195 3141 316 3215 fiducia,
336 3141 354 3200 h
398 3143 483 3204 ocrisi
503 3156 533 3203 et
553 3143 702 3206 fraudibus
723 3145 859 3227 confligit
879 3144 1027 3224 Christus,
1048 3160 1118 3208 tunc
1138 3149 1232 3207 omnis
1256 3165 1318 3205 mo-

202 3213 312 3276 destiae
333 3163 418 3278 odini
438 3220 468 3279 in
487 3219 596 3280 rabiem
617 3222 761 3285 feruutur.
788 3223 919 3282 Sciamus
940 3242 1023 3302 ergo,
1043 3223 1174 3286 hostibus
1193 3222 1318 3284 veritatis

184 3317 188 3325 ·*
199 3293 388 3374 praecipuam
408 3297 622 3360 excoecationis
634 3322 746 3362 causans
760 3319 822 3360 esse
833 3320 938 3382 pravos
957 3303 1088 3378 allectus,
1108 3304 1158 3384 qui
1177 3301 1270 3362 lucem
1284 3300 1319 3359 iu

138 3419 153 3442 ς,
199 3368 336 3430 tenebras
357 3385 542 3433 convertunt.
574 3393 577 3398 ¹
1032 3399 1034 3403 ·
1174 3379 1180 3390 “

275 3450 303 3536 (ἰ.
341 3446 382 3506 Et
400 3457 431 3508 tu
448 3447 632 3512 esteten«
659 3453 731 3516 Nou
743 3452 870 3515 ,dubium
893 3463 949 3544 est,
975 3455 1048 3537 q'uiu'
1066 3453 1178 3518 scribae
1197 3454 1318 3515 fideliter

185 3542 250 3584 'sua
268 3521 367 3604 lrngua
386 3525 545 3586 verborum
565 3540 732 3590 contextum
753 3531 916 3607 citaverint,
936 3532 1028 3613 qualis
1048 3545 1138 3594 exstat
1158 3533 1232 3614 apud
1245 3533 1317 3592 Pro·

151 3650 163 3676 Ἴ,
197 3598 325 3689 phetam.
352 3599 412 3660 Sed
424 3601 587 3665 Matthaeus
605 3607 672 3666 satis
693 3606 793 3667 habuit
812 3610 911 3670 locum
930 3621 1043 3671 notare.
1071 3611 1111 3670 Et
1130 3612 1197 3690 quia
1216 3627 1317 3692 graece
1405 3653 1406 3660 .

196 3674 360 3766 scribebat,
385 3691 532 3760 receptam
552 3680 711 3742 lectionem
729 3699 868 3763 sequutus
888 3698 940 3746 est.
978 3688 1053 3747 Nam
1074 3707 1107 3746 ex
1127 3688 1268 3748 hocloco
1288 3692 1318 3742 et
1405 3703 1406 3760 j

196 3750 338 3842 similibus
358 3752 498 3838 colligere
518 3772 686 3839 promptum
706 3773 760 3834 est,
781 3762 879 3844 lingua
900 3763 1033 3826 hebraica
1051 3785 1112 3825 nou
1133 3765 1223 3826 l'uisse
1239 3781 1317 3823 com-

197 3829 382 3921 pontumal)
405 3851 440 3890 eo
460 3831 660 3927 Evangelium.
699 3837 795 3913 Porro
815 3841 872 3902 hoc
895 3861 1011 3922 semper
1035 3841 1246 3908 obsecrandum
1265 3851 1316 3914 est,

197 3917 314 3985 quoties
338 3907 456 3986 aliquod
484 3909 654 3990 Scrrpturae
679 3914 882 3977 testimouiuml
901 3917 1036 3978 citantb
1059 3920 1164 3997 ostoli,
1191 3917 1314 3999 quamvis

116 4043 117 4050 ,
197 3999 260 4040 uon
289 3981 413 4044 reddant
435 3984 557 4052 verbum
586 4007 621 4048 ex
642 3991 751 4067 verbo,
781 3993 841 4056 imo
866 3995 1012 4062 interdum
1038 3940 1130 4078 ionge
1161 3997 1316 4069 discedant,

159 4083 161 4088 s
197 4069 396 4138 congruenter
420 4071 518 4122 tamen
546 4075 576 4122 et
600 4069 732 4147 apposite
756 4067 792 4130 ab
816 4071 874 4131 illis
899 4071 935 4132 ad
960 4092 1073 4133 causam
1097 4072 1314 4134 accommodari.

198 4129 300 4220 Quare
318 4155 434 4270 semper
453 4139 605 4201 attendant
625 4143 767 4220 lectores,
792 4163 931 4226 quorsum
954 4146 1099 4210 adducant
1117 4150 1315 4232 Evangelistae

196 4203 372 4301 scripturae,
400 4233 485 4291 ocos,
509 4235 547 4276 ne
573 4220 743 4299 scrupulose
766 4223 797 4282 in
823 4223 942 4306 singulis
966 4225 1063 4286 ve'rbis
1089 4227 1236 4302 insistant,
1265 4225 1314 4286 sed

177 4292 407 4371 1ςεοιιιςιιιιειιιῐ
427 4290 483 4381 hoc
503 4313 573 4369 uno,
594 4296 674 4376 quod
695 4297 845 4380 Scriptura
864 4321 1012 4383 nunquam
1027 4302 1067 4363 ab
1087 4303 1143 4370 illis
1163 4315 1315 4368 tornetur

192 4373 223 4411 ur
243 4356 367 4422 alrennm
383 4385 517 4468 sensum,
530 4372 580 4432 sed
599 4374 721 4456 proprie
740 4376 770 4438 in
790 4377 950 4460 genuinum
970 4399 1053 4442 usum
1073 4391 1197 4463 aptatur.
1214 4325 1309 4442 i'nrro
