2786 4742
426 257 488 358 (ili
503 253 556 316 'De
573 254 690 319 ieiuniis
708 256 847 336 emissit.)
1007 291 1015 304 ·
1145 259 1202 320 atr

75 395 157 462 certa
196 393 357 492 aedigogia
376 417 443 480 sues
463 395 620 480 discipulos
639 398 817 476 exercuisse,
841 405 929 480 atque
952 401 983 462 in
1008 400 1087 464 hunc
1110 399 1202 478 ¹linem

75 489 165 538 statos
206 474 322 535 ahursse
341 474 457 535 ieiuniis
478 474 563 547 dies,
581 477 788 556 praescriptam
809 477 911 537 orandi
931 477 1055 540 formam
1076 489 1107 538 et
1126 497 1201 551 conf

75 553 193 614 stitutas
212 550 314 612 horas:
333 547 402 612 ideo
421 571 523 632 preces
543 551 611 612 istas
629 552 708 611 inter
727 563 862 615 externos
881 553 1100 626 ritusnumcro.
1124 553 1201 614 Nam

77 631 133 689 etsi
151 627 210 706 Dei
230 627 378 690 invocatio
401 628 432 688 in
452 650 465 688 s
489 628 597 689 irituali
623 626 703 689 cultu
727 629 882 708 primatum
907 627 1006 704 tenet,
1032 631 1081 692 illa
1100 643 1223 690 tamen.

76 705 173 780 ratio,
192 704 227 764 ad
247 704 399 764 hominum
418 727 452 764 ru
475 705 575 765 itatem
595 725 661 766 com
685 704 772 780 osita,
791 705 897 764 merito
922 705 1001 764 inter
1021 708 1201 768 ceremonias

76 801 112 843 ac
130 801 177 842 res
196 780 306 842 medias
329 781 472 857 refertur,
497 801 619 862 quarum
643 725 821 842 observatio.
835 781 921 840 nimis
944 799 1044 842 severe
1069 805 1105 844 ur
1126 784 1202 844 enda

8 861 14 882 ²
77 879 140 919 non
161 861 213 918 est.
250 858 312 918 Iam
333 880 385 918 cur
402 860 547 919 austerior
565 854 965 948 fueritloaunisdisciplina.
981 877 1068 937 quam
1081 803 1202 936 cir-isti,

8 971 9 976 κ
77 933 148 997 alibi
167 933 298 1010 diximus,
318 936 472 996 etiterum
493 934 608 998 dicendi
628 935 710 996 locus
731 946 930 1016 opportunior
949 935 1013 994 erit.
1093 999 1094 1006 .
1247 955 1251 962 ·

153 1015 200 1076 15.
237 1010 646 1090 Numpossuatfiliisponsi
664 1012 831 1088 legereris.
869 1009 1058 1091 Atemporis
1079 1010 1202 1071 circum·

76 1087 181 1148 stantia
192 1087 476 1170 discipulosexcusat
488 1086 633 1164 Christus,
652 1089 731 1170 quod
743 1109 795 1149 eos
814 1085 909 1148 adhuc
928 1087 1060 1148 hilariter
1077 1098 1203 1148 tractare

8 1177 10 1238 t
41 1177 44 1184 ’
74 1163 158 1226 Deus
176 1163 260 1238 velit,
278 1165 338 1224 acsi
356 1165 466 1256 nuptiis
485 1164 674 1227 interessent:
693 1186 725 1228 se
745 1166 822 1225 enim
842 1185 952 1244 sponso
972 1176 1133 1256 comparat,
1153 1164 1204 1242 qui

8 1279 10 1320 t
74 1261 127 1302 aua
146 1241 309 1321 praesentia
328 1262 436 1310 amicos
457 1239 605 1302 exhilaret
644 1242 872 1322 chrysostomus
893 1240 966 1301 hanc
985 1241 1204 1301 simulitudinem
1289 1285 1291 1288 -

8 1349 34 1390 ,s
74 1328 220 1399 sumptam
241 1328 324 1398 putat
344 1309 378 1377 ex
397 1317 514 1378 Ioannis
534 1319 683 1399 Baptistae
702 1318 887 1391 testimonio,
914 1317 975 1392 Qui
1000 1316 1090 1376 habet
1112 1337 1204 1398 spou-

8 1395 11 1420 ¹
49 1411 137 1454 ‘sam
156 1397 280 1473 sponsus
301 1404 361 1455 est:
385 1394 466 1474 qnod
487 1413 543 1476 ego
564 1395 683 1474 quidem
707 1414 769 1455 non
788 1393 945 1474 improbo,
970 1392 1023 1455 sed
1047 1413 1108 1454 non
1134 1395 1203 1455 satis

74 1469 192 1530 firmum
213 1489 277 1532 esse
296 1469 434 1532 arbitror.
473 1470 541 1530 Hoc
555 1469 641 1532 nobis
658 1471 796 1546 sufficiat,
815 1471 896 1550 quod
914 1491 946 1530 se
966 1489 1088 1552 parcere
1108 1482 1138 1530 et
1157 1471 1205 1530 in-

75 1545 200 1628 dulgere
218 1547 276 1606 suis
297 1546 443 1628 discipulis
464 1547 589 1608 affirmat
615 1547 766 1623 Christus,
791 1568 877 1627 quam
898 1548 948 1607 diu
969 1569 1034 1608 cum
1062 1546 1205 1626 illisver-
1265 1571 1267 1576 ’

74 1633 183 1702 εειῐιινΙΙ
204 1622 251 1682 Ne
292 1621 334 1682 uis
353 1635 449 1685 autem
462 1623 557 1708 exigui
576 1624 717 1705 temporis
731 1624 970 1686 commoditatem
989 1623 1045 1684 illis
1065 1623 1205 1700 invideat,

8 1691 11 1730 ³
74 1697 165 1779 paulo
185 1710 258 1780 post
271 1643 373 1760 larius
393 1711 423 1760 et
449 1701 577 1782 asperius
603 1700 771 1761 tractandos
792 1719 853 1760 esse
873 1699 1133 1780 admonetfludc
1153 1721 1205 1762 au·
1225 1699 1237 1743 ἶ

10 1791 11 1794 ’
74 1787 138 1838 tem
156 1776 268 1855 pendet
287 1777 449 1853 excusatio,
469 1778 549 1859 quod
569 1777 712 1848 ieiunium
733 1789 763 1836 et
781 1785 883 1858 preces
896 1777 1031 1846 tristibus
1053 1788 1082 1836 ct
1100 1776 1204 1838 adver-

74 1851 113 1912 sis
133 1851 221 1912 rebus
241 1853 434 1914 conveniunt:
460 1875 562 1934 preces
583 1855 651 1916 dico
671 1854 931 1928 extraordinarias,
956 1875 1078 1934 quarum
1102 1851 1150 1915 hic
1170 1853 1205 1914 fit

8 1995 11 2010 .
73 1928 198 1989 mentio.
235 1929 342 1989 Voluit
358 1929 470 1991 scilicet
482 1931 616 1993 Christus
626 1931 766 2024 paulatim
786 1931 968 1992 assuefacere
987 1951 1038 1992 eos
1059 1929 1094 1993 ad
1107 1932 1206 1992 maio-

8 2013 10 2036 ¹
73 2025 138 2066 rem
157 2003 354 2082 tolerantiam,
375 2027 431 2067 nec
450 2007 573 2069 multum
593 2009 649 2068 illus
669 2009 768 2069 oneris
778 2009 816 2068 im
840 2027 943 2081 onere,
964 2007 1059 2068 donec
1075 2006 1139 2086 plus
1151 2027 1204 2074 ro·-¹

74 2081 157 2144 boris
177 2085 372 2163 acquirerent.
409 2084 488 2144 Hinc
508 2085 674 2168 colligenda
695 2097 739 2144 est
760 2029 865 2164 duplex
885 2085 1028 2156 doctriua,
1047 2081 1203 2162 siquando

8 2189 10 2240 5
73 2159 198 2219 fratrum
211 2171 381 2220 nostrorum
401 2158 600 2221 infirmitatem
620 2159 917 2235 sublevatDominus,
937 2171 971 2220 et
986 2158 1116 2242 benigne
1136 2159 1204 2220 illos

8 2303 9 2310 ἵ
73 2234 168 2310 fovet,
188 2235 256 2295 dum
276 2254 331 2294 nos
352 2233 499 2296 horridius
518 2246 632 2309 tractat,
652 2255 713 2296 non
735 2254 797 2294 esse
808 2236 1048 2316 obstrependum.
1086 2236 1206 2299 Deinde

8 2327 9 2342 ¹
73 2311 239 2391 siquando
258 2311 345 2370 nohis
366 2309 452 2370 detur
471 2333 487 2372 a
505 2312 625 2372 tristitia
650 2322 681 2370 et
698 2311 839 2372 molestiis
865 2313 1019 2386 relaxatio,
1043 2312 1205 2372 cavendum

74 2387 150 2462 esse,
167 2407 206 2446 ue
227 2387 336 2449 deliciis
357 2385 535 2448 diffluamus:
556 2387 626 2467 quin
646 2388 744 2468 potius
764 2387 998 2459 meminerimus,
1012 2407 1072 2445 non
1088 2407 1205 2467 semper
1247 2433 1250 2440 .

73 2463 142 2526 fore
161 2461 286 2542 nuptias.
323 2461 398 2521 Filii
414 2467 515 2535 spousi
535 2463 596 2524 sive
619 2461 740 2523 titulum
756 2463 913 2540 emostis,
945 2460 1082 2522 hebraica
1107 2462 1205 2542 phrasi

72 2560 130 2624 pro
150 2539 280 2600 convivis
299 2535 487 2619 nuptialibus.
797 2547 802 2552 '
1159 2585 1162 2592 .
1286 2603 1288 2608 ,

151 2621 200 2681 16.
236 2614 348 2676 Nattae
375 2629 470 2676 autea
498 2618 622 2676 §matuta
649 2629 849 2678 armamentum.
904 2613 1031 2676 Duobus
1062 2611 1206 2676 similibus

73 2693 237 2776 proximam
257 2693 432 2754 sententiam
452 2693 616 2766 confirmat,
637 2715 763 2786 querum
782 2713 874 2752 unum
893 2691 1059 2770 arestihus,
1081 2691 1206 2752 alterum

73 2772 184 2832 evasis
202 2769 319 2830 vinariis
337 2782 485 2851 sumptum
506 2783 557 2832 est.
599 2771 661 2848 Qui
680 2782 774 2833 vestes
794 2770 913 2831 detritas
934 2779 964 2830 et
983 2767 1104 2828 caducas
1125 2779 1204 2828 utres

72 2846 247 2921 Pharisaeis,
266 2859 393 2908 mustum
413 2860 444 2908 et
462 2869 590 2928 pannum
610 2869 722 2910 uorum
737 2847 888 2909 doctrinae
899 2845 1054 2927 Evangelii
1074 2842 1206 2905 conferri

73 2934 196 3006 putant,
222 2923 295 2982 nihil
316 2923 427 2984 hahent
445 2924 564 2986 coloris.
605 2926 683 3007 Apta
704 2937 802 2986 autem
822 2935 853 2984 et
871 2924 1016 2985 concinna
1036 2934 1080 2982 est
1102 2920 1206 2984 simili-

73 3001 147 3062 tudo
173 2998 209 3059 ad
234 3020 297 3060 rem
328 3013 527 3081 praesentem,
558 3001 582 3063 si
608 3001 666 3064 hoc
691 3002 727 3061 de
752 3001 873 3063 infirmis
898 3021 931 3062 ac
955 2999 1064 3061 teneris
1091 2997 1205 3060 Christi

63 3075 225 3156 discipulis
246 3089 276 3136 et
296 3077 447 3158 disciplina
467 3079 556 3161 magis
576 3078 686 3160 rigida,
713 3099 799 3158 quam
824 3081 869 3137 ut'
882 3097 966 3158 pares
987 3086 1083 3156 essent
1103 3075 1139 3135 ad
1160 3073 1206 3135 l-

73 3153 215 3228 randum,
235 3153 432 3234 exponimus.v
459 3155 523 3216 Nec
547 3154 640 3215 resert
659 3155 737 3235 quod
763 3153 883 3216 noviciis
908 3152 1054 3214 tironibus
1078 3163 1205 3213 vetustas

73 3251 138 3292 non
157 3230 292 3366 ‹puadrat
310 3249 408 3309 neque
428 3231 507 3296 euim
526 3231 648 3294 vetustis
666 3231 779 3292 utribus
800 3242 830 3292 et
848 3231 975 3291 restibus
995 3229 1106 3289 laceris·
1118 3228 1214 3290 Chri..

73 3318 133 3370 stus
154 3305 165 3366 i
187 3327 223 3366 co
243 3319 394 3386 comparat
413 3307 585 3388 discipulos,
610 3307 690 3388 quod
711 3306 803 3389 longo
823 3330 878 3369 usn
897 3306 987 3366 attriti
1014 3306 1130 3381 forent,
1153 3305 1206 3368 scd

74 3383 141 3464 quia
152 3382 264 3444 debiles
277 3395 360 3443 eraut
378 3384 532 3464 minusque
552 3383 677 3447 robusti.
716 3385 835 3445 Summa
855 3395 909 3458 est,
928 3404 989 3444 non
1010 3401 1113 3444 omnes
1132 3403 1205 3462 pro·
1282 3446 1287 3452 ,

73 3461 185 3520 miscue
203 3459 364 3542 adigendos
389 3479 452 3520 esse
467 3460 508 3520 ‘ad
528 3461 651 3521 eandem
670 3461 786 3523 vivendi
807 3461 945 3536 formam,
965 3460 1031 3539 quia
1052 3459 1147 3540 dispar
1166 3458 1206 3518 sit

8 3533 17 3566 '¹
74 3536 224 3612 conditio,
252 3556 349 3616 neque
375 3536 471 3598 omnia
495 3539 631 3598 omnihus
661 3537 854 3613 conveniant,
885 3538 1056 3617 praesertim
1085 3534 1205 3594 infirmis

72 3613 255 3693 parcendum
275 3613 355 3689 esse,
367 3631 405 3680 ne
424 3625 599 3694 rumpantur
610 3614 758 3690 violentia,
777 3614 825 3674 vel
845 3614 943 3674 oneris
986 3615 1105 3674 raritate
1124 3611 1206 3669 frau-

62 3702 191 3826 ,gaptur.
210 3690 326 3824 lPorrpl
347 3709 381 3781 cx
399 3709 488 3782 more·
502 3693 633 3774 regionis
653 3689 785 3772 loquitur
797 3688 941 3767 Christus,
960 3633 1029 3751 dum
1049 3698 1204 3766 utres-pro

75 3785 107 3826 ca
129 3785 209 3827 rere
240 3787 285 3826 am
330 3787 388 3827 orrs
407 3779 549 3827 nominat.
1260 3797 1265 3822 ι

149 3841 224 3904 Luc.
241 3787 306 3908 39.Ρ
327 3843 483 3922 Nessoque·
500 3841 600 3904 &derit
617 3857 756 3904 unusne.
777 3843 863 3904 ΙΗοο
877 3861 892 3904 a
904 3842 970 3904 solo
982 3841 1061 3900 Luca
1077 3836 1205 3919 positum
1237 3912 1239 3916 .

76 3929 137 3992 est,
164 3940 200 3980 ac
224 3941 290 3980 cum
321 3919 523 4000 superioribus
542 3919 620 3980 haud
644 3920 733 3983 dubie
758 3918 907 3980 cohaeret.
950 3916 1079 3977 Tametsi
1108 3926 1206 3974 autem

75 3995 154 4054 varie
172 3996 208 4057 ab
228 3995 439 4077 interpretibus
458 4007 629 4079 torquetur,
654 4017 712 4080 ego
732 3997 904 4089 simpliciter
924 3995 963 4057 ita
983 3993 1113 4073 accipio,
1138 4011 1205 4050 ruo·
1239 4067 1241 4070 .

55 4071 141 4130 'neri
159 4071 348 4147 Pharisaeos,
374 4093 412 4132 ne
431 4087 569 4154 receptae
594 4073 800 4138 consuetudini
825 4072 891 4154 plus
911 4092 996 4150 quam
1016 4090 1070 4149 par
1089 4080 1132 4128 est
1151 4067 1206 4127 tri-

76 4143 177 4209 buant.
215 4149 304 4210 Unde
323 4149 402 4209 euim
421 4148 465 4226 fit,
484 4162 518 4211 ut
536 4152 634 4212 uinum
653 4171 869 4232 saporemnon
886 4159 1000 4208 mutans
1020 4165 1082 4226 non
1102 4163 1207 4226 perac-

76 4241 136 4354 pue
155 4225 285 4288 omnium
304 4226 406 4307 palatis
426 4226 561 4302 arrideat,
580 4227 637 4288 nisi
657 4227 724 4307 quia
744 4249 813 4287 usus
833 4237 865 4286 ct
884 4220 1068 4285 consuetudo
1089 4233 1206 4306 gustum

91 4302 201 4361 armat?
239 4301 318 4363 Hinc
338 4300 482 4384 sequitur,
501 4319 588 4384 quam
607 4314 691 4364 tenet
711 4302 844 4366 Christus
864 4302 1010 4360 rationem
1032 4317 1101 4381 erga
1122 4297 1207 4364 disci-¹

96 4367 100 4376 s

77 4371 174 4454 pulos,
192 4397 254 4442 non
274 4379 398 4444 minoris
417 4381 623 4450 aestimandam
643 4399 720 4466 esce,
739 4379 821 4464 quod
840 4378 936 4443 minua
955 4375 1062 4442 habeat
1081 4393 1208 4460 pompae
