<?xml version="1.0" encoding="UTF-8"?>
<!DOCTYPE html PUBLIC "-//W3C//DTD XHTML 1.0 Transitional//EN"
    "http://www.w3.org/TR/xhtml1/DTD/xhtml1-transitional.dtd">
<html xmlns="http://www.w3.org/1999/xhtml" xml:lang="en" lang="en">
 <head>
  <title>
</title>
<meta http-equiv="Content-Type" content="text/html;charset=utf-8" />
  <meta name='ocr-system' content='tesseract 3.04.00' />
  <meta name='ocr-capabilities' content='ocr_page ocr_carea ocr_par ocr_line ocrx_word'/>
</head>
<body>
  <div class='ocr_page' id='page_1' title='image "./innovumtestamen01tholgoog_0206.png"; bbox 0 0 2808 4748; ppageno 0'>
   <div class='ocr_carea' id='block_1_1' title="bbox 701 119 776 178">
    <p class='ocr_par' dir='ltr' id='par_1_1' title="bbox 701 119 776 178">
     <span class='ocr_line' id='line_1_1' title="bbox 701 119 776 178; baseline 0 0"><span class='ocrx_word' id='word_1_1' title='bbox 701 119 702 124; x_wconf 70' lang='grc'>’</span> <span class='ocrx_word' id='word_1_2' title='bbox 762 139 776 178; x_wconf 74' lang='lat' dir='ltr'>t</span> 
     </span>
    </p>
   </div>
   <div class='ocr_carea' id='block_1_2' title="bbox 404 244 1302 343">
    <p class='ocr_par' dir='ltr' id='par_1_2' title="bbox 404 216 1302 343">
     <span class='ocr_line' id='line_1_2' title="bbox 404 244 1302 343; baseline 0.019 -26"><span class='ocrx_word' id='word_1_3' title='bbox 404 266 467 342; x_wconf 85' lang='lat'>(37.</span> <span class='ocrx_word' id='word_1_4' title='bbox 487 253 567 322; x_wconf 84' lang='lat' dir='ltr'>Iesus</span> <span class='ocrx_word' id='word_1_5' title='bbox 587 259 659 343; x_wconf 89' lang='lat' dir='ltr'>legit</span> <span class='ocrx_word' id='word_1_6' title='bbox 680 244 859 343; x_wconf 73' lang='lat' dir='ltr'>discipulos.)</span> <span class='ocrx_word' id='word_1_7' title='bbox 954 329 957 334; x_wconf 86' lang='lat'>.</span> <span class='ocrx_word' id='word_1_8' title='bbox 1130 253 1201 336; x_wconf 74' lang='grc'>125</span> <span class='ocrx_word' id='word_1_9' title='bbox 1298 283 1302 290; x_wconf 84' lang='grc'><strong>“</strong></span> 
     </span>
    </p>
   </div>
   <div class='ocr_carea' id='block_1_3' title="bbox 6 393 1288 1460">
    <p class='ocr_par' dir='ltr' id='par_1_3' title="bbox 64 393 1199 493">
     <span class='ocr_line' id='line_1_3' title="bbox 64 393 1199 493; baseline 0.005 -27"><span class='ocrx_word' id='word_1_10' title='bbox 64 433 127 493; x_wconf 79' lang='lat' dir='ltr'>qua</span> <span class='ocrx_word' id='word_1_11' title='bbox 153 422 237 493; x_wconf 88' lang='lat' dir='ltr'>parte</span> <span class='ocrx_word' id='word_1_12' title='bbox 255 410 286 470; x_wconf 91' lang='lat' dir='ltr'>in</span> <span class='ocrx_word' id='word_1_13' title='bbox 308 393 470 470; x_wconf 79' lang='lat' dir='ltr'>Galilaeam</span> <span class='ocrx_word' id='word_1_14' title='bbox 488 405 643 487; x_wconf 82' lang='lat' dir='ltr'>vergebat,</span> <span class='ocrx_word' id='word_1_15' title='bbox 668 403 915 467; x_wconf 84' lang='lat' dir='ltr'>mareGalilaeae</span> <span class='ocrx_word' id='word_1_16' title='bbox 939 399 1082 470; x_wconf 82' lang='lat' dir='ltr'>dixerunt.</span> <span class='ocrx_word' id='word_1_17' title='bbox 1121 407 1199 491; x_wconf 88' lang='lat' dir='ltr'>Ripa</span> 
     </span>
    </p>

    <p class='ocr_par' dir='ltr' id='par_1_4' title="bbox 6 482 1288 958">
     <span class='ocr_line' id='line_1_4' title="bbox 60 482 1286 567; baseline 0.023 -41"><span class='ocrx_word' id='word_1_18' title='bbox 60 491 164 554; x_wconf 56' lang='lat' dir='ltr'>Vidn,</span> <span class='ocrx_word' id='word_1_19' title='bbox 183 487 334 558; x_wconf 65' lang='lat' dir='ltr'>Tiberiadi</span> <span class='ocrx_word' id='word_1_20' title='bbox 359 504 526 566; x_wconf 81' lang='lat' dir='ltr'>cognomen</span> <span class='ocrx_word' id='word_1_21' title='bbox 548 505 582 542; x_wconf 83' lang='lat' dir='ltr'>ex</span> <span class='ocrx_word' id='word_1_22' title='bbox 600 483 674 544; x_wconf 90' lang='lat' dir='ltr'>urbe</span> <span class='ocrx_word' id='word_1_23' title='bbox 698 482 821 562; x_wconf 87' lang='lat' dir='ltr'>accepit.</span> <span class='ocrx_word' id='word_1_24' title='bbox 859 483 906 541; x_wconf 90' lang='lat' dir='ltr'>De</span> <span class='ocrx_word' id='word_1_25' title='bbox 925 485 986 548; x_wconf 86' lang='lat' dir='ltr'>eius</span> <span class='ocrx_word' id='word_1_26' title='bbox 1005 486 1200 567; x_wconf 84' lang='lat' dir='ltr'>amplitudine</span> <span class='ocrx_word' id='word_1_27' title='bbox 1285 503 1286 508; x_wconf 77' lang='grc'>’</span> 
     </span>
     <span class='ocr_line' id='line_1_5' title="bbox 62 558 1288 654; baseline 0.02 -46"><span class='ocrx_word' id='word_1_28' title='bbox 62 581 94 628; x_wconf 69' lang='lat' dir='ltr'>,t</span> <span class='ocrx_word' id='word_1_29' title='bbox 122 567 182 627; x_wconf 71' lang='lat' dir='ltr'>,stu</span> <span class='ocrx_word' id='word_1_30' title='bbox 210 564 280 624; x_wconf 65' lang='lat' dir='ltr'>allbi</span> <span class='ocrx_word' id='word_1_31' title='bbox 305 561 505 654; x_wconf 83' lang='lat' dir='ltr'>opportunior</span> <span class='ocrx_word' id='word_1_32' title='bbox 531 564 587 619; x_wconf 89' lang='lat' dir='ltr'>erit</span> <span class='ocrx_word' id='word_1_33' title='bbox 612 559 728 619; x_wconf 90' lang='lat' dir='ltr'>dicendi</span> <span class='ocrx_word' id='word_1_34' title='bbox 758 558 855 618; x_wconf 89' lang='lat' dir='ltr'>locus:</span> <span class='ocrx_word' id='word_1_35' title='bbox 885 579 964 619; x_wconf 90' lang='lat' dir='ltr'>nunc</span> <span class='ocrx_word' id='word_1_36' title='bbox 986 565 1198 628; x_wconf 76' lang='lat' dir='ltr'>veniamusad</span> <span class='ocrx_word' id='word_1_37' title='bbox 1283 563 1288 575; x_wconf 82' lang='grc'><strong>’</strong></span> 
     </span>
     <span class='ocr_line' id='line_1_6' title="bbox 60 635 1198 722; baseline 0.018 -37"><span class='ocrx_word' id='word_1_38' title='bbox 60 665 129 704; x_wconf 67' lang='lat' dir='ltr'>,em</span> <span class='ocrx_word' id='word_1_39' title='bbox 150 642 251 722; x_wconf 72' lang='lat' dir='ltr'>ipsam.</span> <span class='ocrx_word' id='word_1_40' title='bbox 288 640 370 700; x_wconf 88' lang='lat' dir='ltr'>Dicrt</span> <span class='ocrx_word' id='word_1_41' title='bbox 387 639 498 712; x_wconf 77' lang='lat' dir='ltr'>Lucas,</span> <span class='ocrx_word' id='word_1_42' title='bbox 513 635 661 714; x_wconf 74' lang='lat' dir='ltr'>Christum</span> <span class='ocrx_word' id='word_1_43' title='bbox 683 655 842 710; x_wconf 86' lang='lat' dir='ltr'>conscensa</span> <span class='ocrx_word' id='word_1_44' title='bbox 863 635 928 695; x_wconf 88' lang='lat' dir='ltr'>navi</span> <span class='ocrx_word' id='word_1_45' title='bbox 946 635 1027 697; x_wconf 89' lang='lat' dir='ltr'>Petri</span> <span class='ocrx_word' id='word_1_46' title='bbox 1045 641 1198 704; x_wconf 80' lang='lat' dir='ltr'><strong>recessisse</strong></span> 
     </span>
     <span class='ocr_line' id='line_1_7' title="bbox 60 710 1198 798; baseline 0.001 -19"><span class='ocrx_word' id='word_1_47' title='bbox 60 719 186 780; x_wconf 88' lang='lat' dir='ltr'>modico</span> <span class='ocrx_word' id='word_1_48' title='bbox 207 716 301 798; x_wconf 89' lang='lat' dir='ltr'>spatio</span> <span class='ocrx_word' id='word_1_49' title='bbox 322 727 452 786; x_wconf 80' lang='lat' dir='ltr'>eterra,</span> <span class='ocrx_word' id='word_1_50' title='bbox 477 725 511 774; x_wconf 93' lang='lat' dir='ltr'>ut</span> <span class='ocrx_word' id='word_1_51' title='bbox 535 712 719 774; x_wconf 85' lang='lat' dir='ltr'>commodius</span> <span class='ocrx_word' id='word_1_52' title='bbox 745 711 814 770; x_wconf 92' lang='lat' dir='ltr'>inde</span> <span class='ocrx_word' id='word_1_53' title='bbox 838 710 938 770; x_wconf 82' lang='lat' dir='ltr'><strong>turbas</strong></span> <span class='ocrx_word' id='word_1_54' title='bbox 959 712 1095 792; x_wconf 89' lang='lat' dir='ltr'>doceret,</span> <span class='ocrx_word' id='word_1_55' title='bbox 1122 739 1198 798; x_wconf 86' lang='lat' dir='ltr'>quae</span> 
     </span>
     <span class='ocr_line' id='line_1_8' title="bbox 60 787 1197 866; baseline 0.027 -10"><span class='ocrx_word' id='word_1_56' title='bbox 60 794 215 856; x_wconf 90' lang='lat' dir='ltr'>desiderio</span> <span class='ocrx_word' id='word_1_57' title='bbox 237 795 297 854; x_wconf 86' lang='lat' dir='ltr'>eius</span> <span class='ocrx_word' id='word_1_58' title='bbox 316 791 454 854; x_wconf 90' lang='lat' dir='ltr'>audiendi</span> <span class='ocrx_word' id='word_1_59' title='bbox 474 809 507 849; x_wconf 85' lang='lat' dir='ltr'>ex</span> <span class='ocrx_word' id='word_1_60' title='bbox 516 789 602 852; x_wconf 81' lang='lat' dir='ltr'>variis</span> <span class='ocrx_word' id='word_1_61' title='bbox 622 789 696 864; x_wconf 67' lang='lat' dir='ltr'>locis</span> <span class='ocrx_word' id='word_1_62' title='bbox 715 787 933 866; x_wconf 61' lang='lat' dir='ltr'>9⁰¹¹fl¹¹¹⁰ml²</span> <span class='ocrx_word' id='word_1_63' title='bbox 954 787 1079 851; x_wconf 66' lang='lat' dir='ltr'>d⁰⁰⁰¹¹dl</span> <span class='ocrx_word' id='word_1_64' title='bbox 1099 800 1197 858; x_wconf 58' lang='lat' dir='ltr'>mem</span> 
     </span>
     <span class='ocr_line' id='line_1_9' title="bbox 6 861 1276 958; baseline 0.036 -70"><span class='ocrx_word' id='word_1_65' title='bbox 6 869 16 888; x_wconf 62' lang='lat'><em>1</em></span> <span class='ocrx_word' id='word_1_66' title='bbox 59 891 191 932; x_wconf 84' lang='lat' dir='ltr'>munere</span> <span class='ocrx_word' id='word_1_67' title='bbox 211 870 417 952; x_wconf 74' lang='lat' dir='ltr'>perfunctum,</span> <span class='ocrx_word' id='word_1_68' title='bbox 443 867 593 958; x_wconf 81' lang='lat' dir='ltr'>specimen</span> <span class='ocrx_word' id='word_1_69' title='bbox 620 865 781 926; x_wconf 79' lang='lat' dir='ltr'>exhibuisse</span> <span class='ocrx_word' id='word_1_70' title='bbox 799 863 921 924; x_wconf 73' lang='lat' dir='ltr'>‘divinae</span> <span class='ocrx_word' id='word_1_71' title='bbox 946 884 1014 924; x_wconf 90' lang='lat' dir='ltr'>suae</span> <span class='ocrx_word' id='word_1_72' title='bbox 1032 861 1145 930; x_wconf 82' lang='lat' dir='ltr'>virtutis</span> <span class='ocrx_word' id='word_1_73' title='bbox 1162 875 1196 947; x_wconf 84' lang='lat' dir='ltr'>in</span> <span class='ocrx_word' id='word_1_74' title='bbox 1271 922 1276 933; x_wconf 64' lang='lat'>.</span> 
     </span>
    </p>

    <p class='ocr_par' dir='ltr' id='par_1_5' title="bbox 56 940 1240 1460">
     <span class='ocr_line' id='line_1_10' title="bbox 59 940 1240 1022; baseline 0.02 -36"><span class='ocrx_word' id='word_1_75' title='bbox 59 947 219 1010; x_wconf 62' lang='lat' dir='ltr'>miraculo,</span> <span class='ocrx_word' id='word_1_76' title='bbox 259 945 398 1022; x_wconf 71' lang='lat' dir='ltr'>Quamvis</span> <span class='ocrx_word' id='word_1_77' title='bbox 419 965 498 1004; x_wconf 89' lang='lat' dir='ltr'>emm</span> <span class='ocrx_word' id='word_1_78' title='bbox 525 943 662 1004; x_wconf 78' lang='lat' dir='ltr'>usitatum</span> <span class='ocrx_word' id='word_1_79' title='bbox 689 941 727 1012; x_wconf 87' lang='lat' dir='ltr'>sit</span> <span class='ocrx_word' id='word_1_80' title='bbox 752 940 944 1022; x_wconf 76' lang='lat' dir='ltr'>piscatoribus</span> <span class='ocrx_word' id='word_1_81' title='bbox 968 940 1075 1002; x_wconf 88' lang='lat' dir='ltr'>multos</span> <span class='ocrx_word' id='word_1_82' title='bbox 1100 945 1198 1008; x_wconf 86' lang='lat' dir='ltr'>lacere</span> <span class='ocrx_word' id='word_1_83' title='bbox 1238 987 1240 1022; x_wconf 78' lang='grc'>;</span> 
     </span>
     <span class='ocr_line' id='line_1_11' title="bbox 56 1017 1198 1118; baseline -0.001 -31"><span class='ocrx_word' id='word_1_84' title='bbox 56 1027 155 1087; x_wconf 82' lang='lat' dir='ltr'>iactus</span> <span class='ocrx_word' id='word_1_85' title='bbox 174 1022 297 1097; x_wconf 91' lang='lat' dir='ltr'>steriles,</span> <span class='ocrx_word' id='word_1_86' title='bbox 316 1043 376 1082; x_wconf 91' lang='lat' dir='ltr'>uno</span> <span class='ocrx_word' id='word_1_87' title='bbox 398 1020 505 1081; x_wconf 89' lang='lat' dir='ltr'>deinde</span> <span class='ocrx_word' id='word_1_88' title='bbox 524 1039 667 1100; x_wconf 87' lang='lat' dir='ltr'>prospero</span> <span class='ocrx_word' id='word_1_89' title='bbox 688 1017 765 1079; x_wconf 87' lang='lat' dir='ltr'>iactu</span> <span class='ocrx_word' id='word_1_90' title='bbox 786 1037 909 1096; x_wconf 77' lang='lat' dir='ltr'>pensare</span> <span class='ocrx_word' id='word_1_91' title='bbox 929 1017 1069 1096; x_wconf 87' lang='lat' dir='ltr'>quicquid</span> <span class='ocrx_word' id='word_1_92' title='bbox 1088 1019 1198 1118; x_wconf 66' lang='lat' dir='ltr'>laboris</span> 
     </span>
     <span class='ocr_line' id='line_1_12' title="bbox 56 1093 1199 1180; baseline -0.003 -18"><span class='ocrx_word' id='word_1_93' title='bbox 56 1104 172 1163; x_wconf 84' lang='lat' dir='ltr'>frustra</span> <span class='ocrx_word' id='word_1_94' title='bbox 191 1111 390 1180; x_wconf 74' lang='lat' dir='ltr'>sumpserant,</span> <span class='ocrx_word' id='word_1_95' title='bbox 409 1095 579 1158; x_wconf 74' lang='lat' dir='ltr'>miraculum</span> <span class='ocrx_word' id='word_1_96' title='bbox 598 1108 696 1156; x_wconf 85' lang='lat' dir='ltr'>tamen</span> <span class='ocrx_word' id='word_1_97' title='bbox 708 1106 751 1154; x_wconf 46' lang='lat' dir='ltr'>‚ex</span> <span class='ocrx_word' id='word_1_98' title='bbox 770 1093 825 1155; x_wconf 84' lang='lat' dir='ltr'>hac</span> <span class='ocrx_word' id='word_1_99' title='bbox 844 1093 1061 1167; x_wconf 80' lang='lat' dir='ltr'>circumstantia</span> <span class='ocrx_word' id='word_1_100' title='bbox 1081 1099 1199 1174; x_wconf 90' lang='lat' dir='ltr'>emtuit,</span> 
     </span>
     <span class='ocr_line' id='line_1_13' title="bbox 57 1171 1197 1260; baseline 0.009 -33"><span class='ocrx_word' id='word_1_101' title='bbox 57 1177 163 1260; x_wconf 80' lang='lat' dir='ltr'>quod,</span> <span class='ocrx_word' id='word_1_102' title='bbox 188 1197 277 1258; x_wconf 87' lang='lat' dir='ltr'>quum</span> <span class='ocrx_word' id='word_1_103' title='bbox 298 1189 360 1237; x_wconf 88' lang='lat' dir='ltr'>tota</span> <span class='ocrx_word' id='word_1_104' title='bbox 380 1185 471 1234; x_wconf 88' lang='lat' dir='ltr'>nocte</span> <span class='ocrx_word' id='word_1_105' title='bbox 495 1173 567 1232; x_wconf 92' lang='lat' dir='ltr'>nihil</span> <span class='ocrx_word' id='word_1_106' title='bbox 587 1173 733 1252; x_wconf 87' lang='lat' dir='ltr'>cepissent</span> <span class='ocrx_word' id='word_1_107' title='bbox 755 1173 847 1251; x_wconf 88' lang='lat' dir='ltr'>(quae</span> <span class='ocrx_word' id='word_1_108' title='bbox 872 1181 971 1244; x_wconf 80' lang='lat' dir='ltr'>tamen</span> <span class='ocrx_word' id='word_1_109' title='bbox 992 1171 1028 1230; x_wconf 91' lang='lat' dir='ltr'>ad</span> <span class='ocrx_word' id='word_1_110' title='bbox 1049 1184 1197 1253; x_wconf 89' lang='lat' dir='ltr'>capturam</span> 
     </span>
     <span class='ocr_line' id='line_1_14' title="bbox 57 1247 1198 1341; baseline 0.023 -26"><span class='ocrx_word' id='word_1_111' title='bbox 57 1255 162 1335; x_wconf 88' lang='lat' dir='ltr'>aptior</span> <span class='ocrx_word' id='word_1_112' title='bbox 181 1257 249 1331; x_wconf 86' lang='lat' dir='ltr'>est),</span> <span class='ocrx_word' id='word_1_113' title='bbox 267 1253 366 1314; x_wconf 89' lang='lat' dir='ltr'>subito</span> <span class='ocrx_word' id='word_1_114' title='bbox 388 1252 427 1326; x_wconf 66' lang='lat' dir='ltr'>in,</span> <span class='ocrx_word' id='word_1_115' title='bbox 440 1270 542 1310; x_wconf 90' lang='lat' dir='ltr'>eorum</span> <span class='ocrx_word' id='word_1_116' title='bbox 562 1248 637 1308; x_wconf 89' lang='lat' dir='ltr'>retia</span> <span class='ocrx_word' id='word_1_117' title='bbox 656 1249 761 1341; x_wconf 74' lang='lat' dir='ltr'>ingens</span> <span class='ocrx_word' id='word_1_118' title='bbox 781 1247 867 1329; x_wconf 77' lang='lat' dir='ltr'>copia</span> <span class='ocrx_word' id='word_1_119' title='bbox 886 1247 1027 1327; x_wconf 67' lang='lat' dir='ltr'>Pl⁵⁰l¹¹¹¹¹t</span> <span class='ocrx_word' id='word_1_120' title='bbox 1048 1269 1124 1328; x_wconf 53' lang='grc' dir='ltr'>ΨΜ</span> <span class='ocrx_word' id='word_1_121' title='bbox 1143 1256 1198 1312; x_wconf 55' lang='lat'>¹³²·</span> 
     </span>
     <span class='ocr_line' id='line_1_15' title="bbox 56 1324 1197 1460; baseline 0.019 -83"><span class='ocrx_word' id='word_1_122' title='bbox 56 1353 108 1394; x_wconf 60' lang='lat' dir='ltr'>ves</span> <span class='ocrx_word' id='word_1_123' title='bbox 136 1330 275 1410; x_wconf 82' lang='lat' dir='ltr'>impleat,</span> <span class='ocrx_word' id='word_1_124' title='bbox 301 1339 500 1389; x_wconf 85' lang='lat' dir='ltr'>coacervatur.</span> <span class='ocrx_word' id='word_1_125' title='bbox 538 1324 636 1386; x_wconf 84' lang='lat' dir='ltr'>Facile</span> <span class='ocrx_word' id='word_1_126' title='bbox 660 1325 751 1407; x_wconf 75' lang='lat' dir='ltr'>igitur</span> <span class='ocrx_word' id='word_1_127' title='bbox 776 1325 1065 1460; x_wconf 61' lang='lat' dir='ltr'>agnoscuntPelrus</span> <span class='ocrx_word' id='word_1_128' title='bbox 1085 1328 1197 1388; x_wconf 88' lang='lat' dir='ltr'>eteius</span> 
     </span>
    </p>
   </div>
   <div class='ocr_carea' id='block_1_4' title="bbox 55 1401 1303 1490">
    <p class='ocr_par' dir='ltr' id='par_1_6' title="bbox 55 1401 1303 1490">
     <span class='ocr_line' id='line_1_16' title="bbox 55 1401 1303 1490; baseline -0.002 -21"><span class='ocrx_word' id='word_1_129' title='bbox 55 1409 150 1483; x_wconf 88' lang='lat' dir='ltr'>socii,</span> <span class='ocrx_word' id='word_1_130' title='bbox 176 1407 266 1466; x_wconf 89' lang='lat' dir='ltr'>talem</span> <span class='ocrx_word' id='word_1_131' title='bbox 291 1404 429 1484; x_wconf 84' lang='lat' dir='ltr'>praedam</span> <span class='ocrx_word' id='word_1_132' title='bbox 451 1423 525 1490; x_wconf 85' lang='lat' dir='ltr'>quae</span> <span class='ocrx_word' id='word_1_133' title='bbox 548 1401 670 1462; x_wconf 89' lang='lat' dir='ltr'>modum</span> <span class='ocrx_word' id='word_1_134' title='bbox 696 1401 801 1462; x_wconf 86' lang='lat' dir='ltr'>excede</span> <span class='ocrx_word' id='word_1_135' title='bbox 824 1412 854 1463; x_wconf 90' lang='lat' dir='ltr'>at</span> <span class='ocrx_word' id='word_1_136' title='bbox 883 1411 945 1464; x_wconf 82' lang='lat' dir='ltr'>uhu</span> <span class='ocrx_word' id='word_1_137' title='bbox 972 1401 1114 1486; x_wconf 82' lang='lat' dir='ltr'>obtigisse</span> <span class='ocrx_word' id='word_1_138' title='bbox 1137 1403 1198 1478; x_wconf 85' lang='lat' dir='ltr'>sibi</span> <span class='ocrx_word' id='word_1_139' title='bbox 1301 1417 1303 1424; x_wconf 82' lang='grc'>’</span> 
     </span>
    </p>
   </div>
   <div class='ocr_carea' id='block_1_5' title="bbox 4 1479 1197 2101">
    <p class='ocr_par' dir='ltr' id='par_1_7' title="bbox 55 1479 919 1558">
     <span class='ocr_line' id='line_1_17' title="bbox 55 1479 919 1558; baseline -0.012 -12"><span class='ocrx_word' id='word_1_140' title='bbox 55 1485 203 1558; x_wconf 89' lang='lat' dir='ltr'>sortuito,</span> <span class='ocrx_word' id='word_1_141' title='bbox 223 1483 274 1542; x_wconf 91' lang='lat' dir='ltr'>sed</span> <span class='ocrx_word' id='word_1_142' title='bbox 296 1481 432 1541; x_wconf 66' lang='lat' dir='ltr'>divinitus</span> <span class='ocrx_word' id='word_1_143' title='bbox 454 1479 582 1540; x_wconf 85' lang='lat' dir='ltr'>oblatam</span> <span class='ocrx_word' id='word_1_144' title='bbox 602 1499 673 1539; x_wconf 87' lang='lat' dir='ltr'>esse.</span> <span class='ocrx_word' id='word_1_145' title='bbox 915 1529 919 1536; x_wconf 94' lang='grc'><em>,</em></span> 
     </span>
    </p>

    <p class='ocr_par' dir='ltr' id='par_1_8' title="bbox 4 1553 1197 2101">
     <span class='ocr_line' id='line_1_18' title="bbox 4 1553 1196 1638; baseline 0 -19"><span class='ocrx_word' id='word_1_146' title='bbox 4 1613 9 1638; x_wconf 74' lang='grc'><strong>,</strong></span> <span class='ocrx_word' id='word_1_147' title='bbox 137 1561 216 1620; x_wconf 88' lang='lat' dir='ltr'>Luc.</span> <span class='ocrx_word' id='word_1_148' title='bbox 236 1566 265 1624; x_wconf 83' lang='lat'>5.</span> <span class='ocrx_word' id='word_1_149' title='bbox 302 1557 493 1632; x_wconf 79' lang='lat' dir='ltr'>Praeceptor,</span> <span class='ocrx_word' id='word_1_150' title='bbox 508 1579 566 1632; x_wconf 80' lang='lat' dir='ltr'>per</span> <span class='ocrx_word' id='word_1_151' title='bbox 583 1570 672 1615; x_wconf 80' lang='lat' dir='ltr'>totum</span> <span class='ocrx_word' id='word_1_152' title='bbox 689 1569 799 1618; x_wconf 78' lang='lat' dir='ltr'>noctem</span> <span class='ocrx_word' id='word_1_153' title='bbox 817 1569 869 1615; x_wconf 80' lang='lat' dir='ltr'>etc.</span> <span class='ocrx_word' id='word_1_154' title='bbox 908 1557 978 1618; x_wconf 91' lang='lat' dir='ltr'>Nou</span> <span class='ocrx_word' id='word_1_155' title='bbox 998 1553 1125 1618; x_wconf 71' lang='lat' dir='ltr'>dubium.</span> <span class='ocrx_word' id='word_1_156' title='bbox 1139 1569 1196 1636; x_wconf 87' lang='lat' dir='ltr'>est,</span> 
     </span>
     <span class='ocr_line' id='line_1_19' title="bbox 4 1630 1196 1719; baseline 0.001 -22"><span class='ocrx_word' id='word_1_157' title='bbox 4 1641 6 1650; x_wconf 62' lang='lat'><strong>¹</strong></span> <span class='ocrx_word' id='word_1_158' title='bbox 54 1637 132 1719; x_wconf 91' lang='lat' dir='ltr'>quin</span> <span class='ocrx_word' id='word_1_159' title='bbox 155 1637 261 1695; x_wconf 90' lang='lat' dir='ltr'>Petrus</span> <span class='ocrx_word' id='word_1_160' title='bbox 282 1633 412 1694; x_wconf 88' lang='lat' dir='ltr'>doctoris</span> <span class='ocrx_word' id='word_1_161' title='bbox 433 1633 532 1694; x_wconf 82' lang='lat' dir='ltr'>officio</span> <span class='ocrx_word' id='word_1_162' title='bbox 546 1631 696 1695; x_wconf 84' lang='lat' dir='ltr'>Christum</span> <span class='ocrx_word' id='word_1_163' title='bbox 718 1633 802 1716; x_wconf 82' lang='lat' dir='ltr'>fungi</span> <span class='ocrx_word' id='word_1_164' title='bbox 822 1630 939 1693; x_wconf 90' lang='lat' dir='ltr'>solitum</span> <span class='ocrx_word' id='word_1_165' title='bbox 954 1635 1059 1710; x_wconf 91' lang='lat' dir='ltr'>sciens,</span> <span class='ocrx_word' id='word_1_166' title='bbox 1079 1657 1112 1696; x_wconf 91' lang='lat' dir='ltr'>ac</span> <span class='ocrx_word' id='word_1_167' title='bbox 1133 1637 1196 1698; x_wconf 85' lang='lat' dir='ltr'>eius</span> 
     </span>
     <span class='ocr_line' id='line_1_20' title="bbox 53 1709 1196 1790; baseline 0.001 -16"><span class='ocrx_word' id='word_1_168' title='bbox 53 1711 225 1774; x_wconf 87' lang='lat' dir='ltr'>reverentia</span> <span class='ocrx_word' id='word_1_169' title='bbox 245 1722 337 1772; x_wconf 86' lang='lat' dir='ltr'>tactus</span> <span class='ocrx_word' id='word_1_170' title='bbox 350 1712 391 1771; x_wconf 90' lang='lat' dir='ltr'>sic</span> <span class='ocrx_word' id='word_1_171' title='bbox 407 1711 550 1770; x_wconf 90' lang='lat' dir='ltr'>nominet.</span> <span class='ocrx_word' id='word_1_172' title='bbox 588 1709 728 1771; x_wconf 87' lang='lat' dir='ltr'>Nondum</span> <span class='ocrx_word' id='word_1_173' title='bbox 748 1721 847 1770; x_wconf 87' lang='lat' dir='ltr'>tamen</span> <span class='ocrx_word' id='word_1_174' title='bbox 865 1711 905 1780; x_wconf 77' lang='lat' dir='ltr'>ita</span> <span class='ocrx_word' id='word_1_175' title='bbox 924 1712 1061 1790; x_wconf 84' lang='lat' dir='ltr'>profecit,</span> <span class='ocrx_word' id='word_1_176' title='bbox 1081 1724 1114 1774; x_wconf 86' lang='lat' dir='ltr'>ut</span> <span class='ocrx_word' id='word_1_177' title='bbox 1132 1732 1196 1774; x_wconf 86' lang='lat' dir='ltr'>me·-</span> 
     </span>
     <span class='ocr_line' id='line_1_21' title="bbox 53 1786 1197 1868; baseline 0.002 -18"><span class='ocrx_word' id='word_1_178' title='bbox 53 1801 159 1850; x_wconf 87' lang='lat' dir='ltr'>reatur</span> <span class='ocrx_word' id='word_1_179' title='bbox 179 1789 258 1848; x_wconf 89' lang='lat' dir='ltr'>inter</span> <span class='ocrx_word' id='word_1_180' title='bbox 278 1789 338 1858; x_wconf 84' lang='lat' dir='ltr'>eius</span> <span class='ocrx_word' id='word_1_181' title='bbox 360 1786 516 1866; x_wconf 89' lang='lat' dir='ltr'>discipulos</span> <span class='ocrx_word' id='word_1_182' title='bbox 538 1786 665 1849; x_wconf 88' lang='lat' dir='ltr'>censeri:</span> <span class='ocrx_word' id='word_1_183' title='bbox 693 1807 790 1868; x_wconf 90' lang='lat' dir='ltr'>neque</span> <span class='ocrx_word' id='word_1_184' title='bbox 812 1787 889 1847; x_wconf 89' lang='lat' dir='ltr'>enim</span> <span class='ocrx_word' id='word_1_185' title='bbox 915 1787 983 1856; x_wconf 77' lang='lat' dir='ltr'>satis</span> <span class='ocrx_word' id='word_1_186' title='bbox 1003 1800 1047 1848; x_wconf 88' lang='lat' dir='ltr'>est</span> <span class='ocrx_word' id='word_1_187' title='bbox 1071 1787 1197 1864; x_wconf 78' lang='lat' dir='ltr'>honeri-</span> 
     </span>
     <span class='ocr_line' id='line_1_22' title="bbox 54 1863 1196 1940; baseline 0 -13"><span class='ocrx_word' id='word_1_188' title='bbox 54 1869 111 1928; x_wconf 86' lang='lat' dir='ltr'>fiee</span> <span class='ocrx_word' id='word_1_189' title='bbox 134 1867 172 1926; x_wconf 91' lang='lat' dir='ltr'>de</span> <span class='ocrx_word' id='word_1_190' title='bbox 194 1865 314 1926; x_wconf 87' lang='lat' dir='ltr'>Christo</span> <span class='ocrx_word' id='word_1_191' title='bbox 334 1865 460 1940; x_wconf 90' lang='lat' dir='ltr'>sentire,</span> <span class='ocrx_word' id='word_1_192' title='bbox 486 1865 550 1924; x_wconf 86' lang='lat' dir='ltr'>uisi</span> <span class='ocrx_word' id='word_1_193' title='bbox 566 1865 628 1924; x_wconf 90' lang='lat' dir='ltr'>eius</span> <span class='ocrx_word' id='word_1_194' title='bbox 653 1865 818 1926; x_wconf 89' lang='lat' dir='ltr'>doctrinam</span> <span class='ocrx_word' id='word_1_195' title='bbox 842 1863 910 1924; x_wconf 88' lang='lat' dir='ltr'>fidei</span> <span class='ocrx_word' id='word_1_196' title='bbox 936 1864 1107 1926; x_wconf 87' lang='lat' dir='ltr'>obedientia</span> <span class='ocrx_word' id='word_1_197' title='bbox 1133 1875 1196 1927; x_wconf 78' lang='lat' dir='ltr'>atu-</span> 
     </span>
     <span class='ocr_line' id='line_1_23' title="bbox 54 1941 1195 2024; baseline 0.001 -21"><span class='ocrx_word' id='word_1_198' title='bbox 54 1943 133 2024; x_wconf 81' lang='lat' dir='ltr'>pltxi</span> <span class='ocrx_word' id='word_1_199' title='bbox 160 1953 326 2015; x_wconf 88' lang='lat' dir='ltr'>teneamus,</span> <span class='ocrx_word' id='word_1_200' title='bbox 358 1941 428 2020; x_wconf 91' lang='lat' dir='ltr'>quid</span> <span class='ocrx_word' id='word_1_201' title='bbox 453 1963 473 2016; x_wconf 31' lang='lat' dir='ltr'>a,</span> <span class='ocrx_word' id='word_1_202' title='bbox 492 1941 580 2016; x_wconf 82' lang='lat' dir='ltr'>uobis</span> <span class='ocrx_word' id='word_1_203' title='bbox 607 1941 684 2001; x_wconf 91' lang='lat' dir='ltr'>velit.</span> <span class='ocrx_word' id='word_1_204' title='bbox 732 1941 795 2002; x_wconf 85' lang='lat' dir='ltr'>Etsi</span> <span class='ocrx_word' id='word_1_205' title='bbox 825 1954 924 2001; x_wconf 85' lang='lat' dir='ltr'>autem</span> <span class='ocrx_word' id='word_1_206' title='bbox 944 1941 990 2000; x_wconf 94' lang='lat' dir='ltr'>vel</span> <span class='ocrx_word' id='word_1_207' title='bbox 1015 1943 1128 2012; x_wconf 81' lang='lat' dir='ltr'>nullum</span> <span class='ocrx_word' id='word_1_208' title='bbox 1147 1943 1195 2004; x_wconf 89' lang='lat' dir='ltr'>vel</span> 
     </span>
     <span class='ocr_line' id='line_1_24' title="bbox 4 2017 1196 2101; baseline -0.001 -20"><span class='ocrx_word' id='word_1_209' title='bbox 4 2047 5 2050; x_wconf 42' lang='lat'>¹</span> <span class='ocrx_word' id='word_1_210' title='bbox 54 2035 179 2081; x_wconf 89' lang='lat' dir='ltr'>tenuem</span> <span class='ocrx_word' id='word_1_211' title='bbox 199 2017 352 2100; x_wconf 82' lang='lat' dir='ltr'>Evangelii</span> <span class='ocrx_word' id='word_1_212' title='bbox 373 2031 489 2101; x_wconf 88' lang='lat' dir='ltr'>gustum</span> <span class='ocrx_word' id='word_1_213' title='bbox 510 2017 631 2093; x_wconf 89' lang='lat' dir='ltr'>habeat,</span> <span class='ocrx_word' id='word_1_214' title='bbox 658 2031 797 2098; x_wconf 86' lang='lat' dir='ltr'>quantum</span> <span class='ocrx_word' id='word_1_215' title='bbox 817 2029 917 2080; x_wconf 86' lang='lat' dir='ltr'>tamen</span> <span class='ocrx_word' id='word_1_216' title='bbox 939 2017 1059 2080; x_wconf 91' lang='lat' dir='ltr'>Christo</span> <span class='ocrx_word' id='word_1_217' title='bbox 1080 2020 1196 2080; x_wconf 85' lang='lat' dir='ltr'>deierat</span> 
     </span>
    </p>
   </div>
   <div class='ocr_carea' id='block_1_6' title="bbox 4 2086 1298 2178">
    <p class='ocr_par' dir='ltr' id='par_1_9' title="bbox 4 2086 1298 2178">
     <span class='ocr_line' id='line_1_25' title="bbox 4 2086 1298 2178; baseline 0 -20"><span class='ocrx_word' id='word_1_218' title='bbox 4 2097 5 2102; x_wconf 51' lang='lat'>&#39;</span> <span class='ocrx_word' id='word_1_219' title='bbox 55 2097 204 2172; x_wconf 83' lang='lat' dir='ltr'>ostendit,</span> <span class='ocrx_word' id='word_1_220' title='bbox 224 2119 313 2177; x_wconf 91' lang='lat' dir='ltr'>quum</span> <span class='ocrx_word' id='word_1_221' title='bbox 336 2095 415 2154; x_wconf 89' lang='lat' dir='ltr'>inani</span> <span class='ocrx_word' id='word_1_222' title='bbox 435 2095 538 2156; x_wconf 85' lang='lat' dir='ltr'>labore</span> <span class='ocrx_word' id='word_1_223' title='bbox 560 2096 711 2178; x_wconf 74' lang='lat' dir='ltr'>fatigatus,</span> <span class='ocrx_word' id='word_1_224' title='bbox 731 2086 937 2176; x_wconf 53' lang='lat' dir='ltr'>quod&#39;lrustra</span> <span class='ocrx_word' id='word_1_225' title='bbox 958 2107 1138 2172; x_wconf 84' lang='lat' dir='ltr'>tentaverat,</span> <span class='ocrx_word' id='word_1_226' title='bbox 1157 2097 1195 2158; x_wconf 86' lang='lat' dir='ltr'>de</span> <span class='ocrx_word' id='word_1_227' title='bbox 1293 2161 1298 2170; x_wconf 61' lang='grc'><em>,</em></span> 
     </span>
    </p>
   </div>
   <div class='ocr_carea' id='block_1_7' title="bbox 55 2167 1195 2264">
    <p class='ocr_par' dir='ltr' id='par_1_10' title="bbox 55 2167 1195 2264">
     <span class='ocr_line' id='line_1_26' title="bbox 55 2167 1195 2264; baseline 0.001 -32"><span class='ocrx_word' id='word_1_228' title='bbox 55 2175 177 2256; x_wconf 86' lang='lat' dir='ltr'>integro</span> <span class='ocrx_word' id='word_1_229' title='bbox 198 2172 389 2254; x_wconf 73' lang='lat' dir='ltr'>aggreditur.&#39;</span> <span class='ocrx_word' id='word_1_230' title='bbox 424 2167 511 2262; x_wconf 68' lang='lat' dir='ltr'>Quid</span> <span class='ocrx_word' id='word_1_231' title='bbox 528 2171 618 2252; x_wconf 90' lang='lat' dir='ltr'>igitur</span> <span class='ocrx_word' id='word_1_232' title='bbox 636 2173 712 2250; x_wconf 79' lang='lat' dir='ltr'>apud</span> <span class='ocrx_word' id='word_1_233' title='bbox 733 2193 800 2232; x_wconf 92' lang='lat' dir='ltr'>eum</span> <span class='ocrx_word' id='word_1_234' title='bbox 820 2171 919 2264; x_wconf 78' lang='lat' dir='ltr'>magni</span> <span class='ocrx_word' id='word_1_235' title='bbox 940 2171 1030 2233; x_wconf 82' lang='lat' dir='ltr'>fuerit</span> <span class='ocrx_word' id='word_1_236' title='bbox 1050 2173 1195 2248; x_wconf 89' lang='lat' dir='ltr'>Christus,</span> 
     </span>
    </p>
   </div>
   <div class='ocr_carea' id='block_1_8' title="bbox 55 2247 1400 2329">
    <p class='ocr_par' dir='ltr' id='par_1_11' title="bbox 55 2247 1400 2329">
     <span class='ocr_line' id='line_1_27' title="bbox 55 2247 1400 2329; baseline 0 -19"><span class='ocrx_word' id='word_1_237' title='bbox 55 2263 86 2310; x_wconf 92' lang='lat' dir='ltr'>et</span> <span class='ocrx_word' id='word_1_238' title='bbox 110 2252 271 2329; x_wconf 87' lang='lat' dir='ltr'>plurimum</span> <span class='ocrx_word' id='word_1_239' title='bbox 295 2247 421 2308; x_wconf 90' lang='lat' dir='ltr'>valuerit</span> <span class='ocrx_word' id='word_1_240' title='bbox 443 2247 534 2326; x_wconf 80' lang='lat' dir='ltr'>ipsius</span> <span class='ocrx_word' id='word_1_241' title='bbox 546 2248 736 2321; x_wconf 79' lang='lat' dir='ltr'>-auctoritas,</span> <span class='ocrx_word' id='word_1_242' title='bbox 767 2268 868 2328; x_wconf 79' lang='lat' dir='ltr'>negari</span> <span class='ocrx_word' id='word_1_243' title='bbox 895 2260 1088 2328; x_wconf 82' lang='lat' dir='ltr'>nonpotest.</span> <span class='ocrx_word' id='word_1_244' title='bbox 1133 2250 1195 2312; x_wconf 90' lang='lat' dir='ltr'>Sed</span> <span class='ocrx_word' id='word_1_245' title='bbox 1294 2259 1299 2268; x_wconf 67' lang='lat'>‘</span> <span class='ocrx_word' id='word_1_246' title='bbox 1399 2293 1400 2300; x_wconf 54' lang='lat'>.</span> 
     </span>
    </p>
   </div>
   <div class='ocr_carea' id='block_1_9' title="bbox 54 2321 1196 2484">
    <p class='ocr_par' dir='ltr' id='par_1_12' title="bbox 54 2321 1196 2484">
     <span class='ocr_line' id='line_1_28' title="bbox 54 2321 1196 2406; baseline -0.002 -18"><span class='ocrx_word' id='word_1_247' title='bbox 54 2325 241 2406; x_wconf 85' lang='lat' dir='ltr'>particularis</span> <span class='ocrx_word' id='word_1_248' title='bbox 260 2324 332 2383; x_wconf 86' lang='lat' dir='ltr'>fides</span> <span class='ocrx_word' id='word_1_249' title='bbox 353 2323 404 2382; x_wconf 92' lang='lat' dir='ltr'>uni</span> <span class='ocrx_word' id='word_1_250' title='bbox 423 2335 536 2403; x_wconf 90' lang='lat' dir='ltr'>tantum</span> <span class='ocrx_word' id='word_1_251' title='bbox 558 2322 669 2384; x_wconf 88' lang='lat' dir='ltr'>Christi</span> <span class='ocrx_word' id='word_1_252' title='bbox 687 2321 825 2383; x_wconf 86' lang='lat' dir='ltr'>mandato</span> <span class='ocrx_word' id='word_1_253' title='bbox 846 2321 955 2397; x_wconf 87' lang='lat' dir='ltr'>habita,</span> <span class='ocrx_word' id='word_1_254' title='bbox 975 2337 1005 2383; x_wconf 91' lang='lat' dir='ltr'>et</span> <span class='ocrx_word' id='word_1_255' title='bbox 1025 2326 1144 2402; x_wconf 86' lang='lat' dir='ltr'>quidem</span> <span class='ocrx_word' id='word_1_256' title='bbox 1162 2327 1196 2386; x_wconf 90' lang='lat' dir='ltr'>in</span> 
     </span>
     <span class='ocr_line' id='line_1_29' title="bbox 55 2397 1196 2484; baseline -0.003 -22"><span class='ocrx_word' id='word_1_257' title='bbox 55 2404 172 2484; x_wconf 89' lang='lat' dir='ltr'>privato</span> <span class='ocrx_word' id='word_1_258' title='bbox 193 2401 385 2478; x_wconf 75' lang='lat' dir='ltr'>terrestrique</span> <span class='ocrx_word' id='word_1_259' title='bbox 405 2399 527 2478; x_wconf 82' lang='lat' dir='ltr'>negotio</span> <span class='ocrx_word' id='word_1_260' title='bbox 535 2398 765 2474; x_wconf 64' lang='lat' dir='ltr'>,2Christianum</span> <span class='ocrx_word' id='word_1_261' title='bbox 785 2399 905 2458; x_wconf 90' lang='lat' dir='ltr'>minime</span> <span class='ocrx_word' id='word_1_262' title='bbox 925 2397 1043 2458; x_wconf 83' lang='lat' dir='ltr'>iecisset</span> <span class='ocrx_word' id='word_1_263' title='bbox 1061 2401 1196 2476; x_wconf 86' lang='lat' dir='ltr'>Petrum,</span> 
     </span>
    </p>
   </div>
   <div class='ocr_carea' id='block_1_10' title="bbox 55 2472 1289 2552">
    <p class='ocr_par' dir='ltr' id='par_1_13' title="bbox 55 2472 1289 2552">
     <span class='ocr_line' id='line_1_30' title="bbox 55 2472 1289 2552; baseline -0.002 -13"><span class='ocrx_word' id='word_1_264' title='bbox 55 2480 102 2540; x_wconf 90' lang='lat' dir='ltr'>vel</span> <span class='ocrx_word' id='word_1_265' title='bbox 123 2478 225 2537; x_wconf 89' lang='lat' dir='ltr'>locum</span> <span class='ocrx_word' id='word_1_266' title='bbox 245 2475 288 2534; x_wconf 90' lang='lat' dir='ltr'>illi</span> <span class='ocrx_word' id='word_1_267' title='bbox 308 2475 436 2534; x_wconf 87' lang='lat' dir='ltr'>dedisset</span> <span class='ocrx_word' id='word_1_268' title='bbox 453 2481 532 2534; x_wconf 90' lang='lat' dir='ltr'>inter</span> <span class='ocrx_word' id='word_1_269' title='bbox 551 2473 626 2545; x_wconf 89' lang='lat' dir='ltr'>filios</span> <span class='ocrx_word' id='word_1_270' title='bbox 646 2475 720 2546; x_wconf 87' lang='lat' dir='ltr'>Dei,</span> <span class='ocrx_word' id='word_1_271' title='bbox 744 2475 799 2534; x_wconf 87' lang='lat' dir='ltr'>uisi</span> <span class='ocrx_word' id='word_1_272' title='bbox 820 2472 858 2542; x_wconf 86' lang='lat' dir='ltr'>ab</span> <span class='ocrx_word' id='word_1_273' title='bbox 877 2473 935 2534; x_wconf 90' lang='lat' dir='ltr'>hoc</span> <span class='ocrx_word' id='word_1_274' title='bbox 955 2473 1090 2552; x_wconf 88' lang='lat' dir='ltr'>obsequii</span> <span class='ocrx_word' id='word_1_275' title='bbox 1107 2475 1196 2538; x_wconf 90' lang='lat' dir='ltr'>initio</span> <span class='ocrx_word' id='word_1_276' title='bbox 1285 2518 1289 2526; x_wconf 85' lang='lat'><em>·</em></span> 
     </span>
    </p>
   </div>
   <div class='ocr_carea' id='block_1_11' title="bbox 4 2549 1262 4476">
    <p class='ocr_par' dir='ltr' id='par_1_14' title="bbox 4 2549 1262 4476">
     <span class='ocr_line' id='line_1_31' title="bbox 55 2549 1196 2632; baseline -0.004 -16"><span class='ocrx_word' id='word_1_277' title='bbox 55 2555 180 2618; x_wconf 89' lang='lat' dir='ltr'>tandem</span> <span class='ocrx_word' id='word_1_278' title='bbox 201 2551 237 2612; x_wconf 92' lang='lat' dir='ltr'>ad</span> <span class='ocrx_word' id='word_1_279' title='bbox 257 2551 374 2632; x_wconf 89' lang='lat' dir='ltr'>plenam</span> <span class='ocrx_word' id='word_1_280' title='bbox 395 2549 756 2621; x_wconf 84' lang='lat' dir='ltr'>obedientiamdeductus</span> <span class='ocrx_word' id='word_1_281' title='bbox 776 2551 865 2609; x_wconf 83' lang='lat' dir='ltr'>soret.</span> <span class='ocrx_word' id='word_1_282' title='bbox 905 2550 1079 2627; x_wconf 87' lang='lat' dir='ltr'>Caeterum,</span> <span class='ocrx_word' id='word_1_283' title='bbox 1105 2573 1196 2632; x_wconf 87' lang='lat' dir='ltr'>quum</span> 
     </span>
     <span class='ocr_line' id='line_1_32' title="bbox 55 2622 1209 2710; baseline 0.001 -20"><span class='ocrx_word' id='word_1_284' title='bbox 55 2643 115 2692; x_wconf 90' lang='lat' dir='ltr'>tam</span> <span class='ocrx_word' id='word_1_285' title='bbox 159 2635 293 2710; x_wconf 80' lang='lat' dir='ltr'>comptus</span> <span class='ocrx_word' id='word_1_286' title='bbox 314 2627 404 2686; x_wconf 84' lang='lat' dir='ltr'>fuerit</span> <span class='ocrx_word' id='word_1_287' title='bbox 423 2627 465 2697; x_wconf 64' lang='lat' dir='ltr'>ad,</span> <span class='ocrx_word' id='word_1_288' title='bbox 484 2626 645 2706; x_wconf 89' lang='lat' dir='ltr'>parendum</span> <span class='ocrx_word' id='word_1_289' title='bbox 667 2627 777 2688; x_wconf 86' lang='lat' dir='ltr'>Christi</span> <span class='ocrx_word' id='word_1_290' title='bbox 800 2626 938 2688; x_wconf 90' lang='lat' dir='ltr'>mandato</span> <span class='ocrx_word' id='word_1_291' title='bbox 959 2627 1081 2704; x_wconf 90' lang='lat' dir='ltr'>Petrus,</span> <span class='ocrx_word' id='word_1_292' title='bbox 1107 2622 1209 2709; x_wconf 76' lang='lat' dir='ltr'>quem&#39;</span> 
     </span>
     <span class='ocr_line' id='line_1_33' title="bbox 57 2652 1197 2784; baseline 0.002 -18"><span class='ocrx_word' id='word_1_293' title='bbox 57 2652 195 2768; x_wconf 78' lang='lat' dir='ltr'>nondirm</span> <span class='ocrx_word' id='word_1_294' title='bbox 215 2705 262 2766; x_wconf 90' lang='lat' dir='ltr'>vel</span> <span class='ocrx_word' id='word_1_295' title='bbox 280 2703 462 2784; x_wconf 84' lang='lat' dir='ltr'>Prophetam</span> <span class='ocrx_word' id='word_1_296' title='bbox 484 2724 546 2763; x_wconf 91' lang='lat' dir='ltr'>esse</span> <span class='ocrx_word' id='word_1_297' title='bbox 565 2702 611 2764; x_wconf 86' lang='lat' dir='ltr'>vel</span> <span class='ocrx_word' id='word_1_298' title='bbox 630 2703 689 2762; x_wconf 93' lang='lat' dir='ltr'>Dei</span> <span class='ocrx_word' id='word_1_299' title='bbox 708 2703 815 2764; x_wconf 87' lang='lat' dir='ltr'>Filium</span> <span class='ocrx_word' id='word_1_300' title='bbox 834 2703 955 2778; x_wconf 90' lang='lat' dir='ltr'>sciebat,</span> <span class='ocrx_word' id='word_1_301' title='bbox 976 2703 1056 2768; x_wconf 84' lang='lat' dir='ltr'>nulla</span> <span class='ocrx_word' id='word_1_302' title='bbox 1073 2717 1197 2768; x_wconf 85' lang='lat' dir='ltr'>nostrae</span> 
     </span>
     <span class='ocr_line' id='line_1_34' title="bbox 57 2779 1195 2866; baseline 0.001 -22"><span class='ocrx_word' id='word_1_303' title='bbox 57 2784 243 2866; x_wconf 79' lang='lat' dir='ltr'>ignominiae</span> <span class='ocrx_word' id='word_1_304' title='bbox 253 2785 409 2864; x_wconf 82' lang='lat' dir='ltr'>excusatio,</span> <span class='ocrx_word' id='word_1_305' title='bbox 430 2781 508 2860; x_wconf 90' lang='lat' dir='ltr'>quod</span> <span class='ocrx_word' id='word_1_306' title='bbox 520 2779 682 2841; x_wconf 90' lang='lat' dir='ltr'>Dominum</span> <span class='ocrx_word' id='word_1_307' title='bbox 703 2793 732 2841; x_wconf 89' lang='lat' dir='ltr'>et</span> <span class='ocrx_word' id='word_1_308' title='bbox 742 2781 855 2864; x_wconf 83' lang='lat' dir='ltr'>Regem</span> <span class='ocrx_word' id='word_1_309' title='bbox 868 2792 898 2840; x_wconf 89' lang='lat' dir='ltr'>et</span> <span class='ocrx_word' id='word_1_310' title='bbox 908 2781 1039 2841; x_wconf 91' lang='lat' dir='ltr'>Iudicem</span> <span class='ocrx_word' id='word_1_311' title='bbox 1050 2785 1195 2845; x_wconf 82' lang='lat' dir='ltr'>&#39;nostrum</span> 
     </span>
     <span class='ocr_line' id='line_1_35' title="bbox 4 2857 1228 2939; baseline 0.002 -20"><span class='ocrx_word' id='word_1_312' title='bbox 4 2857 5 2868; x_wconf 52' lang='lat'>¹</span> <span class='ocrx_word' id='word_1_313' title='bbox 58 2862 281 2939; x_wconf 89' lang='lat' dir='ltr'>praedicantes,</span> <span class='ocrx_word' id='word_1_314' title='bbox 301 2857 433 2919; x_wconf 86' lang='lat' dir='ltr'>cilicium</span> <span class='ocrx_word' id='word_1_315' title='bbox 453 2868 588 2919; x_wconf 91' lang='lat' dir='ltr'>nostrum</span> <span class='ocrx_word' id='word_1_316' title='bbox 608 2857 706 2920; x_wconf 88' lang='lat' dir='ltr'>lacere</span> <span class='ocrx_word' id='word_1_317' title='bbox 727 2859 824 2918; x_wconf 87' lang='lat' dir='ltr'>decies</span> <span class='ocrx_word' id='word_1_318' title='bbox 844 2857 965 2939; x_wconf 79' lang='lat' dir='ltr'>abipso</span> <span class='ocrx_word' id='word_1_319' title='bbox 986 2859 1070 2936; x_wconf 89' lang='lat' dir='ltr'>iussi,</span> <span class='ocrx_word' id='word_1_320' title='bbox 1089 2881 1128 2921; x_wconf 87' lang='lat' dir='ltr'>ue</span> <span class='ocrx_word' id='word_1_321' title='bbox 1150 2860 1196 2922; x_wconf 91' lang='lat' dir='ltr'>di·</span> <span class='ocrx_word' id='word_1_322' title='bbox 1210 2861 1228 2896; x_wconf 52' lang='grc' dir='ltr'>Ὺ</span> 
     </span>
     <span class='ocr_line' id='line_1_36' title="bbox 57 2937 805 3019; baseline -0.003 -23"><span class='ocrx_word' id='word_1_323' title='bbox 57 2938 151 3019; x_wconf 86' lang='lat' dir='ltr'>gitum</span> <span class='ocrx_word' id='word_1_324' title='bbox 173 2937 292 3019; x_wconf 88' lang='lat' dir='ltr'>quidem</span> <span class='ocrx_word' id='word_1_325' title='bbox 311 2941 471 2996; x_wconf 81' lang='lat' dir='ltr'>movemus.</span> <span class='ocrx_word' id='word_1_326' title='bbox 516 2965 521 2980; x_wconf 90' lang='lat'><em>·</em></span> <span class='ocrx_word' id='word_1_327' title='bbox 619 2952 621 2961; x_wconf 58' lang='lat'><em>¹</em></span> <span class='ocrx_word' id='word_1_328' title='bbox 803 3000 805 3006; x_wconf 12' lang='lat' dir='ltr'>p</span> 
     </span>
     <span class='ocr_line' id='line_1_37' title="bbox 132 3005 1262 3096; baseline 0.002 -22"><span class='ocrx_word' id='word_1_329' title='bbox 132 3015 207 3074; x_wconf 90' lang='lat' dir='ltr'>Luc.</span> <span class='ocrx_word' id='word_1_330' title='bbox 236 3019 265 3077; x_wconf 87' lang='grc'>6.</span> <span class='ocrx_word' id='word_1_331' title='bbox 311 3012 518 3072; x_wconf 77' lang='lat' dir='ltr'>Govtolosemnt</span> <span class='ocrx_word' id='word_1_332' title='bbox 541 3013 666 3086; x_wconf 75' lang='lat' dir='ltr'>piscium</span> <span class='ocrx_word' id='word_1_333' title='bbox 695 3005 911 3072; x_wconf 79' lang='lat' dir='ltr'>multintdinem&#39;.</span> <span class='ocrx_word' id='word_1_334' title='bbox 960 3011 1042 3092; x_wconf 86' lang='lat' dir='ltr'>Finis</span> <span class='ocrx_word' id='word_1_335' title='bbox 1050 3012 1217 3096; x_wconf 57' lang='lat' dir='ltr'>‘squidem</span> <span class='ocrx_word' id='word_1_336' title='bbox 1258 3015 1262 3020; x_wconf 83' lang='grc'><strong>’</strong></span> 
     </span>
     <span class='ocr_line' id='line_1_38' title="bbox 59 3088 1194 3172; baseline 0.003 -22"><span class='ocrx_word' id='word_1_337' title='bbox 59 3089 190 3151; x_wconf 87' lang='lat' dir='ltr'>miraculi</span> <span class='ocrx_word' id='word_1_338' title='bbox 214 3089 287 3164; x_wconf 84' lang='lat' dir='ltr'>fuit,</span> <span class='ocrx_word' id='word_1_339' title='bbox 320 3101 354 3148; x_wconf 88' lang='lat' dir='ltr'>ut</span> <span class='ocrx_word' id='word_1_340' title='bbox 384 3089 502 3172; x_wconf 88' lang='lat' dir='ltr'>cognita</span> <span class='ocrx_word' id='word_1_341' title='bbox 523 3089 633 3148; x_wconf 89' lang='lat' dir='ltr'>Christi</span> <span class='ocrx_word' id='word_1_342' title='bbox 660 3088 864 3163; x_wconf 88' lang='lat' dir='ltr'>divinitatese</span> <span class='ocrx_word' id='word_1_343' title='bbox 887 3088 933 3149; x_wconf 90' lang='lat' dir='ltr'>illi</span> <span class='ocrx_word' id='word_1_344' title='bbox 957 3089 1068 3172; x_wconf 81' lang='lat' dir='ltr'>Petrus</span> <span class='ocrx_word' id='word_1_345' title='bbox 1088 3103 1118 3150; x_wconf 89' lang='lat' dir='ltr'>et</span> <span class='ocrx_word' id='word_1_346' title='bbox 1143 3092 1194 3155; x_wconf 88' lang='lat' dir='ltr'>alii</span> 
     </span>
     <span class='ocr_line' id='line_1_39' title="bbox 60 3149 1194 3248; baseline 0.004 -24"><span class='ocrx_word' id='word_1_347' title='bbox 60 3165 217 3248; x_wconf 87' lang='lat' dir='ltr'>discipulos</span> <span class='ocrx_word' id='word_1_348' title='bbox 242 3164 422 3226; x_wconf 89' lang='lat' dir='ltr'>addicerent.</span> <span class='ocrx_word' id='word_1_349' title='bbox 467 3163 656 3224; x_wconf 90' lang='lat' dir='ltr'>Generaliter</span> <span class='ocrx_word' id='word_1_350' title='bbox 680 3177 779 3226; x_wconf 83' lang='lat' dir='ltr'>tamen</span> <span class='ocrx_word' id='word_1_351' title='bbox 805 3149 863 3226; x_wconf 80' lang='lat' dir='ltr'>hoc</span> <span class='ocrx_word' id='word_1_352' title='bbox 887 3166 1020 3247; x_wconf 84' lang='lat' dir='ltr'>exemplo</span> <span class='ocrx_word' id='word_1_353' title='bbox 1042 3167 1194 3247; x_wconf 79' lang='lat' dir='ltr'>docemur,</span> 
     </span>
     <span class='ocr_line' id='line_1_40' title="bbox 59 3241 1192 3322; baseline 0.005 -21"><span class='ocrx_word' id='word_1_354' title='bbox 59 3245 178 3304; x_wconf 90' lang='lat' dir='ltr'>minime</span> <span class='ocrx_word' id='word_1_355' title='bbox 203 3241 366 3304; x_wconf 90' lang='lat' dir='ltr'>timendum</span> <span class='ocrx_word' id='word_1_356' title='bbox 392 3261 469 3318; x_wconf 91' lang='lat' dir='ltr'>esse,</span> <span class='ocrx_word' id='word_1_357' title='bbox 499 3251 538 3300; x_wconf 82' lang='lat' dir='ltr'>ne</span> <span class='ocrx_word' id='word_1_358' title='bbox 563 3243 742 3322; x_wconf 90' lang='lat' dir='ltr'>respondeat</span> <span class='ocrx_word' id='word_1_359' title='bbox 765 3241 862 3302; x_wconf 86' lang='lat' dir='ltr'>labori</span> <span class='ocrx_word' id='word_1_360' title='bbox 891 3255 994 3302; x_wconf 87' lang='lat' dir='ltr'>nostro</span> <span class='ocrx_word' id='word_1_361' title='bbox 1019 3242 1192 3309; x_wconf 90' lang='lat' dir='ltr'>benedictio</span> 
     </span>
     <span class='ocr_line' id='line_1_41' title="bbox 59 3317 1192 3402; baseline 0.008 -26"><span class='ocrx_word' id='word_1_362' title='bbox 59 3317 116 3379; x_wconf 82' lang='lat' dir='ltr'>ltet</span> <span class='ocrx_word' id='word_1_363' title='bbox 136 3333 166 3380; x_wconf 92' lang='lat' dir='ltr'>et</span> <span class='ocrx_word' id='word_1_364' title='bbox 186 3318 325 3402; x_wconf 92' lang='lat' dir='ltr'>optabilis</span> <span class='ocrx_word' id='word_1_365' title='bbox 344 3339 503 3392; x_wconf 89' lang='lat' dir='ltr'>successus,</span> <span class='ocrx_word' id='word_1_366' title='bbox 523 3318 735 3396; x_wconf 75' lang='lat' dir='ltr'>quotiesiussu</span> <span class='ocrx_word' id='word_1_367' title='bbox 756 3331 787 3379; x_wconf 89' lang='lat' dir='ltr'>et</span> <span class='ocrx_word' id='word_1_368' title='bbox 804 3320 939 3400; x_wconf 87' lang='lat' dir='ltr'>auspiciis</span> <span class='ocrx_word' id='word_1_369' title='bbox 961 3319 1070 3381; x_wconf 86' lang='lat' dir='ltr'>Christi</span> <span class='ocrx_word' id='word_1_370' title='bbox 1088 3344 1192 3385; x_wconf 89' lang='lat' dir='ltr'>manus</span> 
     </span>
     <span class='ocr_line' id='line_1_42' title="bbox 60 3393 1259 3478; baseline 0.007 -24"><span class='ocrx_word' id='word_1_371' title='bbox 60 3398 142 3474; x_wconf 87' lang='lat' dir='ltr'>operi</span> <span class='ocrx_word' id='word_1_372' title='bbox 162 3394 392 3458; x_wconf 87' lang='lat' dir='ltr'>admovebimus.</span> <span class='ocrx_word' id='word_1_373' title='bbox 438 3394 596 3455; x_wconf 89' lang='lat' dir='ltr'>Caeterum</span> <span class='ocrx_word' id='word_1_374' title='bbox 616 3393 681 3454; x_wconf 92' lang='lat' dir='ltr'>talis</span> <span class='ocrx_word' id='word_1_375' title='bbox 701 3396 758 3456; x_wconf 87' lang='lat' dir='ltr'>luit</span> <span class='ocrx_word' id='word_1_376' title='bbox 777 3397 864 3478; x_wconf 90' lang='lat' dir='ltr'>copia</span> <span class='ocrx_word' id='word_1_377' title='bbox 883 3397 1023 3478; x_wconf 87' lang='lat' dir='ltr'>piscium,</span> <span class='ocrx_word' id='word_1_378' title='bbox 1042 3419 1119 3478; x_wconf 89' lang='lat' dir='ltr'>quae</span> <span class='ocrx_word' id='word_1_379' title='bbox 1137 3395 1193 3462; x_wconf 89' lang='lat' dir='ltr'>&#39;ua-</span> <span class='ocrx_word' id='word_1_380' title='bbox 1255 3454 1259 3465; x_wconf 89' lang='lat'>.</span> 
     </span>
     <span class='ocr_line' id='line_1_43' title="bbox 57 3471 1218 3563; baseline 0.007 -35"><span class='ocrx_word' id='word_1_381' title='bbox 57 3491 104 3531; x_wconf 90' lang='lat' dir='ltr'>ves</span> <span class='ocrx_word' id='word_1_382' title='bbox 119 3472 283 3556; x_wconf 84' lang='lat' dir='ltr'>mergendo</span> <span class='ocrx_word' id='word_1_383' title='bbox 296 3471 411 3532; x_wconf 86' lang='lat' dir='ltr'>animos</span> <span class='ocrx_word' id='word_1_384' title='bbox 421 3471 615 3563; x_wconf 85' lang='lat' dir='ltr'>spectantium</span> <span class='ocrx_word' id='word_1_385' title='bbox 627 3472 656 3530; x_wconf 89' lang='lat' dir='ltr'>in</span> <span class='ocrx_word' id='word_1_386' title='bbox 669 3472 893 3533; x_wconf 88' lang='lat' dir='ltr'>admirationem</span> <span class='ocrx_word' id='word_1_387' title='bbox 908 3473 1066 3535; x_wconf 88' lang='lat' dir='ltr'>attolleret.</span> <span class='ocrx_word' id='word_1_388' title='bbox 1088 3476 1191 3555; x_wconf 80' lang='lat' dir='ltr'>Opor-</span> <span class='ocrx_word' id='word_1_389' title='bbox 1216 3493 1218 3498; x_wconf 84' lang='grc'><strong>’</strong></span> 
     </span>
     <span class='ocr_line' id='line_1_44' title="bbox 59 3546 1191 3632; baseline 0.011 -30"><span class='ocrx_word' id='word_1_390' title='bbox 59 3547 113 3607; x_wconf 88' lang='lat' dir='ltr'>tuit</span> <span class='ocrx_word' id='word_1_391' title='bbox 132 3551 210 3626; x_wconf 87' lang='lat' dir='ltr'>enim</span> <span class='ocrx_word' id='word_1_392' title='bbox 229 3549 358 3616; x_wconf 74' lang='lat' dir='ltr'>divinem</span> <span class='ocrx_word' id='word_1_393' title='bbox 371 3546 481 3608; x_wconf 81' lang='lat' dir='ltr'>Christi</span> <span class='ocrx_word' id='word_1_394' title='bbox 500 3546 625 3630; x_wconf 82' lang='lat' dir='ltr'>gloriam</span> <span class='ocrx_word' id='word_1_395' title='bbox 642 3547 783 3609; x_wconf 89' lang='lat' dir='ltr'>miraculo</span> <span class='ocrx_word' id='word_1_396' title='bbox 804 3549 862 3610; x_wconf 92' lang='lat' dir='ltr'>hoc</span> <span class='ocrx_word' id='word_1_397' title='bbox 881 3551 1024 3632; x_wconf 85' lang='lat' dir='ltr'>patefieri,</span> <span class='ocrx_word' id='word_1_398' title='bbox 1046 3563 1079 3612; x_wconf 92' lang='lat' dir='ltr'>ut</span> <span class='ocrx_word' id='word_1_399' title='bbox 1096 3552 1191 3614; x_wconf 84' lang='lat' dir='ltr'>solida</span> 
     </span>
     <span class='ocr_line' id='line_1_45' title="bbox 57 3621 1217 3699; baseline 0.004 -21"><span class='ocrx_word' id='word_1_400' title='bbox 57 3621 100 3698; x_wconf 16' lang='lat' dir='ltr'>‘illi</span> <span class='ocrx_word' id='word_1_401' title='bbox 120 3627 279 3687; x_wconf 89' lang='lat' dir='ltr'>auctoritas</span> <span class='ocrx_word' id='word_1_402' title='bbox 300 3636 459 3685; x_wconf 91' lang='lat' dir='ltr'>constaret.</span> <span class='ocrx_word' id='word_1_403' title='bbox 860 3655 862 3662; x_wconf 84' lang='grc'><em>·</em></span> <span class='ocrx_word' id='word_1_404' title='bbox 888 3696 890 3699; x_wconf 13' lang='lat'>⁸</span> <span class='ocrx_word' id='word_1_405' title='bbox 1215 3683 1217 3692; x_wconf 84' lang='lat'>.</span> 
     </span>
     <span class='ocr_line' id='line_1_46' title="bbox 132 3697 1203 3785; baseline 0.004 -25"><span class='ocrx_word' id='word_1_406' title='bbox 132 3701 205 3763; x_wconf 91' lang='lat' dir='ltr'>Luc.</span> <span class='ocrx_word' id='word_1_407' title='bbox 230 3707 257 3767; x_wconf 86' lang='lat'>8.</span> <span class='ocrx_word' id='word_1_408' title='bbox 297 3699 423 3760; x_wconf 81' lang='lat' dir='ltr'>Discede</span> <span class='ocrx_word' id='word_1_409' title='bbox 445 3723 466 3764; x_wconf 82' lang='lat' dir='ltr'><strong><em>a</em></strong></span> <span class='ocrx_word' id='word_1_410' title='bbox 489 3721 548 3772; x_wconf 87' lang='lat' dir='ltr'>me,</span> <span class='ocrx_word' id='word_1_411' title='bbox 573 3698 709 3760; x_wconf 73' lang='lat' dir='ltr'>Dareine.</span> <span class='ocrx_word' id='word_1_412' title='bbox 750 3697 889 3775; x_wconf 88' lang='lat' dir='ltr'>Quamvis</span> <span class='ocrx_word' id='word_1_413' title='bbox 908 3703 967 3763; x_wconf 89' lang='lat' dir='ltr'>Dei</span> <span class='ocrx_word' id='word_1_414' title='bbox 993 3701 1203 3785; x_wconf 42' lang='lat' dir='ltr'>praesentiam.</span> 
     </span>
     <span class='ocr_line' id='line_1_47' title="bbox 4 3776 1190 3860; baseline 0.005 -27"><span class='ocrx_word' id='word_1_415' title='bbox 4 3789 6 3860; x_wconf 57' lang='lat'>,</span> <span class='ocrx_word' id='word_1_416' title='bbox 60 3776 175 3838; x_wconf 82' lang='lat' dir='ltr'>assiduis</span> <span class='ocrx_word' id='word_1_417' title='bbox 195 3779 271 3840; x_wconf 92' lang='lat' dir='ltr'>votis</span> <span class='ocrx_word' id='word_1_418' title='bbox 291 3789 429 3859; x_wconf 85' lang='lat' dir='ltr'>expetant</span> <span class='ocrx_word' id='word_1_419' title='bbox 449 3777 592 3849; x_wconf 88' lang='lat' dir='ltr'>homines,</span> <span class='ocrx_word' id='word_1_420' title='bbox 612 3797 731 3838; x_wconf 89' lang='lat' dir='ltr'>necesse</span> <span class='ocrx_word' id='word_1_421' title='bbox 750 3789 850 3838; x_wconf 89' lang='lat' dir='ltr'>tamen</span> <span class='ocrx_word' id='word_1_422' title='bbox 870 3791 923 3854; x_wconf 88' lang='lat' dir='ltr'>est,</span> <span class='ocrx_word' id='word_1_423' title='bbox 942 3782 1117 3858; x_wconf 86' lang='lat' dir='ltr'>simulatque</span> <span class='ocrx_word' id='word_1_424' title='bbox 1137 3801 1190 3860; x_wconf 88' lang='lat' dir='ltr'>ap·</span> 
     </span>
     <span class='ocr_line' id='line_1_48' title="bbox 4 3853 1190 3933; baseline 0.007 -25"><span class='ocrx_word' id='word_1_425' title='bbox 4 3893 5 3902; x_wconf 64' lang='lat'>.</span> <span class='ocrx_word' id='word_1_426' title='bbox 60 3865 141 3926; x_wconf 86' lang='lat' dir='ltr'>paret</span> <span class='ocrx_word' id='word_1_427' title='bbox 158 3853 257 3931; x_wconf 85' lang='lat' dir='ltr'>Deus,</span> <span class='ocrx_word' id='word_1_428' title='bbox 291 3855 451 3915; x_wconf 77' lang='lat' dir='ltr'>formidine</span> <span class='ocrx_word' id='word_1_429' title='bbox 473 3853 609 3933; x_wconf 88' lang='lat' dir='ltr'>percelli,</span> <span class='ocrx_word' id='word_1_430' title='bbox 639 3857 699 3914; x_wconf 91' lang='lat' dir='ltr'>imo</span> <span class='ocrx_word' id='word_1_431' title='bbox 727 3855 883 3916; x_wconf 85' lang='lat' dir='ltr'>exanimari</span> <span class='ocrx_word' id='word_1_432' title='bbox 905 3869 986 3916; x_wconf 89' lang='lat' dir='ltr'>metu</span> <span class='ocrx_word' id='word_1_433' title='bbox 1011 3867 1041 3916; x_wconf 87' lang='lat' dir='ltr'>et</span> <span class='ocrx_word' id='word_1_434' title='bbox 1086 3875 1190 3933; x_wconf 87' lang='lat' dir='ltr'>avore,</span> 
     </span>
     <span class='ocr_line' id='line_1_49' title="bbox 61 3925 1190 4014; baseline 0.009 -32"><span class='ocrx_word' id='word_1_435' title='bbox 61 3925 154 3989; x_wconf 90' lang='lat' dir='ltr'>donec</span> <span class='ocrx_word' id='word_1_436' title='bbox 184 3931 320 3994; x_wconf 85' lang='lat' dir='ltr'>solatium</span> <span class='ocrx_word' id='word_1_437' title='bbox 351 3929 496 3990; x_wconf 86' lang='lat' dir='ltr'>adhibeat.</span> <span class='ocrx_word' id='word_1_438' title='bbox 551 3930 643 4006; x_wconf 87' lang='lat' dir='ltr'>Quod</span> <span class='ocrx_word' id='word_1_439' title='bbox 674 3930 771 3990; x_wconf 89' lang='lat' dir='ltr'>Deum</span> <span class='ocrx_word' id='word_1_440' title='bbox 807 3943 866 3992; x_wconf 91' lang='lat' dir='ltr'>tam</span> <span class='ocrx_word' id='word_1_441' title='bbox 897 3933 1004 4014; x_wconf 89' lang='lat' dir='ltr'>cupide</span> <span class='ocrx_word' id='word_1_442' title='bbox 1035 3943 1190 4010; x_wconf 88' lang='lat' dir='ltr'>avocant,</span> 
     </span>
     <span class='ocr_line' id='line_1_50' title="bbox 61 4004 1187 4090; baseline 0.01 -32"><span class='ocrx_word' id='word_1_443' title='bbox 61 4004 168 4079; x_wconf 86' lang='lat' dir='ltr'>optima</span> <span class='ocrx_word' id='word_1_444' title='bbox 186 4020 231 4067; x_wconf 89' lang='lat' dir='ltr'>est</span> <span class='ocrx_word' id='word_1_445' title='bbox 250 4010 335 4083; x_wconf 87' lang='lat' dir='ltr'>ratio,</span> <span class='ocrx_word' id='word_1_446' title='bbox 377 4006 425 4068; x_wconf 91' lang='lat' dir='ltr'>uia</span> <span class='ocrx_word' id='word_1_447' title='bbox 444 4028 474 4068; x_wconf 92' lang='lat' dir='ltr'>se</span> <span class='ocrx_word' id='word_1_448' title='bbox 487 4007 609 4068; x_wconf 85' lang='lat' dir='ltr'>miseros</span> <span class='ocrx_word' id='word_1_449' title='bbox 630 4027 691 4068; x_wconf 89' lang='lat' dir='ltr'>esse</span> <span class='ocrx_word' id='word_1_450' title='bbox 712 4028 747 4068; x_wconf 89' lang='lat' dir='ltr'>eo</span> <span class='ocrx_word' id='word_1_451' title='bbox 768 4007 889 4068; x_wconf 92' lang='lat' dir='ltr'>absente</span> <span class='ocrx_word' id='word_1_452' title='bbox 899 4010 1009 4086; x_wconf 81' lang='lat' dir='ltr'>sentire</span> <span class='ocrx_word' id='word_1_453' title='bbox 1025 4019 1187 4090; x_wconf 86' lang='lat' dir='ltr'>coguntur:</span> 
     </span>
     <span class='ocr_line' id='line_1_51' title="bbox 60 4029 1189 4170; baseline 0.004 -30"><span class='ocrx_word' id='word_1_454' title='bbox 60 4083 221 4170; x_wconf 62' lang='lat' dir='ltr'>psaesen&#39;tia</span> <span class='ocrx_word' id='word_1_455' title='bbox 241 4097 336 4146; x_wconf 90' lang='lat' dir='ltr'>autem</span> <span class='ocrx_word' id='word_1_456' title='bbox 356 4029 520 4145; x_wconf 89' lang='lat' dir='ltr'>illius&#39;ideo</span> <span class='ocrx_word' id='word_1_457' title='bbox 542 4084 734 4144; x_wconf 85' lang='lat' dir='ltr'>formidabilis</span> <span class='ocrx_word' id='word_1_458' title='bbox 755 4097 813 4161; x_wconf 89' lang='lat' dir='ltr'>est,</span> <span class='ocrx_word' id='word_1_459' title='bbox 834 4087 901 4166; x_wconf 90' lang='lat' dir='ltr'>quia</span> <span class='ocrx_word' id='word_1_460' title='bbox 920 4097 992 4144; x_wconf 90' lang='lat' dir='ltr'>tunc</span> <span class='ocrx_word' id='word_1_461' title='bbox 1011 4085 1122 4146; x_wconf 84' lang='lat' dir='ltr'>sehtire</span> <span class='ocrx_word' id='word_1_462' title='bbox 1140 4086 1189 4145; x_wconf 89' lang='lat' dir='ltr'>iu·</span> 
     </span>
     <span class='ocr_line' id='line_1_52' title="bbox 62 4161 1188 4246; baseline 0.004 -28"><span class='ocrx_word' id='word_1_463' title='bbox 62 4169 181 4246; x_wconf 68' lang='lat' dir='ltr'>clptynt,</span> <span class='ocrx_word' id='word_1_464' title='bbox 201 4176 287 4240; x_wconf 86' lang='lat' dir='ltr'>quam</span> <span class='ocrx_word' id='word_1_465' title='bbox 312 4161 385 4222; x_wconf 88' lang='lat' dir='ltr'>nihil</span> <span class='ocrx_word' id='word_1_466' title='bbox 412 4164 487 4238; x_wconf 91' lang='lat' dir='ltr'>siut,</span> <span class='ocrx_word' id='word_1_467' title='bbox 512 4162 708 4240; x_wconf 75' lang='lat' dir='ltr'>imoqututa</span> <span class='ocrx_word' id='word_1_468' title='bbox 726 4162 872 4223; x_wconf 89' lang='lat' dir='ltr'>malorum</span> <span class='ocrx_word' id='word_1_469' title='bbox 893 4162 1034 4243; x_wconf 88' lang='lat' dir='ltr'>congerie</span> <span class='ocrx_word' id='word_1_470' title='bbox 1059 4161 1119 4223; x_wconf 91' lang='lat' dir='ltr'>sint</span> <span class='ocrx_word' id='word_1_471' title='bbox 1138 4182 1188 4223; x_wconf 88' lang='lat' dir='ltr'>re-</span> 
     </span>
     <span class='ocr_line' id='line_1_53' title="bbox 60 4225 1187 4318; baseline 0.005 -24"><span class='ocrx_word' id='word_1_472' title='bbox 60 4225 135 4318; x_wconf 72' lang='lat' dir='ltr'>seftt·</span> <span class='ocrx_word' id='word_1_473' title='bbox 174 4235 343 4298; x_wconf 88' lang='lat' dir='ltr'>Secundum</span> <span class='ocrx_word' id='word_1_474' title='bbox 363 4237 438 4297; x_wconf 93' lang='lat' dir='ltr'>hanc</span> <span class='ocrx_word' id='word_1_475' title='bbox 462 4239 608 4300; x_wconf 88' lang='lat' dir='ltr'>rationem</span> <span class='ocrx_word' id='word_1_476' title='bbox 628 4237 734 4300; x_wconf 85' lang='lat' dir='ltr'>Petrus</span> <span class='ocrx_word' id='word_1_477' title='bbox 753 4239 794 4300; x_wconf 90' lang='lat' dir='ltr'>sic</span> <span class='ocrx_word' id='word_1_478' title='bbox 813 4237 966 4299; x_wconf 81' lang='lat' dir='ltr'>reveretur</span> <span class='ocrx_word' id='word_1_479' title='bbox 986 4238 1136 4299; x_wconf 88' lang='lat' dir='ltr'>Christum</span> <span class='ocrx_word' id='word_1_480' title='bbox 1155 4237 1187 4305; x_wconf 88' lang='lat' dir='ltr'>in</span> 
     </span>
     <span class='ocr_line' id='line_1_54' title="bbox 59 4307 1186 4458; baseline 0.015 -99"><span class='ocrx_word' id='word_1_481' title='bbox 59 4307 225 4387; x_wconf 80' lang='lat' dir='ltr'>miraculo,</span> <span class='ocrx_word' id='word_1_482' title='bbox 246 4327 280 4374; x_wconf 89' lang='lat' dir='ltr'>ut</span> <span class='ocrx_word' id='word_1_483' title='bbox 304 4314 453 4376; x_wconf 88' lang='lat' dir='ltr'>maiestate</span> <span class='ocrx_word' id='word_1_484' title='bbox 479 4317 540 4375; x_wconf 91' lang='lat' dir='ltr'>eius</span> <span class='ocrx_word' id='word_1_485' title='bbox 563 4315 715 4376; x_wconf 75' lang='lat' dir='ltr'>exterritus</span> <span class='ocrx_word' id='word_1_486' title='bbox 736 4314 877 4394; x_wconf 87' lang='lat' dir='ltr'>quantum</span> <span class='ocrx_word' id='word_1_487' title='bbox 901 4315 933 4373; x_wconf 92' lang='lat' dir='ltr'>in</span> <span class='ocrx_word' id='word_1_488' title='bbox 957 4333 989 4374; x_wconf 91' lang='lat' dir='ltr'>se</span> <span class='ocrx_word' id='word_1_489' title='bbox 1015 4327 1059 4375; x_wconf 88' lang='lat' dir='ltr'>est</span> <span class='ocrx_word' id='word_1_490' title='bbox 1082 4315 1186 4458; x_wconf 75' lang='lat' dir='ltr'>fugiat.</span> 
     </span>
     <span class='ocr_line' id='line_1_55' title="bbox 1129 4413 1186 4476; baseline 0 -20"><span class='ocrx_word' id='word_1_491' title='bbox 1129 4413 1186 4476; x_wconf 79' lang='lat' dir='ltr'>igr-</span> 
     </span>
    </p>
   </div>
   <div class='ocr_carea' id='block_1_12' title="bbox 4 4373 1115 4481">
    <p class='ocr_par' dir='ltr' id='par_1_15' title="bbox 4 4373 1115 4481">
     <span class='ocr_line' id='line_1_56' title="bbox 4 4373 1115 4481; baseline 0.012 -41"><span class='ocrx_word' id='word_1_492' title='bbox 4 4453 5 4480; x_wconf 28' lang='lat'>]</span> <span class='ocrx_word' id='word_1_493' title='bbox 59 4373 160 4459; x_wconf 81' lang='lat' dir='ltr'>Neque</span> <span class='ocrx_word' id='word_1_494' title='bbox 179 4383 236 4454; x_wconf 91' lang='lat' dir='ltr'>hoc</span> <span class='ocrx_word' id='word_1_495' title='bbox 256 4391 311 4455; x_wconf 80' lang='lat' dir='ltr'>suli</span> <span class='ocrx_word' id='word_1_496' title='bbox 330 4389 421 4454; x_wconf 87' lang='lat' dir='ltr'>Petro</span> <span class='ocrx_word' id='word_1_497' title='bbox 441 4392 563 4471; x_wconf 88' lang='lat' dir='ltr'>accidit,</span> <span class='ocrx_word' id='word_1_498' title='bbox 590 4392 837 4474; x_wconf 84' lang='lat' dir='ltr'>quemadmodum</span> <span class='ocrx_word' id='word_1_499' title='bbox 857 4409 890 4451; x_wconf 88' lang='lat' dir='ltr'>ex</span> <span class='ocrx_word' id='word_1_500' title='bbox 904 4402 1049 4456; x_wconf 84' lang='lat' dir='ltr'>¹contextu</span> <span class='ocrx_word' id='word_1_501' title='bbox 1069 4393 1115 4481; x_wconf 83' lang='lat' dir='ltr'>col</span> 
     </span>
    </p>
   </div>
   <div class='ocr_carea' id='block_1_13' title="bbox 0 0 1408 4748">
    <p class='ocr_par' dir='ltr' id='par_1_16' title="bbox 0 0 1408 4748">
     <span class='ocr_line' id='line_1_57' title="bbox 0 0 1408 4748; baseline 0 0"><span class='ocrx_word' id='word_1_502' title='bbox 0 0 1408 4748; x_wconf 95' lang='lat' dir='ltr'> </span> 
     </span>
    </p>
   </div>
  </div>
 </body>
</html>
