2808 4748
450 205 599 275 'omno
619 227 799 276 munuae,
1130 219 1202 286 itt
1296 277 1300 284 .

151 361 254 424 Matth.
273 363 320 424 Ὧ-
359 356 501 420 memet
516 361 706 435 amputasse
723 358 831 420 muts.
869 355 1048 442 'Tenendum
1058 364 1202 426 meritoria

74 440 219 520 estquod
239 438 319 519 prius
338 437 456 510 monui,
480 437 628 515 concisas.
636 435 688 496 bie·
703 437 807 496 referri
825 441 997 516 sententias,
1022 459 1083 502 non
1104 451 1202 502 autem

71 529 247 596 ,erpetuam
275 531 337 574 esse
362 511 547 579 'concionem
588 508 707 573 Summa
736 531 829 593 porro
854 511 938 574 huius
965 519 1127 586 sententiae
1147 531 1202 594 est,

73 537 220 654 bonomia
241 609 339 650 errare
358 590 509 664 homines,
534 590 601 668 quia
621 589 729 650 intenti
753 609 814 649 non
835 598 931 663 sunt,
947 597 981 650 ut
1000 593 1141 669 decebat,
1156 595 1202 656 ‹in

75 682 190 729 rectum
209 689 341 748 scopum.
373 665 472 725 'Unde
493 666 572 725 enim
595 666 630 746 lit
648 678 681 726 ut
697 666 1004 747 ‘turpiter'vagentun
1028 671 1076 737 rel
1093 671 1202 764 impin·

69 757 155 828 gant,
175 745 221 805 vel
241 745 385 817 labantur,
404 743 460 802 nisi
480 743 547 824 quia
563 755 713 823 corrupto.
725 742 846 818 iudicio,
866 743 936 801 dum
956 745 1012 804 suis
1031 746 1202 810 libidinibus
1265 802 1267 806 .

76 841 163 902 quarn
183 820 241 881 Dei
255 820 386 880 ‘iustitiae
406 819 531 899 obsequi
550 819 678 892 malunt,
704 837 767 880 non
791 819 882 880 modo
907 819 1058 880 sulloeant
1081 825 1201 886 rationis

75 899 182 972 lucem,
203 918 278 979 quae
299 917 401 960 eorum
410 897 499 956 vitam
518 916 622 978 regere
634 896 788 972 debuerat,
807 897 857 955 sed
878 915 999 975 prorsus
1017 898 1047 956 in
1066 900 1203 960 tenebras

75 975 269 1036 contertunt?
314 973 638 1033 similitudinariam
668 974 762 1033 utitur
785 972 934 1046 Christus,
962 974 1081 1034 oculum
1104 976 1204 1038 ‘totius
1288 1007 1300 1016 -
1356 1012 1358 1020 ‚

74 1051 379 1132 eorporlslueeruam
396 1069 519 1124 vocans,
543 1050 601 1110 acsi
620 1050 743 1110 diceret:
761 1069 860 1130 ¹quum
888 1047 1022 1112 homiues
1042 1051 1202 1130 ambulant,

73 1147 171 1208 neque
190 1141 307 1204 manus,
337 1146 435 1206 neque
455 1126 544 1208 pedes
592 1145 689 1206 neque
708 1138 840 1186 ventrem
860 1129 1008 1208 regendae
1028 1129 1093 1189 viae
1139 1149 1222 1188 raes

73 1225 151 1280 esse,
175 1204 226 1265 sed
251 1225 344 1266 unum
369 1204 487 1264 oculum
507 1165 642 1264 suifioere
667 1204 771 1264 ducem
797 1202 916 1294 reliquis
936 1205 1083 1266 membris.
1117 1149 1203 1287 idrgo

72 1282 96 1342 si
113 1294 228 1342 temere
248 1281 382 1342 ferantur
400 1301 502 1340 manus
523 1292 553 1339 et
572 1279 676 1359 pedes,
702 1301 761 1359 quo
782 1281 900 1341 minime
919 1283 1072 1356 convenit,
1096 1285 1221 1344 erroris*

73 1359 160 1439 eulpa
185 1358 278 1418 oeulis
298 1358 355 1420 erit
374 1356 560 1436 imputanda,
586 1357 636 1434 qui
659 1357 790 1434 officium
816 1373 878 1416 non
902 1358 1023 1418 laniunt.
1061 1360 1149 1421 Nune
1167 1361 1204 1421 ad

70 1437 199 1495 animam
220 1432 422 1494 transferenda
442 1444 487 1492 est
496 1432 666 1500 similitudo.
706 1432 822 1514 Singuli
833 1433 955 1496 allectus
975 1436 1116 1515 quaedam
1128 1447 1204 1498 -suut

69 1513 165 1572 veluti
186 1511 246 1571 eius
267 1510 414 1585 membra,
437 1509 488 1570 sed
513 1510 580 1589 quia
605 1515 660 1588 p'er
678 1527 709 1570 se
728 1512 810 1569 coesi
834 1524 916 1584 sunt,
946 1511 1110 1572 directione
1125 1512 1203 1594 *opus

70 1587 195 1660 habent.
233 1587 296 1646 Iam
316 1584 397 1666 Deus
417 1585 561 1646 rationem
581 1586 702 1660 indidit,
727 1605 802 1665 quae
823 1607 873 1646 eos
898 1589 930 1646 in
951 1583 1085 1649 ordinem
1106 1597 1203 1678 cogit,

71 1677 104 1724 et
130 1663 269 1724 lucernae
300 1660 410 1744 polleat
437 1662 537 1723 offitio
566 1662 602 1722 ad
627 1664 701 1738 siam
733 1664 964 1724 monstrandam.
1004 1666 1085 1740 Quid
1105 1662 1204 1728 autem

69 1740 249 1820 plerumque
279 1739 346 1799 fieri
373 1738 467 1800 solet?
504 1735 619 1820 Nempe
649 1739 783 1800 homines
808 1741 950 1821 quicquid
979 1762 1066 1818 sanae
1084 1745 1203 1804 'mentis
1262 1788 1264 1794 r
1339 1806 1343 1815 A

69 1820 173 1877 datum
193 1828 256 1876 erat
275 1825 595 1910 sponte'eorrumpunt
613 1837 646 1876 ac
666 1828 856 1898 pervertunt,
881 1829 915 1878 ut
933 1837 971 1878 ne
992 1819 1116 1880 scintilla
1129 1822 1204 1900 qul-

69 1896 138 1954 dem
157 1897 217 1953 tina
237 1894 307 1954 lueis
327 1893 440 1954 residua
459 1906 585 1954 maneat.
626 1893 751 1955 Ocsslsrm
771 1894 930 1970 simplicem
951 1909 1047 1973 uocat,
1072 1899 1128 1989 qui
1147 1916 1204 1957 ner

68 1971 145 2032 lema
166 1970 261 2050 aliqua
281 1970 431 2044 obtectus,
463 1991 519 2032 nes
543 1971 719 2062 lippitudine
737 1971 864 2033 inlectus
885 1975 943 2047 est,
974 1993 1030 2034 nec
1054 1973 1111 2035 alto
1131 1975 1203 2034 titio
1296 2044 1300 2050 ι

67 2047 204 2108 laborat:
224 2047 349 2124 πονηρὸν
365 2049 472 2128 accipit
491 2069 546 2128 pro
566 2048 682 2108 vitioso.
725 2048 838 2122 Corpus
856 2047 1001 2123 lucidum,
1033 2050 1113 2131 quod
1133 2051 1203 2112 illu·
1309 2065 1313 2074 “

29 2187 32 2206 Ι
66 2124 210 2197 minatur,
229 2135 262 2182 ut
281 2125 412 2183 actiones
424 2145 487 2184 suas
509 2125 616 2183 habeat
632 2125 687 2182 rite
700 2126 884 2202 compositas.
910 2125 1204 2201 ‘Tmedrosstmverm
1264 2169 1266 2172 -

89 2201 151 2262 uod
190 2200 315 2261 confuso
350 2211 435 2259 motu
464 2202 495 2257 in
530 2199 627 2260 varios
659 2217 775 2258 errores
802 2201 906 2260 fertura
958 2205 1099 2264 Videmus
1118 2218 1202 2286 ‘ergo

66 2223 333 2357 dquemadmodum
358 2277 416 2335 iam
437 2274 509 2353 dixi)
534 2277 578 2344 bis
600 2275 699 2334 verbis
725 2275 795 2335 eoa'r
837 2276 846 2334 i
871 2277 1021 2338 bominum
1045 2281 1203 2362 ignaviam,

87 2356 118 2413 ui
139 2355 248 2412 mentis
268 2351 372 2412 oeulos
392 2351 507 2431 aperire
526 2351 682 2431 negligunt
701 2351 737 2408 ad
777 2292 835 2412 uba

65 2375 164 2506 Quod
186 2439 284 2487 autem
306 2427 375 2486 hine
393 2427 463 2488 colli
485 2441 538 2488 unt
557 2428 717 2520 Papistae,
748 2369 840 2489 cillere
860 2429 976 2488 ratione
997 2440 1028 2488 et
1046 2429 1203 2509 prudentia

63 2507 222 2578 homines,
242 2515 275 2562 ut
294 2503 387 2562 libera
405 2502 445 2565 sit
462 2446 518 2564 dlis
539 2505 612 2564 bom
634 2515 663 2562 et
683 2445 750 2562 maii
771 2502 893 2580 electio,
913 2503 1050 2565 frivolum
1071 2515 1128 2564 est:
1148 2524 1203 2565 ne-

64 2603 124 2665 que
146 2582 229 2641 enim
249 2579 394 2656 Christus,
414 2602 471 2659 qua
490 2580 628 2641 facultate
648 2580 772 2660 praediti
792 2581 890 2658 simus,
913 2581 969 2640 boe
990 2581 1057 2656 loco
1078 2582 1203 2658 disserit,
1233 2625 1235 2638 ,

62 2661 116 2722 sed
138 2657 296 2739 quomodo
317 2641 371 2717 rios
391 2657 538 2730 ambulare
556 2659 677 2732 deceat,
696 2669 734 2718 ¹ut
754 2657 866 2718 scilieet
886 2659 916 2716 ln
944 2670 1056 2729 eertum
1076 2659 1202 2738 aliquem

820 2354 965 2413 ernandos
984 2375 1052 2413 suos
1069 2354 1202 2415 allectus.

62 2757 191 2816 scopum
211 2737 300 2794 simus
319 2735 436 2794 intenti.
474 2735 519 2794 Ac
537 2735 622 2796 simul
643 2735 740 2810 docet,
759 2745 856 2794 totum
875 2734 1019 2795 humanae
1038 2736 1114 2798 vitae
1133 2755 1201 2796 cur·
1283 2793 1289 2806 ,

25 2843 27 2894 p
61 2837 126 2875 sum
149 2814 221 2873 ideo
242 2811 432 2871 tenebrosum
448 2827 520 2888 esse,
542 2813 609 2892 quia
629 2807 717 2872 nemo
737 2823 851 2871 rectum
871 2813 960 2873 finem
973 2813 1028 2872 sibl
1041 2825 1200 2949 proponat,

62 2891 114 2952 sed
135 2907 244 2950 omnes
268 2889 326 2947 sibi
351 2889 386 2948 ad
406 2889 645 2970 malumenpide
671 2889 842 2949 sectandum
867 2889 1047 2971 indulgeant.
1107 2893 1203 2952 'attor

63 2968 197 3048 quidem,
219 2977 321 3024 natura
341 2965 502 3047 ingenitam
522 2985 584 3026 esse
604 2966 772 3028 hominibus
792 2966 1023 3046 rationem,2qua
1035 2967 1202 3028 discernant

61 3047 142 3105 inter
160 3043 235 3105 vitia
256 3054 285 3102 et
304 3041 445 3117 virtutes,
468 3043 520 3103 sed
546 3045 586 3102 ita
611 3053 732 3123 peccato
757 3043 887 3102 vitiatam
908 3046 975 3103 *esse
1001 3035 1084 3120 dico,
1112 3055 1146 3104 ut
1164 3045 1231 3108 ad'⁸

60 3120 200 3204 singulos
217 3137 319 3198 passus
338 3117 464 3180 deficiat.
502 3117 619 3179 Interea
639 3139 699 3178 non
719 3115 869 3198 sequitur,
882 3120 967 3199 ·quis
984 3121 1124 3194 tenebras
1144 3121 1201 3182 sibi

59 3211 171 3279 sponte
187 3206 344 3256 ‘arcessant
363 3195 507 3268 homines,
526 3195 584 3256 acsi
605 3194 708 3256 clausis
728 3195 819 3257 oeulis
840 3195 974 3258 oblatum
994 3197 1092 3257 lumen
1109 3198 1202 3281 suge-

61 3287 144 3351 rent,
171 3274 244 3355 quia
263 3272 388 3332 scientes
406 3283 437 3331 et
455 3273 587 3334 volentes
613 3283 681 3352 post
700 3293 764 3333 suas
784 3275 1035 3355 concupiscentias
1054 3275 1200 3335 seruntur.¹

108 3382 110 3386 .
138 3356 188 3417 23.
230 3349 267 3409 Sa·
285 3348 381 3407 lumen
399 3347 479 3428 quod
499 3353 532 3408 in
548 3363 577 3407 te
594 3362 652 3426 est,
678 3363 730 3420 ets.
780 3349 896 3409 Lssmeu
924 3362 1009 3412 vocat
1041 3352 1198 3428 rationem,

61 3428 327 3510 quantulacunque
356 3427 388 3484 in
418 3426 585 3494 bominibus
615 3425 728 3506 reliqua
753 3438 853 3485 manet
876 3428 945 3508 post
970 3427 1198 3508 lapsum²Adaes

59 3505 193 3566 teswbros
212 3516 329 3576 autem,
361 3511 471 3563 crassot
498 3503 621 3564 allectus
642 3514 671 3562 et
698 3501 853 3563 belluinos.
878 3519 890 3538 *¹
906 3505 1014 3564 Sensus
1036 3506 1199 3588 est'igitur,

61 3584 170 3644 mirum
190 3599 255 3642 non
270 3597 342 3654 esse,
361 3579 385 3639 si
405 3590 465 3638 tam
485 3577 573 3640 foede
593 3579 738 3660 pecudum
749 3599 832 3638 more
851 3581 881 3638 in
893 3582 1030 3640 uitiorum
1050 3581 1114 3641 luto
1134 3599 1198 3647 sese

60 3659 199 3720 homines
220 3657 373 3732 volutent,
400 3655 638 3736 quandoquidem
664 3655 743 3715 nulla
768 3667 811 3715 est
830 3658 923 3731 ratio,
971 3674 1024 3718 nae
1044 3677 1147 3717 coecas
1168 3667 1198 3715 et
1294 3696 1297 3710 .
1378 3669 1379 3680 ¹

60 3738 237 3798 tenebrosas
260 3734 353 3794 carnis
379 3731 515 3794 libidines
541 3744 631 3814 regat.
675 3733 788 3792 Lumen
809 3748 881 3793 vero
906 3735 978 3794 dlert
1005 3738 1038 3792 iss
1068 3730 1199 3792 tenebras

60 3812 203 3889 sotumi,
219 3816 295 3870 'non
321 3810 409 3870 modo
431 3828 519 3888 quum
540 3809 646 3872 mentis
666 3828 736 3870 suae
754 3808 892 3870 iudicium
911 3811 999 3874 obrui
1019 3810 1120 3870 sinunt
1141 3808 1197 3869 bo-

59 3893 155 3952 mines
171 3889 275 3971 'pravis
297 3888 389 3947 carnis
409 3886 588 3961 lrbrdmrbus,
608 3888 659 3947 aed
679 3887 831 3966 ingenium
851 3910 934 3948 suurn
954 3886 1096 3966 perversis
1112 3888 1196 3968 cogi-

59 3970 226 4036 tationibus
250 3963 392 4024 dedentes
417 3965 496 4056 quasi
520 3963 552 4022 in
576 3962 688 4024 belluas
713 3967 918 4058 degenerant„
946 3963 1086 4023 Videmus
1107 3966 1196 4038 eninr,

59 4057 93 4104 ut
122 4039 257 4124 maligne
284 4041 319 4102 ad
346 4051 477 4100 astutiam
493 4039 660 4124 ,deflectant
686 4037 818 4102 hommes
843 4041 992 4121 quiequid
1009 4039 1108 4098 datum
1131 4050 1196 4104 erat

58 4122 252 4201 prudentiae,
273 4129 307 4176 ut
325 4117 382 4178 sibi
402 4117 516 4178 fodiant
535 4117 695 4196 profundas
715 4115 1195 4251 cogitationespfflemadmodum

59 4200 132 4257 dicit
151 4195 323 4276 Propheta,
347 4205 380 4253 ut
404 4193 593 4276 subterfugiis
617 4193 674 4253 suis
695 4195 762 4257 frets
788 4207 931 4274 proterve
993 4213 1028 4252 eo
1054 4193 1195 4265 insultent

58 4275 132 4355 (Ies.
145 4279 196 4350 29,
218 4270 296 4346 15),
315 4272 443 4351 denique
463 4271 623 4331 innumeris
642 4272 738 4332 modis
757 4270 792 4332 ad
812 4290 843 4330 se
863 4268 1029 4349 perdendos
1048 4271 1195 4352 ingeniosi

60 4371 124 4425 esse,
144 4357 299 4431 appetant.
339 4347 440 4424 Quare
461 4369 521 4410 nou
543 4349 593 4410 abs
618 4367 650 4408 re
675 4348 847 4429 pronuntiat
867 4345 1019 4422 Christus,
1043 4346 1106 4408 sieri
1132 4370 1193 4410 non
