2786 4742
135 235 194 302 m
397 225 549 295 SEGTIO
569 227 606 292 ll.
643 229 738 292 Iasos
755 245 797 292 ar
817 231 1005 294 emersam

137 396 240 442 corum
252 373 363 468 affeetu
381 374 710 468 iudicaverithristns:
730 395 836 467 nque.
846 376 924 468 enim
944 375 1171 470 profitebantur,
1184 379 1246 515 prid
1292 435 1307 452 ,Ἴ

136 465 301 548 captat-ent,
324 465 402 545 secut
420 466 452 514 ct
469 453 635 544 Matthaeus
652 472 715 588 rpse
726 465 881 544 exprimit,
907 475 940 546 ca
962 467 1064 516 hosam
1085 455 1169 516 funsc
1187 456 1215 514 rl
1233 493 1247 506 -
1306 509 1307 512 ,

134 528 774 668 ”t‘t‘ftttttttztl‘tetthttlfl
791 529 1247 668 lirilllinriiihlffiiulii

135 609 232 758 gldlld,
262 683 412 746 Christum
437 648 573 744 intuithm
597 667 660 744 esse
684 703 736 744 eos
760 703 825 742 cum
846 683 1016 744 iracundius
1047 685 1151 746 merito
1175 687 1246 746 enim
1288 683 1307 758 =l

134 773 195 822 tam
215 760 321 842 impiae
341 759 542 822 contumaciae
564 759 648 820 irasci
669 759 779 820 debuit
826 759 925 840 Atque
949 771 987 820 ut
1008 762 1128 832 sciamus
1152 762 1246 824 bustam
1296 798 1301 810 ·

136 850 168 900 ct
186 849 318 898 sannam
326 837 397 898 iram
418 835 516 909 fuisse,
534 835 604 898 iude
615 847 709 896 ortam
728 854 791 898 esse
810 834 891 911 dicit,
911 837 988 918 quod
1008 857 1097 918 snper
1114 840 1263 898 coecitate·
1306 877 1307 880 =

135 912 234 977 cordia
259 913 363 974 eorum
388 911 619 974 condolesceret
668 912 799 972 Primum
829 933 902 994 crgo
933 913 1020 975 tristis
1045 925 1090 974 cst
1114 913 1247 986 Christus,

136 989 217 1074 quod
237 989 372 1052 homines
391 989 421 1048 in
440 989 521 1069 Lege
540 988 600 1049 Dei
620 988 766 1048 exercitati
785 999 845 1049 mm
866 1005 961 1062 crasse
981 990 1156 1052 coccutiant.
1192 990 1248 1050 Sed
1306 1015 1307 1102 p

135 1067 205 1152 quia
224 1085 276 1128 eos
295 1064 471 1126 excaecabat
489 1065 614 1140 malitia,
639 1063 724 1126 simul
743 1084 810 1126 cum
830 1065 935 1127 dolore
958 1067 1137 1140 iracundiam
1156 1067 1247 1128 conci·
1306 1103 1307 1144 ς

134 1147 188 1226 pit
226 1143 307 1204 Haec
325 1161 393 1204 vera
413 1153 458 1202 est
475 1140 533 1202 aeli
549 1141 731 1215 moderatio,
755 1162 845 1221 quum
864 1142 901 1202 de
924 1142 1076 1204 hominum
1099 1143 1249 1224 impiorum
1306 1153 1307 1190 ἓ

135 1220 224 1284 exitio
244 1241 342 1282 sumus
361 1217 446 1292 anxii,
466 1230 496 1278 et
515 1229 619 1278 contra
637 1218 816 1297 impietatem
828 1219 1068 1282 excandescimus.
1108 1219 1250 1294 Quemad·
1306 1231 1307 1264 l

133 1297 256 1360 modurn
275 1308 373 1357 autem
392 1295 440 1355 hic
459 1294 542 1375 locus
553 1303 688 1369 testatur,
708 1293 856 1358 Christum
871 1295 907 1356 ah
927 1295 1057 1356 humanis
1076 1296 1249 1377 passionibus

133 1395 198 1436 non
217 1373 304 1434 luisse
323 1371 497 1446 immunem,
522 1374 562 1432 ita
587 1370 657 1432 hine
682 1369 859 1461 colligimus,
905 1372 1031 1434 essiones
1055 1371 1128 1452 ipsas
1152 1393 1205 1453 per
1221 1392 1250 1432 sc

133 1471 199 1513 non
219 1469 280 1510 csse
292 1449 421 1523 vitiosas,
440 1447 530 1510 modo
550 1447 626 1508 absit
643 1448 840 1527 intemperies.
908 1469 940 1509 os
961 1449 1027 1528 quia
1047 1461 1169 1530 propter
1189 1470 1251 1523 cor-

132 1539 251 1608 ruptam
283 1537 415 1590 naturam
444 1525 566 1588 modum
593 1543 666 1596 non=
687 1535 836 1596 tenemus,
865 1545 1013 1605 nunqnam
1043 1525 1105 1586 sine
1136 1537 1252 1606 peccato
1306 1533 1307 1594 l

133 1603 302 1676 irascimur,
334 1601 421 1662 etiarn
441 1601 530 1682 iustas
550 1600 590 1663 ob
611 1612 720 1661 causas:
751 1599 860 1662 Christi
878 1601 934 1662 alla
952 1601 1007 1662 suit
1024 1603 1115 1678 ratio,
1147 1597 1177 1663 in
1196 1623 1251 1680 quo

135 1700 202 1742 non
239 1680 333 1742 solum
364 1677 459 1760 viguit
497 1689 617 1754 naturae
653 1677 820 1760 integritas,
857 1678 909 1738 sed
923 1676 1101 1740 absolutum
1130 1679 1252 1738 iustitiae

135 1754 283 1834 exemplar
302 1754 418 1816 enituit
460 1753 609 1817 Pctcndus
635 1773 708 1836 ergo
727 1753 814 1816 nobis
829 1767 884 1818 est
903 1775 920 1818 e
939 1753 1025 1817 coelo
1043 1754 1102 1817 Dei
1120 1756 1251 1839 Spiritus,
1306 1763 1307 1786 ¹

135 1832 187 1912 qui
206 1851 337 1898 excessus
357 1842 475 1896 nostros
493 1830 630 1913 corrigat.

176 2113 278 2200 (too.)
318 2113 489 2180 ΜΑΤΤΗ.
511 2115 578 2182 Xll.
626 2099 676 2182 14.
702 2115 805 2214 Porro
826 2115 991 2196 Pharisaei
1018 2119 1139 2204 egressi
1163 2103 1250 2204 tepe-

132 2227 209 2284 runt
240 2216 411 2283 eonsilium
442 2215 596 2282 adversus
632 2239 719 2297 eum,
753 2217 918 2304 quomodo
943 2221 1046 2306 ipsum
1076 2218 1251 2304 perderent

134 2317 185 2384 15.
206 2317 250 2383 At
271 2318 362 2383 lesus
390 2318 454 2383 hoc
474 2321 620 2404 cognito,
647 2321 778 2384 secessit
803 2317 907 2385 illinc:
936 2329 1157 2406 sequutaeque
1182 2328 1251 2384 sunt

133 2441 208 2486 eum
228 2417 343 2484 turbae
356 2418 538 2500 multae,.et
557 2423 682 2488 sanavit
705 2442 762 2486 eos
785 2440 905 2486 omnes.
946 2422 994 2485 16.
1015 2419 1057 2484 Et
1077 2423 1254 2488 intermina·

131 2529 184 2586 tus
206 2531 254 2587 est
275 2519 348 2600 illis,
368 2541 410 2585 ne
432 2543 468 2586 se
489 2501 635 2588 facerent
658 2521 873 2598 manifestum,
900 2520 949 2584 17.
971 2521 1017 2614 Ut
1037 2519 1262 2614 compleretur,

133 2620 225 2707 quod
246 2617 366 2684 dictum
387 2631 456 2685 erat
473 2619 537 2708 ¹per
556 2624 690 2689 lesaiam
711 2620 919 2708 Prophetam‚
940 2623 995 2708 qni
1017 2623 1075 2700 ait,
1102 2621 1152 2704 18.
1173 2621 1253 2684 Ecce
1306 2629 1307 2694 j

131 2743 245 2788 servus
265 2741 371 2799 meus,
400 2743 495 2808 quem
518 2720 616 2808 elegi,
644 2721 793 2787 dilectus
808 2743 911 2800 meus,
940 2724 1061 2809 inquo
1084 2720 1146 2786 sibi
1172 2720 1253 2785 benc
1306 2717 1307 2810 l

132 2819 329 2908 oonrplacuit
355 2823 460 2886 anima
488 2843 578 2887 mea:
598 2811 725 2908 ponam'
738 2823 890 2908 Spiritum
910 2845 1019 2887 meum·
1042 2808 1254 2909 super'ill'um,
1306 2841 1307 2874 ³

132 2933 166 2988 et
186 2920 341 2986 iudicium
352 2919 514 2986 Gentibus
533 2922 744 2987 annuntiabit.
789 2923 839 2988 19.
859 2923 935 2989 Non
948 2922 1129 2997 contendet,
1150 2944 1253 3010 neque
1306 2895 1307 2982 l

133 3021 292 3102 clamabit,
313 3043 420 3109 neque
444 3021 553 3086 audiet
575 3026 744 3112 qhisquam'
762 3027 796 3089 in
818 3024 932 3112 plateis
953 3045 1065 3089 vocem
1084 3026 1164 3092 eius.
1205 3025 1253 3088 20.

130 3125 334 3218 Arundinem
357 3131 535 3210 quassatam
556 3145 624 3191 non
636 3126 824 3210 confringet,
847 3124 996 3200 etlinun¹
1013 3125 1169 3210 fumigans
1189 3146 1255 3190 non
1306 3149 1307 3152 ¹

130 3227 326 3308 exstinguet,
352 3224 459 3290 donee
480 3226 588 3290 eiiciat
615 3227 658 3293 ad
677 3231 844 3294 victoriam
871 3227 1038 3292 iudiciums
1077 3226 1127 3290 21.
1155 3225 1199 3298 Et
1224 3228 1255 3290 in
1306 3263 1307 3336 }

129 3327 263 3394 nomine
284 3323 372 3391 illius
394 3323 519 3390 Gentes
543 3327 730 3416 sperabunt.

213 3457 355 3526 Mane.
376 3459 429 3524 Ill.
471 3461 500 3528 6.
522 3460 650 3548 Egressi
670 3484 750 3528 vero
769 3463 932 3528 Pharisaei
961 3465 1065 3527 statim
1091 3481 1156 3524 una
1184 3481 1255 3523 cum
1306 3483 1307 3560 p

130 3559 331 3627 Herodianis
359 3560 528 3628 eonsilium
563 3561 689 3631 inibant
716 3563 868 3648 adversus
884 3569 978 3644 eum,
1005 3559 1158 3651 utillum
1185 3581 1255 3646 pet·
1306 3561 1307 3596 r

86 3655 87 3658 ¹
132 3661 256 3729 darent.
322 3663 351 3728 7.
380 3661 470 3728 lesus
501 3674 607 3730 autem
641 3687 712 3730 cum
747 3664 913 3752 discipulis
949 3665 1015 3730 suis
1048 3663 1180 3730 secessit
1216 3660 1255 3724 ad

103 3760 221 3845 [mare
253 3772 285 3828 et
310 3763 424 3847 ingens
450 3763 672 3830 multitudo‘a
702 3765 851 3832 Galilaea
876 3777 1011 3852 sequuta
1035 3776 1082 3829 est
1110 3783 1197 3840 eum,
1224 3770 1255 3825 et

131 3861 174 3928 ab
207 3862 343 3941 Iudaea,
389 3864 419 3929 G
447 3861 490 3928 Et
525 3863 565 3932 ab
598 3866 850 3954 Hierosolymis,
886 3877 918 3934 et
952 3865 992 3930 ab
1022 3864 1186 3941 Idumaea,
1225 3871 1254 3926 et

131 3973 220 4029 trans
248 3963 435 4043 Iordanem,
463 3975 495 4030 et
522 3967 578 4052 qui
605 3969 689 4036 circa
717 3967 841 4054 Tyrum
868 3957 1075 4046 habitabant,
1101 3989 1137 4030 ac
1164 3961 1256 4030 Sido

130 4085 220 4142 nem,
252 4063 466 4161 (fronainum)
498 4067 670 4136 multitudo
703 4084 833 4155 magnas
865 4068 922 4156 qui
952 4091 1048 4156 quum
1085 4065 1257 4143 audissent,

128 4182 216 4246 quae
252 4163 406 4244 faciebat,
436 4178 597 4233 venerunt
630 4169 671 4235 ad
700 4192 782 4234 eum.
836 4171 875 4236 9.·
898 4171 941 4234 Et
966 4173 1057 4236 iussit
1091 4165 1255 4252 discipulis

129 4263 213 4338 suis,
258 4273 294 4328 ut
337 4267 490 4334 navicula
528 4267 592 4334 sibi
638 4269 818 4337 deserviret
859 4280 991 4359 propter
1030 4267 1170 4355 turbam,
1214 4290 1255 4332 ne

131 4359 237 4464 ipsum
257 4379 459 4447 premerent,
499 4369 549 4442 10.
575 4361 700 4440 Multos
727 4375 813 4440 enim
834 4373 1014 4474 sancierat,
1040 4372 1084 4440 ita
1103 4381 1140 4438 ut
1159 4373 1256 4436 irrue·
