2824 4756
438 277 496 350 (23.
517 273 599 357 Fuga
618 274 649 334 in
668 273 858 359 Aegyptum.)
1173 286 1210 351 81
1276 282 1278 290 ’

85 414 278 488 adbuc.esset
294 415 402 493 lsrael,
419 414 517 476 «eduxi
538 436 605 478 eum
623 416 765 480 'emisera
784 418 831 480 illa
850 421 1005 499 seruitute,
1028 423 1059 485 in
1121 445 1137 486 a
1157 425 1210 488 de·
1251 439 1256 450 '

85 493 198 554 mersus
224 505 296 554 erat
337 493 422 554 Prius
445 493 547 554 similis
572 495 671 555 fuerat·
692 507 827 572 mortuo,
853 509 884 572 et
900 497 1055 580 ,Aegyptus
1079 503 1123 564 ili
1147 516 1229 578 etat¹

85 569 180 630 instar
198 569 338 650 sepulcr'i:
359 589 416 652 ego
435 580 532 632 autem
551 571 647 646 inde„
670 574 731 644 nasi
751 593 784 632 ex
803 584 888 632 utero
900 574 1044 651 eductum,
1063 578 1094 640 in
1113 579 1212 642 lucem

26 673 29 680 ·
85 645 164 723 vitae
183 647 303 726 protuli.
339 645 448 708 Merito
460 658 569 706 “autem
589 649 630 708 sie
648 594 786 728 loquitur
804 648 965 721 Dominus,
988 653 1054 732 quia
1074 655 1214 722 liberatio

85 721 137 781 illa
157 723 299 802 quaedam
319 721 374 782 luit
393 721 495 803 populi
515 724 655 786 nativitas.
701 727 788 786 Tunc
814 726 891 785 enim
916 725 1011 806 palam
1028 730 1119 794 factm
1142 733 1226 796 sun't'

14 799 15 804 ’
44 869 49 876 .
86 798 254 878 a'doptionis
273 798 407 875 tabulae,
431 813 520 877 quum
539 800 621 883 Lege
645 801 837 884 promulgata.
855 814 991 882 receptus
1010 807 1101 868 estin
1121 830 1213 890 pecu-

87 872 160 937 lium
172 874 239 949 Dei,
258 895 380 957 regnum
392 863 584 959 sacerdotale,
605 888 636 938 et
654 891 772 960 gentem
793 890 937 941 sanctam:
960 900 1049 958 quum
1068 883 1104 942 ah
1116 887 1213 946 omni.

87 950 144 1010 bus
165 971 205 1034 po
228 951 281 1012 ulis
299 953 355 1022 suit
372 963 554 1032 segregatus,
573 975 661 1033 quum
674 954 813 1034 denique,
832 955 915 1016 utin
935 954 1034 1015 medio
1051 956 1112 1020 eius
1129 960 1214 1022 habi·
1258 983 1260 990 ’

87 1037 180 1100 taret,
208 973 352 1090 ltouinus
376 1028 432 1088 sibi
457 1027 677 1091 tabernaculum
703 1031 801 1091 erexit
851 1029 980 1091 Perinde
1003 1031 1094 1114 igitur
1117 1036 1229 1099 valent.
1256 1103 1260 1110 ,

86 1103 256 1186 Prophetae
274 1105 364 1166 verba
383 1105 442 1164 acsi
462 1103 593 1181 dixisset,
619 1107 761 1187 populum
781 1127 816 1166 ex
834 1107 974 1188 Aegypto
998 1128 1163 1187 nonsecns
1183 1132 1217 1174 ac
1231 1145 1246 1175 s

86 1183 238 1259 profundo
261 1183 365 1265 mortis
389 1196 445 1318 gur
467 1181 507 1240 ‘te
526 1194 660 1262 ereptum
680 1203 750 1244 esse.
786 1183 851 1245 Iam
870 1184 1035 1264 redemptio
1054 1205 1109 1266 per
1128 1186 1218 1250 Chri-

86 1268 163 1319 stum
183 1259 269 1320 allata
289 1259 360 1340 quid
380 1261 438 1320 aiu
478 1279 564 1338 qnam
588 1259 763 1321 resurrectio
788 1279 805 1322 a
827 1273 947 1334 morte,
968 1271 999 1320 et
1021 1278 1117 1324 novae
1141 1264 1219 1326 vitae
1262 1335 1266 1340 ,

44 1348 48 1360 ’
86 1322 202 1396 initium
224 1335 298 1396 suit?
335 1336 436 1415 Prope
468 1335 547 1394 enim
574 1334 622 1393 lux
650 1334 747 1415 salutis
767 1349 838 1398 tunc
858 1337 998 1398 exstincta
1018 1351 1097 1414 erat,
1128 1361 1218 1420 quum

87 1410 225 1489 Deus-in
253 1411 364 1472 Christi
414 1431 519 1472 ersona
538 1410 697 1485 Ecclesiam
728 1413 785 1475 sihi
813 1415 911 1474 denuo
938 1415 1054 1497 genuit:
1086 1427 1159 1476 tunc
1184 1437 1219 1478 ex

86 1485 229 1572 Aegypto
250 1488 361 1568 prodiit
406 1487 510 1550 eclesia
527 1487 560 1547 'in
570 1488 766 1568 suocapite,
788 1489 874 1550 sicuti
896 1501 992 1551 totum
1016 1491 1086 1552 inde
1110 1496 1240 1574 corpus

30 1593 31 1598 ¹
87 1578 157 1625 ante
177 1559 441 1630 eductum'fuerat.
479 1564 562 1623 Facit
580 1552 679 1624 aut‘em
699 1565 771 1625 haec
789 1567 935 1649 analogia,
953 1567 1094 1630 nevideri
1113 1569 1220 1632 debeat

87 1641 260 1717 absurdum,
270 1641 350 1719 quod
370 1652 483 1721 partem
502 1640 627 1719 aliquam
646 1641 789 1721 pueritiae
807 1663 876 1702 snae
890 1642 1023 1704 Christus
1036 1645 1067 1705 in
1078 1644 1218 1730 Aegypto

86 1719 249 1799 transegit:
280 1717 349 1797 quin
377 1719 535 1797 potiusreo
560 1718 705 1779 illustrior
730 1718 788 1780 luit
806 1718 865 1779 Dei
890 1722 982 1802 gratia
1007 1723 1161 1802 eluimus,
1188 1735 1220 1785 et

14 1841 16 1872 ,
87 1795 260 1860 admirabile
280 1795 432 1872 consilium
452 1794 543 1876 magis
563 1795 683 1868 enituit,
713 1796 793 1875 quod
814 1796 861 1855 lux
881 1817 897 1857 e
916 1795 1047 1860 tenebris
1067 1812 1097 1860 et
1116 1820 1151 1860 ex
1170 1801 1219 1861 in-
1263 1851 1265 1858 ,

14 1883 15 1888 ’
88 1873 158 1934 feris
179 1874 238 1933 vita
257 1873 384 1932 emersit.
421 1871 528 1932 Posset
540 1871 624 1938 ,enim
644 1869 756 1952 alioqui
776 1871 822 1935 bic
842 1873 1016 1954 obstrepere
1035 1874 1129 1938 carnis
1149 1897 1222 1940 sen·¹
1303 1903 1306 1914 ’

88 1972 150 2024 sus,
170 1949 292 2023 Scilicet
311 1967 344 2010 ex
363 1949 408 2008 Ac
450 1960 501 2029 pto
520 1961 659 2010 venturus
679 1961 724 2010 est
742 1947 940 2030 Redemptor:
961 1951 1126 2014 Matthaeus
1145 1973 1219 2092 ergo

89 2047 151 2094 non
177 2046 240 2088 esse
265 2044 373 2092 novum
392 2046 427 2086 ve
442 2029 445 2040 ‘
463 2025 593 2088 insolens
618 2025 778 2102 admonet,
809 2027 991 2106 quod-Deus
1016 2028 1124 2090 Filium
1148 2032 1220 2091 ine

90 2103 146 2164 sibi
164 2115 270 2180 vocet,
296 2123 330 2162 ac
348 2103 448 2182 potius
467 2101 527 2162 hoo
544 2101 581 2162 ad
605 2101 675 2160 fidei
699 2114 817 2164 nostrae
838 2103 1093 2166 confirmationem
1111 2106 1221 2182 valere,
1262 2102 1273 2114 '

65 2217 66 2223 κ
89 2179 172 2258 quod
195 2178 393 2253 sicutiolim,
416 2179 457 2239 ita
481 2199 561 2238 nuuc
585 2178 622 2237 de
645 2176 765 2260 integro
791 2191 928 2240 nascatur
949 2199 985 2240 ex
1003 2179 1141 2263 Aegypto
1160 2185 1224 2244 Dei·
1369 2175 1372 2188 ’

89 2255 230 2318 Ecclesia.
279 2255 347 2315 Hoc
376 2255 467 2315 modo
501 2266 545 2314 est
576 2252 736 2330 diversum,
768 2253 848 2333 quod
879 2254 951 2314 olim
980 2267 1062 2318 totus
1092 2260 1220 2340 populus

14 2337 15 2364 ³
89 2333 220 2414 Aegypti
240 2329 386 2412 ergastulo
413 2329 540 2391 inclusus
560 2328 664 2389 suerit:
690 2331 721 2389 in
745 2330 873 2390 secunda
899 2341 996 2389 autem
1015 2333 1222 2413 redemptione
1313 2386 1315 2390 .

89 2407 186 2470 solnm
204 2407 354 2470 Ecclesiae
375 2418 462 2486 caput
482 2405 615 2468 Christus
639 2405 698 2466 illic
721 2405 857 2480 latuerit,
882 2405 934 2466 sed
954 2406 1005 2484 qui
1029 2410 1161 2470 omnium
1176 2433 1221 2472 aa·

89 2485 183 2546 lutem
204 2496 235 2544 et
252 2485 340 2544 vitam
358 2483 390 2541 in
408 2501 440 2542 se
455 2479 598 2540 inclusam
640 2481 759 2542 estabat.
966 2521 967 2524 =
1200 2527 1205 2548 ,,

167 2553 215 2624 16.
257 2561 337 2623 Tum
359 2555 496 2617 Herodes
517 2555 574 2618 ubix
588 2499 669 2616 uidit.
712 2555 860 2636 Loquitur
882 2553 1049 2619 Matthaeus
1068 2577 1115 2618 err
1134 2579 1223 2622 sensu

91 2648 122 2697 et
142 2636 290 2730 opinione
306 2633 454 2706 Herodis,
481 2634 532 2714 qui
551 2633 707 2714 deceptmn
727 2653 758 2694 se
778 2655 793 2693 a
812 2635 903 2716 magis
923 2633 1061 2714 putabat,
1080 2636 1146 2716 quia
1166 2639 1222 2706 mi-

90 2715 176 2775 nistrr
188 2735 251 2786 esse
271 2712 436 2774 noluissent
455 2711 560 2790 impiae
572 2709 759 2772 crudelitatis.
790 2711 892 2776 Potius
911 2711 975 2792 ipse
995 2722 1096 2793 captus
1114 2711 1173 2784 luit
1188 2715 1221 2775 in
1267 2719 1269 2725 '
1316 2778 1318 2782 ,
1396 2743 1397 2746 “

91 2813 141 2854 sua
153 2793 268 2867 astutia,
288 2789 339 2871 qui
357 2787 470 2869 perfide
490 2785 685 2864 simulaverat,
705 2787 761 2848 sibi
780 2795 899 2880 qnoque
920 2807 981 2850 esse
1000 2789 1032 2848 in
1051 2790 1221 2852 animoRe·
1325 2851 1328 2867 ,

112 2889 158 2928 em
178 2889 287 2932 novum
312 2868 421 2927 colere.
459 2866 556 2925 Porro
583 2864 668 2928 huius
693 2863 832 2925 historiae
856 2864 936 2926 nulla
960 2865 993 2926 lit
1011 2868 1123 2930 mentio
1143 2869 1240 2950 apud⁴
1283 2886 1327 2926 «t

14 2965 15 3016 ξ
91 2888 265 3027 losephum:
285 2943 364 3007 solus
375 2943 548 3004 Macrobius
562 2940 640 3004 libro
652 2940 885 3002 Saturnaliorum
898 2947 926 3005 2.
946 2941 1029 3004 iocos
1048 2956 1080 3003 et
1097 2944 1221 3020 dicteria

14 3023 15 3030 ’
35 3025 36 3036 ’
92 3023 217 3115 Augusti
236 3021 367 3083 referens
387 3019 472 3096 dicit,
497 3019 599 3093 Quum
618 3019 759 3092 audisset,
783 3019 862 3109 iussu
881 3018 1030 3110 Herodis«,
1051 3039 1168 3156 pueros
1187 3023 1221 3083 in

92 3099 113 3158 S
135 3121 176 3160 na
194 3099 273 3160 infra
293 3098 432 3158 bimatum
452 3097 577 3169 derisos,
597 3095 675 3156 etin
696 3095 782 3157 turba
800 3095 885 3156 simul
902 3115 1031 3156 occasum
1065 3098 1139 3159 uisse
1159 3099 1221 3160 eius

93 3121 198 3253 filium,
229 3173 363 3249 Mallem,
388 3173 499 3252 inquit,
523 3172 651 3232 Herodis
675 3162 784 3252 pdrcns
804 3191 867 3232 esse
893 3192 980 3251 quam
1006 3173 1090 3256 lilius.
1128 3173 1225 3255 Atqui,

93 3253 178 3314 nobis
198 3252 320 3313 abunde
336 3250 444 3322 sufficit
468 3249 554 3310 unius
574 3247 712 3322 Matthaei
737 3248 903 3309 auctoritas.
940 3249 1012 3310 N'on
1032 3250 1134 3328 debuit
1153 3252 1221 3332 qui·
1269 3287 1271 3297 »

94 3330 158 3390 dem
178 3329 291 3402 facinus
310 3339 370 3388 tam
390 3324 582 3391 memorabile
602 3325 699 3386 omitti
718 3345 734 3384 a
754 3324 899 3406 Iosephus
917 3324 1023 3386 mirum
1038 3338 1138 3390 tamen
1157 3349 1221 3390 uon
1267 3397 1271 3404 ,
1313 3329 1319 3340 “

93 3419 136 3467 est
156 3405 192 3467 de
213 3405 373 3466 infantibus
391 3404 401 3462 i
424 3424 488 3464 sum
507 3413 622 3474 tacere,
647 3401 702 3493 qui
721 3400 823 3462 leviter
847 3411 961 3462 tantum
982 3415 1012 3461 et
1030 3403 1158 3466 obscure
1177 3417 1221 3466 at·
1255 3481 1260 3488 .

93 3482 180 3565 tingit
199 3502 264 3544 non
282 3482 379 3542 minus
400 3425 572 3540 detestabile
589 3479 726 3538 saevitiae
739 3497 819 3550 exem
841 3477 912 3554 lum,
932 3479 1013 3572 quod
1031 3481 1138 3542 eodem
1157 3480 1222 3541 lere
1267 3545 1271 3552 ,
1317 3499 1320 3509 ’

94 3567 151 3620 tem
174 3579 230 3626 ore
256 3557 406 3620 sustulerit
428 3559 531 3616 omnes
551 3554 682 3630 Iudices,
715 3575 789 3634 quos
832 3555 973 3616 anbedrrn
997 3557 1157 3632 vocabant,
1181 3576 1221 3616 ne
1268 3613 1270 3618 ,
1359 3606 1362 3615 ,

115 3581 171 3698 uid
182 3656 304 3718 prorsus
327 3633 476 3696 residuum
496 3627 628 3690 manere't
647 3650 681 3691 ex
703 3630 796 3709 stirpe
815 3630 945 3712 Davidis.
972 3633 1047 3714 Ego
1067 3653 1138 3694 vero
1159 3651 1222 3692 non

96 3655 209 3790 dubito,
230 3709 301 3792 quin
313 3712 418 3772 eodem
436 3720 518 3770 metu
536 3707 676 3787 impulsus
683 3707 777 3776 luerit
792 3707 828 3768 ad
839 3719 995 3788 utrumque
1012 3709 1107 3772 caedis
1119 3727 1222 3791 genus.
1275 3721 1278 3730 ’
1298 3711 1302 3720 “

96 3786 142 3848 De
156 3786 298 3870 ¹tempore
315 3799 415 3848 tamen
434 3784 600 3866 ambigitur.
637 3785 712 3844 Nam
732 3805 822 3864 quum
841 3783 919 3864 dicat
935 3785 1117 3859 Matthaeus,
1141 3783 1223 3844 occi-

14 3891 16 3916 ·
98 3885 144 3926 sos
156 3868 244 3929 luisse
263 3864 388 3927 bimulus
408 3875 439 3922 et
456 3861 587 3922 minores
601 3860 763 3921 secundnm
771 3871 898 3942 tempus,
920 3863 1000 3943 quod
1013 3861 1188 3940 exquisierat
1206 3879 1223 3920 a

99 3944 203 4025 magis,
231 3941 372 4023 colligere
396 3938 467 3999 inde
486 3938 582 4011 licet,
596 3935 744 3998 Christum
765 3957 827 3997 eam
847 3950 971 3999 aetatem
989 3949 1062 3997 tunc
1081 3935 1223 4016 attigisse,
1261 3960 1264 3964 ·

99 4013 144 4076 rel
167 4020 269 4080 saltem
295 4039 364 4081 non
382 4015 487 4100 procul
510 4012 672 4084 abluissea
699 4013 830 4078 bimatu,
865 4016 934 4075 Hoc
959 4012 1076 4092 quidam
1105 4011 1224 4092 longius
1297 4021 1300 4036 ’

74 4091 204 4156 ¹deinde
229 4095 364 4171 trahunt,
416 4112 455 4153 uo
483 4095 619 4170 tempure
646 4102 794 4152 venerunt
816 4091 910 4173 magi,
942 4092 1006 4149 eins
1028 4088 1092 4148 fere
1119 4087 1248 4168 aetatis„
1290 4100 1320 4142 .’

81 4167 186 4231 rluisse
199 4172 355 4233 Christum.
410 4191 450 4251 go
462 4189 533 4230 vero
553 4168 676 4228 alterum
696 4188 730 4236 ex
749 4166 842 4228 altero
862 4187 941 4248 nego
957 4165 1072 4236 confici,
1098 4163 1224 4240 Quanlo

102 4263 205 4322 pavore
235 4263 306 4310 tunc
337 4258 500 4326 correptus,
521 4245 612 4306 inerit
630 4245 777 4322 Herodes,
806 4265 900 4324 quum-
925 4263 1028 4302 rumor
1056 4243 1089 4305 in
1118 4241 1225 4326 vulgus
1300 4273 1308 4282 =

14 4369 15 4384 .
102 4341 212 4399 sparsus
238 4338 315 4390 esset
338 4326 374 4386 de
393 4343 482 4396 ¹novo
507 4321 591 4404 Rege
623 4333 710 4398 nato,
740 4321 828 4400 paulo
854 4331 923 4380 aute
944 4317 1076 4382 vidimus.
1121 4305 1224 4396 Quum

14 4409 15 4412 ’
102 4405 172 4462 tuuc
189 4399 355 4483 impedierit
373 4412 536 4476 metusne
555 4399 738 4481 proditorem
750 4398 914 4478 quempiam
927 4395 1090 4469 clanculum
1101 4397 1231 4464 submit-t
1258 4461 1263 4488 J

126 4496 216 4546 erluini
224 4517 311 4552 comm.
326 4505 350 4550 in
363 4503 444 4552 Merra.
457 4487 501 4549 ltu.
513 4501 565 4549 Vol.
581 4501 601 4549 l.
831 4559 835 4572 .
968 4479 989 4538 6
