2808 4748
222 243 281 310 18⁰
631 245 634 250 “
673 229 826 298 SEGTIO
838 230 900 292 Ἦ.
914 232 924 275 l·

225 383 277 468 qui
296 383 360 443 buc
384 389 415 442 et
438 378 509 442 illoc
537 375 790 460 circumspiciunt,
821 375 928 438 omisso
952 375 1011 437 Dei
1035 347 1186 458 respectu,
1212 377 1243 439 in
1260 396 1334 469 quen

223 481 316 538 unum
334 459 467 519 intentos
487 475 552 518 esse
571 455 705 516 decebat
753 454 859 535 Neque
878 475 1006 534 unquam
1026 455 1197 534 quiescunt,
1226 455 1276 515 nisr
1292 455 1334 514 ubi

223 537 279 600 sub
304 534 397 596 oculis
422 545 544 626 apparet
566 551 711 594 annonae·
727 532 827 624 copias
858 531 918 590 imo
938 532 989 610 qul
1008 530 1076 592 Deo
1100 553 1163 592 non
1186 531 1333 593 tribuentes

223 612 329 676 tuendi
346 610 448 671 munda
468 609 613 685 officium,
637 608 750 669 assidua
772 607 976 687 inquietudine
1001 619 1132 672 aestuant
1151 630 1186 669 ac
1203 613 1332 670 vexantur.

135 729 138 738 ι
225 690 328 766 Quum
346 686 433 763 dicit,
452 698 556 770 gentes
575 685 674 747 omnia
696 684 751 745 ista
770 703 928 764 quaerere,
947 683 1105 766 exprobrat
1122 686 1210 747 nimis
1229 705 1332 747 crassam

223 766 385 838 imoitiam,
416 763 497 824 unde
521 773 641 825 manant
664 760 737 822 tales
760 779 864 821 omnes
888 778 984 820 curae.
1033 755 1121 822 Und'e
1141 764 1219 838 enim
1236 762 1281 835 fit,
1306 771 1332 818 ut

223 861 375 923 nunquam
391 840 554 922 tranquillo
579 840 610 898 in
629 849 708 900 statu
725 837 875 898 resideant
893 837 1052 913 increduli,
1077 838 1134 900 nisi
1155 837 1235 930 quod
1251 838 1330 896 Deum

224 918 341 1001 lingunt
352 917 481 980 otiosum
499 917 530 976 in
551 914 637 998 coelo
649 914 787 986 dormire,
806 912 854 975 vel
872 911 974 974 saltem
993 935 1056 975 non
1074 933 1243 996 prospicere
1259 912 1328 972 rebus

223 995 373 1070 humanis,
400 1005 435 1054 ut
458 1013 533 1074 quos
561 993 594 1052 iu
622 991 710 1050 fidem
735 1011 815 1049 suam
843 990 971 1071 suscepit
1000 991 1092 1052 instar
1124 991 1248 1052 familiae
1275 1006 1328 1050 suae

223 1069 342 1154 pascat?
378 1067 425 1130 lta
443 1068 496 1132 bac
509 1067 729 1162 comparatione
743 1065 888 1148 significat
906 1066 980 1128 male
993 1068 1164 1148 proiecisse,
1178 1087 1238 1128 uec
1255 1065 1328 1126 adbuc

223 1149 320 1231 prima
351 1157 457 1207 tenere
487 1144 603 1227 pietatus
632 1143 819 1218 rudimenta,
875 1143 1023 1223 uicuuque
1052 1145 1169 1206 occulta
1203 1144 1328 1205 bonorum

223 1225 358 1289 omnium
377 1224 462 1304 copia
480 1221 619 1282 refertam
638 1219 697 1280 Dei
715 1221 833 1282 manum
853 1163 922 1280 luet
941 1220 1034 1283 oculis
1054 1241 1116 1282 non
1137 1220 1285 1302 aspiciunt,
1303 1226 1327 1274 ut

223 1300 341 1385 placide
360 1298 519 1360 accedatis
543 1295 647 1357 animis
666 1295 775 1356 victum
794 1295 868 1356 ‘inde
893 1315 940 1357 exs
962 1308 1070 1357 ectent
1113 1297 1219 1374 Pater,
1242 1293 1327 1374 inquit,

224 1377 361 1440 coelestis
385 1375 468 1436 novit
490 1393 543 1436 vos
568 1373 629 1436 istis
654 1372 802 1466 indigere:
828 1373 909 1454 quasi
933 1317 1059 1449 diceret,
1085 1392 1138 1436 eos
1158 1392 1269 1445 omnes,
1290 1369 1327 1449 qul

222 1465 308 1516 tanto
331 1470 380 1512 ere
399 1450 437 1509 de
454 1448 534 1510 rictu
557 1461 627 1510 suut
650 1450 745 1524 anxir,
796 1460 914 1510 aternae
932 1451 991 1511 Dei
1023 1450 1152 1511 bonitati
1177 1462 1207 1511 et
1227 1463 1325 1509 umore

222 1475 425 1612 providentiae
442 1525 536 1588 nihilo
555 1526 621 1607 plus
641 1526 759 1587 deferre
774 1470 899 1586 honoris
918 1547 1003 1608 qnam
1023 1527 1202 1588 incredulos.

298 1605 371 1664 Luc.
388 1607 437 1668 29.
474 1601 516 1662 Et
536 1602 626 1664 nolite
646 1605 679 1661 iss
700 1599 820 1662 sublim
841 1603 913 1662 solet
956 1605 1038 1663 Haec
1061 1604 1206 1683 particula
1228 1602 1325 1663 ultimae

125 1713 130 1722 ·
222 1678 397 1755 sententiae,
416 1699 491 1760 quae
510 1680 590 1762 apud
605 1679 786 1740 Matthaeum
806 1678 944 1755 habetur,
963 1699 1009 1739 res
1032 1681 1141 1756 ondet,
1162 1703 1198 1740 ssa
1213 1683 1269 1740 sitis
1282 1675 1325 1736 sol·

128 1801 134 1811 ·
221 1759 295 1819 tectu
313 1759 346 1816 irs
363 1760 540 1818 mouns.-
564 1755 642 1816 aliud
663 1758 741 1816 enim
759 1756 861 1815 vitium
880 1767 958 1817 taxat
978 1701 1127 1832 Christus,
1155 1757 1232 1852 quod
1249 1750 1324 1814 bonsi-

221 1855 275 1896 nes
294 1832 423 1894 libenter
442 1834 573 1914 quinque
592 1831 706 1892 saccula
730 1831 994 1913 amplecterentur,
1022 1834 1091 1894 dum
1113 1834 1173 1895 sibr
1196 1820 1332 1894 consulere

173 1919 182 1930 ‘
221 1910 335 1974 volunt
373 1909 508 1971 Verbum
531 1912 757 1983 μετεωρίζεσθαι,
790 1929 849 1988 quo
875 1909 969 1968 utitur
987 1911 1097 1986 Lucas,
1120 1911 1239 1991 proprie
1255 1905 1324 1988 signi-

221 1988 291 2048 hcat
309 1986 423 2048 exalto
442 1985 598 2068 speculari,
618 1983 700 2062 quod
716 1983 805 2066 vulgo
832 1983 974 2062 dicimus,
999 1985 1095 2048 lacere
1113 1987 1219 2071 longos
1236 1985 1323 2044 discur-

221 2086 279 2126 sus.
316 2063 436 2156 llullum
457 2065 535 2156 enim
553 2060 706 2142 satagendi
731 2061 851 2121 modum
870 2062 927 2156 sibi
950 2062 1022 2124 lacit
1045 2065 1140 2124 caruis
1165 2075 1272 2155 nostrae
1286 2059 1322 2116 in-

208 2153 502 2308 thttt‘ttttt
517 2137 1145 2310 iil¹²30hhiiii²i¹10⁶ci⁰l'.‘⁸diligit,
1164 2135 1322 2278 illidii

221 2292 415 2378 prehenditur
426 2293 516 2353 nrmia
528 2290 689 2366 curiositas,
709 2290 789 2370 quod
809 2311 864 2372 per
878 2313 942 2353 eam
960 2293 1048 2354 uobis
1067 2295 1185 2355 mutiles
1203 2286 1320 2355 molestias
1367 2281 1368 2300 ¹

221 2370 409 2445 arcessimus,
431 2381 520 2451 atque
539 2369 580 2428 ita
598 2379 707 2447 sponte
728 2367 872 2429 efficimur
889 2380 957 2430 ante
976 2381 1091 2450 tempus
1110 2370 1217 2432 miseri.
1252 2358 1319 2439 Quod

222 2450 294 2514 dicit
311 2447 492 2522 Matthaeus,
515 2447 645 2518 sssfficere
668 2441 727 2504 diei
749 2466 834 2504 msam
856 2447 1051 2523 afflictionem,
1082 2446 1140 2507 buc
1164 2455 1276 2528 spectat,
1296 2446 1319 2495 ul
1366 2477 1367 2486 κ

220 2548 286 2588 suas
305 2545 388 2585 curas
406 2533 574 2602 temperent
591 2521 707 2598 fideles,
730 2541 769 2582 ne
787 2523 904 2601 providi
923 2543 986 2584 esse
1004 2523 1080 2585 ultra
1098 2521 1254 2584 vocationis
1270 2531 1318 2576 snae

220 2602 342 2662 modum
360 2601 520 2680 appetant:
547 2601 726 2673 nonenim,
756 2609 791 2658 ut
809 2599 919 2660 dictum
939 2610 1000 2676 est,
1024 2598 1173 2680 quaelibet
1196 2599 1319 2658 damnatur

220 2675 376 2750 sedulitas,
399 2674 453 2736 scd
473 2693 548 2756 quae
567 2693 622 2754 per
640 2673 781 2754 obliquos
801 2685 832 2735 et
850 2674 1009 2738 immensos
1028 2676 1168 2740 circuitus
1188 2686 1259 2736 extra
1274 2686 1320 2728 ut·
1365 2673 1366 2705 l

220 2763 316 2817 tasva
338 2761 413 2808 atur.

150 2835 152 2844 '
331 2823 401 2884 attb.
425 2827 473 2888 33.
505 2821 651 2915 ,Quaerite
666 2827 798 2898 primum
820 2845 944 2901 tegumen
966 2826 1036 2888 Dei
1078 2827 1149 2889 Alio
1174 2829 1320 2910 argumento
1364 2875 1365 2885 ,

221 2911 342 2962 coercet
358 2900 476 2961 nimmm
486 2911 577 2961 nctus
596 2921 711 2961 cnrams
731 2921 799 2961 nam
818 2921 853 2964 ea
866 2924 992 2966 crassum
1011 2915 1042 2965 et
1059 2906 1213 2967 socordem
1230 2899 1322 2962 animet

221 2973 416 3056 coelestisque
434 2977 511 3036 vitae
530 2973 699 3058 neglectum
718 2978 825 3059 arguit
863 2980 931 3042 Hoc
951 3002 1025 3066 ergo
1044 2994 1257 3062 praeposterum
1274 2988 1322 3032 esse
1363 3009 1364 3064 1

220 3051 362 3113 admouet
381 3052 530 3126 Christus,
560 3052 641 3132 quod
668 3073 700 3112 se
729 3054 879 3128 homines,
908 3057 945 3118 ad
975 3057 1128 3119 meliorem
1158 3060 1240 3120 vitam
1266 3047 1322 3120 nafis
1362 3099 1363 3106 κ

219 3147 340 3264 qrorsus
358 3128 391 3187 in
409 3129 498 3190 rebus
516 3130 643 3190 terrenis
661 3142 817 3212 occupant
857 3132 997 3214 Quisquis
1016 3146 1115 3196 autem
1133 3136 1252 3217 primum
1267 3145 1321 3209 gre·

242 3224 291 3262 um
309 3202 422 3265 tribuet
438 3224 533 3287 regno
551 3204 627 3282 Dei,
657 3226 719 3268 uon
749 3209 806 3269 uisi
828 3209 979 3270 moderate
1001 3211 1034 3271 in
1057 3214 1136 3272 victu
1160 3205 1277 3273 curando
1297 3215 1320 3258 se

221 3278 384 3340 exercebits
408 3299 507 3360 neque
533 3281 613 3341 enim
632 3283 787 3364 quicquam
812 3287 907 3366 aptius
932 3298 978 3348 est
1002 3288 1038 3348 ad
1062 3288 1229 3348 frenandam
1247 3275 1320 3341 tarnis

220 3352 365 3423 lascinim
412 3375 452 3416 ne
476 3357 508 3416 iu
532 3357 608 3417 ritae
636 3363 909 3441 praesentis-cursu
933 3363 1070 3440 exsultet,
1101 3385 1184 3445 quam
1208 3351 1320 3422 coelestis

219 3431 297 3524 vitae
315 3397 479 3523 meditatio.
515 3431 649 3496 Issaeos
666 3458 775 3499 nomen
794 3450 854 3498 tam
873 3439 909 3500 ad
927 3439 1041 3517 Deum,
1060 3462 1146 3521 quatu
1165 3439 1201 3502 ad
1217 3445 1318 3516 regnu?l
1360 3471 1361 3490 r

221 3529 284 3601 epus
302 3507 408 3602 selerne
426 3521 540 3602 potest:
560 3513 665 3576 scimus
685 3515 763 3574 enim
782 3509 907 3598 ressgn'um
921 3515 980 3576 Dei
999 3517 1116 3591 iustitia,
1135 3517 1192 3578 boc
1210 3523 1257 3584 est,
1272 3522 1319 3583 ⁵9¹·

220 3584 323 3678 ntualn
336 3596 413 3676 rutae
432 3598 562 3649 notitae
582 3602 727 3652 constare.
767 3589 868 3664 Quum
883 3591 1056 3673 pronuntiat
1074 3595 1184 3674 reliqua
1198 3589 1318 3651 adiectum
1358 3591 1360 3676 1

220 3660 553 3802 testssttlttstt‘
566 3665 950 3822 :ht‘tt‘tttlttt
973 3663 1316 3806 ‘tt't’tt‘tttlti
1359 3753 1360 3779 s

295 3813 369 3874 Luc.
387 3819 435 3880 32
472 3784 547 3874 Not't
570 3822 678 3898 dmm,
698 3819 808 3896 pussilld
826 3823 914 3898 &rem
952 3823 1018 3884 Hac
1035 3769 1179 3884 sebtentia
1197 3813 1315 3896 fiducitlh

220 3889 258 3978 ad
278 3911 365 3970 quam
384 3912 454 3952 suos
471 3890 603 3953 hortatus
623 3909 686 3957 erat
704 3897 856 3971 Christus,
880 3897 1043 3960 confirmat.
1082 3896 1237 3975 Quomodo
1255 3899 1314 3979 §⁰¹9¹
1356 3835 1359 3957 l

219 3965 308 4058 vilem
329 3977 373 4060 et·
384 3969 526 4029 caducum
552 3970 650 4032 cibum
673 3986 797 4056 negaret
818 3974 901 4034 Deus
931 3977 1006 4048 suis,
1035 3997 1109 4056 quos
1134 3975 1273 4054 adoptant
1291 3975 1314 4015 ¹ss

219 4061 306 4123 regns
329 4064 373 4104 sur
398 4043 562 4114 haeredest,
593 4047 639 4108 Ac
664 4049 772 4109 diserte
790 4051 896 4124 pussilli
919 4053 1016 4134 gregis
1040 4054 1162 4113 nomine
1183 4033 1315 4124 compellat

218 4133 305 4194 unqe,
332 4139 373 4180 ne
396 4121 465 4184 ideo
485 4141 517 4184 se
539 4121 662 4186 minoris
680 4126 756 4205 apud
775 4125 873 4187 Deum
897 4127 961 4187 fieri
984 4140 1102 4208 putent,
1131 4123 1207 4209 quod
1233 4127 1314 4199 ,oram

194 4269 199 4281 α
218 4193 331 4281 mundo
349 4195 391 4260 ob
410 4221 492 4261 suam
507 4200 685 4295 paucitatem
699 4200 783 4261 nihili
801 4206 998 4264 aestimantur.
1036 4205 1138 4267 Verbo
1157 4203 1270 4261 so'dosss‘r
1284 4207 1315 4244 sr-

219 4265 350 4344 Gfflfifflh
368 4291 402 4332 Β
418 4289 565 4358 gratmtae
582 4277 799 4339 misericordiae
818 4280 903 4342 fonte
921 4279 1015 4343 nobis
1025 4282 1120 4342 fluere
1137 4281 1219 4343 vitam
1236 4277 1315 4331 aeter·

219 4357 295 4402 Μ·
332 4345 401 4410 flue
419 4373 540 4436 quoque
564 4353 678 4418 accedit
699 4353 830 4418 dome
846 4355 991 4422 verbum-⁵
1022 4357 1215 4435 Quumsero
1237 4341 1313 4427 palm
