2824 4756
413 259 466 338 (fol
474 262 564 324 *ii
585 257 731 353 Simeonis
751 259 930 343 prophetia.)
978 259 980 266 ’
1139 259 1143 266 ’
1199 263 1236 330 il

99 402 196 466 Iacob
220 401 252 464 iu
271 403 441 484 Aegyptum
466 400 603 463 mittebat
627 402 775 483 pretiosos
801 415 833 465 et
851 407 975 468 selectos
1000 417 1098 470 terme
1121 404 1234 470 rmum

99 479 197 560 (Gen.
217 484 361 554 ‹13‚12.).
401 478 557 541 Caeterum
583 501 674 560 quum
694 478 751 560 ipsi
775 501 858 540 more
882 484 997 564 persico
1021 484 1134 566 Regem
1159 483 1232 545 ado·

96 569 218 634 rantes,
242 575 337 638 quem
348 566 499 616 terrenum
520 575 583 618 esse
601 555 697 616 adhue
714 556 872 641 putabant,
895 571 992 621 terrae
1011 560 1123 622 imatus
1142 561 1233 623 obtu-

1 701 2 710 χ
97 633 211 710 lorint,
236 643 369 694 nostrum
389 643 433 693 est
450 632 640 712 spiritualiter
658 652 726 694 eum
745 633 888 694 venerari.
924 635 1000 696 Nem
1018 636 1066 698 bic
1084 637 1232 720 legitimus

98 723 149 772 est
165 733 200 771 ac
220 707 375 801 ratioualis
391 707 486 772 cultus
506 729 593 790 quem
614 709 711 793 exigit,
730 720 764 770 ut
782 713 838 772 nos
857 709 901 772 illi
919 712 1056 790 primum,
1075 713 1180 778 deiude
1199 724 1231 778 et

96 799 207 849 nostra
225 807 324 849 omura
342 803 557 848 consecremus.
621 801 624 804 ·
1186 815 1189 822 ·

139 975 224 1057 Ι(21.)
265 971 425 1070 numm
467 975 519 1046 22
538 975 583 1044 Et
600 985 770 1074 postquam
792 973 954 1063 completi
971 984 1047 1057 suut
1066 965 1137 1044 dies
1156 999 1231 1066 pur·
1378 1039 1381 1046 i

94 1077 237 1162 gationis
268 1087 397 1144 eorum'
418 1075 597 1146 secuudum
629 1077 734 1165 legem
766 1077 886 1158 Musis,
922 1074 1126 1146 adduxeruut
1158 1097 1232 1146 eum

94 1174 377 1264 iherosolymam,
398 1186 435 1242 ut
453 1179 604 1244 sisterent
623 1177 779 1255 Domino,
820 1179 873 1243 23.
895 1177 987 1243 Siout
1009 1179 1162 1264 scriptum
1184 1187 1232 1244 est

95 1281 133 1346 in
154 1279 243 1364 Lege
263 1265 421 1370 Domini,
437 1264 547 1346 Omne
567 1275 777 1358 manuninum
799 1277 991 1366 adaperiens
1011 1271 1141 1356 vulvam
1161 1302 1232 1360 uon-

95 1387 191 1444 ctum-
207 1379 353 1448 Domino
380 1375 563 1450 vocabitur:
604 1379 655 1450 24.
680 1378 724 1448 n
748 1387 784 1448 ut
810 1377 926 1450 darent
945 1377 1096 1462 hostiam,
1118 1402 1232 1450 secun·

1 1535 2 1542 ,
96 1477 176 1545 dum
203 1477 295 1566 quod
323 1477 444 1544 dictum
470 1489 521 1546 est
547 1482 581 1546 ln
602 1479 691 1566 Lege
717 1477 868 1555 Domini,
891 1501 952 1564 par
977 1489 1149 1562 turturum,
1176 1490 1232 1547 aut

96 1577 183 1644 duos
207 1577 319 1666 pullos
337 1573 567 1672 columbarum.
608 1581 661 1660 25.
685 1579 730 1646 Et
755 1597 832 1668 cece
858 1577 956 1658 bomo
985 1591 1054 1658 erat
1074 1583 1233 1656 Hieroso-
1318 1663 1322 1670 ,

94 1676 244 1763 solymis,
265 1679 318 1747 oui
337 1699 458 1758 nomeu
476 1679 618 1760 Simeon,
640 1690 673 1754 et
693 1679 793 1758 rouo
814 1683 875 1750 iste
895 1684 998 1758 irum
1017 1703 1056 1756 ac
1073 1683 1157 1768 pius,
1178 1703 1231 1756 ex-

1 1863 2 1868 *
95 1789 249 1867 spectans
270 1779 527 1848 consolationem
547 1780 655 1861 lsrael,
676 1791 710 1846 et
731 1779 869 1868 Spiritus
893 1793 1021 1850 sanetus
1043 1793 1113 1848 erut
1132 1803 1231 1870 super

96 1901 181 1946 eum.
207 1881 257 1946 26.
277 1879 321 1946 Et
339 1903 532 1972 responsum
548 1889 718 1970 acceperat
736 1902 756 1944 a
774 1880 898 1974 Spiritu
916 1894 1042 1964 sancto,
1057 1881 1125 1956 nou
1143 1885 1230 1964 visu·

95 2002 168 2048 rum
187 2001 223 2046 se
244 1992 389 2063 mortem,
401 1975 472 2055 ¹uisi
493 1985 584 2070 prius
602 1983 732 2066 videret,
750 1980 915 2063 Christum
932 1983 1076 2063 Domini,
1117 1985 1167 2062 27.
1186 1985 1230 2058 Et

94 2083 187 2147 venit
204 2083 434 2170 perspiritum
454 2087 490 2154 iu
510 2083 673 2171 templum.
714 2083 757 2152 Et
777 2107 877 2176 quum
896 2085 1090 2153 inducerent
1109 2105 1229 2172 pueru-

95 2179 164 2248 lum
189 2183 294 2248 lesum
320 2183 486 2272 parentes,
513 2191 550 2248 ut
574 2183 723 2249 iacerent
744 2186 927 2254 ¹secundum
960 2184 1228 2271 consuetudinem

95 2282 194 2370 Legis
214 2305 276 2368 pro
299 2304 350 2364 eo,
391 2285 442 2352 28.
469 2277 543 2374 lpse
564 2274 697 2370 quoque
720 2288 849 2371 ‚accepit
874 2307 949 2363 eum
970 2289 1003 2354 iu
1024 2275 1119 2357 ulum
1139 2305 1228 2352 suas:

95 2393 131 2450 et
150 2381 319 2451 benedixit
331 2382 449 2459 Deum,
471 2405 509 2447 uo
530 2381 615 2463 dixit,
648 2385 700 2450 2st
721 2385 817 2449 Nunc
832 2385 963 2452 linitus
982 2407 1113 2450 serrum
1129 2394 1228 2462 tuum

1 2557 2 2560 Ἴ
94 2484 256 2560 Domine,
280 2482 458 2549 secundum
484 2481 619 2550 verbum
645 2494 734 2557 tuum
754 2487 795 2548 in
815 2503 906 2574 pace,
946 2483 998 2548 30.
1023 2483 1118 2568 'Quia
1137 2479 1228 2546 vide-
1302 2493 1308 2522 ¹

94 2592 175 2652 runt
195 2581 283 2650 oculi
302 2584 367 2650 mei
383 2579 524 2651 salutare
545 2567 653 2662 tuum
683 2585 734 2650 31.
756 2581 859 2672 Quod
876 2582 996 2668 parasti
1017 2592 1091 2652 ante
1111 2581 1242 2656 faciem¹

92 2685 239 2752 omnium
260 2681 473 2771 populorum:
513 2684 564 2749 32
592 2683 716 2752 Lumen
738 2683 779 2752 ad
805 2682 1039 2760 revelationem
1059 2681 1227 2762 Gentium.
1274 2717 1282 2737 x

97 2796 131 2853 et
150 2783 414 2872 gloriamplebie
435 2793 510 2850 tune
530 2782 641 2857 lsrael.

1131 2939 1224 3002 eslmo

171 2947 219 3008 22.
241 2941 284 3002 m
295 2957 451 3024 puerperam
469 2941 601 3020 corupleri
612 2956 679 3010 nem
691 2939 761 3014 ulier.
800 2943 859 3011 Die
875 2937 988 3036 apa'rnu
1001 2939 1108 3034 quadra

96 3020 278 3158 pprgationis
296 3021 384 3080 ritum
403 3021 506 3108 peragi
530 3021 672 3114 oportuit.
711 3022 845 3082 Veniunt
865 3031 964 3080 tamen
984 2959 1222 3100 Hierosolymam

131 3117 189 3157 arra
208 3097 316 3158 etlose
337 3097 357 3156 h
376 3095 494 3157 alterius
513 3118 557 3158 rer
577 3098 665 3157 etiam
685 3119 780 3174 causa,
797 3109 833 3156 ut
845 3095 1005 3170 Christum,
1025 3095 1092 3176 quia
1111 3094 1223 3178 primo·

316 3119 448 3234 liomiuo
460 3173 575 3234 sistant:
609 3175 697 3234 Nunc
736 3177 816 3236 riore
835 3173 903 3234 loco
923 3171 960 3231 de
980 3173 1157 3256 purgatione
1176 3169 1222 3230 di-

96 3184 301 3312 ddddtrlldredii’:
322 3250 496 3330 cambucas
515 3251 624 3312 Mariae
644 3263 675 3312 et
744 3252 815 3316 rislo
836 3250 906 3310 lacit
925 3269 1121 3308 communem.
1144 3248 1222 3308 Nam

95 3345 264 3408 pronomen
286 3345 384 3386 mom
419 3325 454 3385 ad
478 3325 587 3406 Ioseph
617 3327 699 3388 nullo
731 3327 821 3388 modo
847 3325 952 3386 referri
980 3337 1088 3408 potest.
1138 3321 1221 3384 Nibil

1 3459 2 3470 ,
96 3415 193 3465 autem
217 3402 349 3478 absurdi,
378 3401 458 3484 quod
479 3402 627 3480 Christus,
656 3404 708 3483 qui
730 3424 785 3484 pro
812 3403 899 3464 nobis
926 3403 1084 3464 exsecratio
1106 3399 1229 3468 iuturus·

96 3491 160 3542 crat
177 3479 208 3538 in
220 3499 318 3555 cruce,
336 3477 550 3539 immunditiem
570 3492 712 3556 nostram,
734 3481 862 3560 quamvis
881 3499 898 3540 a
918 3477 1003 3558 culpa
1023 3491 1053 3548 et
1071 3478 1144 3544 uitio
1163 3475 1221 3537 irn-

96 3555 192 3617 muuis
216 3567 307 3628 esset,
334 3555 430 3638 quoad
455 3567 567 3622 reatum
592 3575 674 3617 susce
698 3557 756 3618 erit
779 3567 1002 3626 nostracausa:
1026 3555 1085 3616 boc
1105 3565 1171 3630 est,
1196 3551 1221 3624 ei

95 3633 163 3694 l’on's
181 3633 326 3713 puritatis,
344 3643 378 3692 ut
396 3631 496 3692 sordes
516 3644 630 3694 nostras
649 3578 798 3708 ablueret,
817 3633 931 3694 censeri
949 3629 1077 3694 voluerit
1092 3631 1222 3690 immuu-

1 3749 2 3794 4
84 3709 157 3772 'due
195 3710 220 3768 F
222 3709 359 3786 eduntur,
379 3708 429 3790 qui
448 3718 566 3798 putant,
586 3710 683 3796 legem
701 3709 777 3770 hanc
797 3728 859 3769 non
879 3708 935 3768 nisi
954 3707 1103 3800 politicam
1121 3704 1222 3778 fuisse,

96 3785 155 3847 acsi
176 3785 284 3846 mulier
303 3805 403 3847 coram
421 3797 528 3852 manto
552 3807 622 3863 suo,
645 3807 708 3846 nou
732 3805 832 3846 coram
851 3784 935 3861 Deo,
958 3782 1107 3844 rmmuuda
1131 3778 1220 3840 foret.

97 3862 180 3954 Qpin
198 3862 296 3942 potius
314 3874 374 3954 tarn
393 3872 513 3954 naturae
532 3883 601 3924 suae
620 3862 772 3944 corruptio
791 3861 907 3922 Iudaeis
925 3871 994 3952 ante
1010 3855 1222 3992 oeulosdposil&

95 3939 163 4016 furt,
185 3960 270 4019 quam
291 3938 403 4001 diurnae
423 3950 531 4020 gratiae
550 3939 720 4000 remedium.
757 3939 856 4018 Atque
878 3959 935 3998 una
955 3947 1011 3997 rste
1028 3934 1109 3995 lexa
1148 3949 1221 4010 pro·

94 4015 224 4078 bandum
243 4015 387 4098 originale
406 4027 557 4095 peccatum
576 4016 692 4079 abunde
709 4015 829 4091 sufficit,
847 4026 881 4076 ut
892 4014 1006 4106 insigne
1019 4005 1221 4070 testimouium
1340 4051 1345 4054 -

96 4092 230 4158 eontinet
248 4092 358 4174 gratiae
378 4090 445 4150 Dei.
482 4093 586 4172 Neque
613 4094 691 4152 enim
717 4091 820 4155 clarius
841 4091 956 4154 ostendi
981 4087 1079 4170 potuit
1101 4081 1221 4144 humani
1241 4093 1246 4127 ³.

1 4149 4 4244 l
95 4171 211 4258 generis
230 4169 413 4243 maledictio,
432 4189 518 4249 quam
537 4189 627 4248 quum
645 4178 765 4230 testatus
784 4181 829 4230 est
847 4166 1004 4240 Dominus,
1022 4162 1166 4224 infantem
1185 4177 1220 4220 ex

22 4321 28 4330 “
96 4334 180 4406 partu
198 4321 354 4400 inquinari.

95 4257 188 4307 matre
211 4245 333 4326 prodire
356 4247 502 4383 impurum
527 4257 557 4334 et
582 4244 742 4332 pollutum,
768 4257 857 4324 atque
880 4243 956 4304 adeo
980 4251 1104 4302 matrem
1126 4237 1220 4320 ipsam

200 4326 206 4338 ‘
421 4333 499 4396 erte,
522 4323 579 4382 ursi
599 4323 689 4381 homo
708 4332 876 4383 nasceretur
894 4329 1049 4400 peccator,
1069 4327 1101 4380 et
1118 4325 1221 4378 natura

98 4411 175 4469 esset
193 4397 269 4460 illiue
288 4397 362 4476 itio,
380 4409 467 4498 atpue
487 4400 517 4470 iu
537 4417 574 4460 eo
593 4397 736 4466 resideret
753 4398 849 4488 aliqua
867 4396 981 4478 peccati
998 4394 1095 4474 labes,
1113 4412 1222 4478 purff-
