2808 4748
143 317 147 332 ,
176 241 233 342 ias
632 262 785 328 ιιιιιο
805 262 858 324 ιι

182 415 318 501 proximo
342 413 478 508 membro
502 409 692 505 commendat
703 390 777 472 'eius
807 405 982 506 potentiam.
1012 404 1097 498 ‚⁸⁸¹9
1117 426 1207 496 quum
1230 404 1313 465 Scri-

204 488 533 648 ttl‘ffsttt‘lt
548 485 1060 651 {tlt'ttttttltttttss
1075 501 1315 651 ididitleiii

185 647 298 782 ubique
353 644 485 736 ιΐέιιιιιιι,
522 643 709 736 ριοιίἀιιιῐίι
748 641 811 704 eins
849 651 955 701 cuncta
991 636 1123 730 ordinas:
1161 636 1316 748 signifieat.

187 725 243 784 Psa
282 727 317 798 2,
335 729 364 786 l·
388 721 460 781 drcrt
481 719 597 797 David,
621 719 779 780 Habitator
807 718 959 779 coelorum
989 713 1126 774 irridebit
1149 733 1215 806 eos.
1245 725 1315 802 rtem

188 797 308 862 Psalmo
328 803 400 873 115,
418 803 447 862 3.
450 839 465 889 ‚⁹
482 797 564 859 Deus
584 809 687 890 noster
705 799 736 856 in
761 795 864 870 coelo,
890 811 1090 928 quaecunqqu:c
1101 789 1316 928 vsqqmitnqhsqurst}

188 871 1058 1082 gonteibesmdl:illiollebtdnlloucdumlslnqbbllloaffieimdicildlsllssl.
1082 927 1190 1080 P.²¹²l·b
1200 943 1317 1078 λάξ),

145 1135 148 1140 ·
494 1023 1174 1173 ι

190 1201 206 1243 ι
253 1202 288 1240 ur
322 1201 407 1242 venir
443 1201 622 1242 :nmenem
663 1200 856 1243 eereauuo

161 1201 332 1426 :lui
350 1198 1173 1413 ιιιιιιιιιιιὶὲιιιι
1186 1251 1320 1409 ιιι

191 1410 327 1474 etabtlne
344 1412 490 1489 voluerit,
512 1414 581 1494 quia
604 1411 661 1474 uisi
679 1413 711 1474 ln
731 1414 790 1474 lide
805 1409 947 1504 fundatae
965 1418 1034 1468 sunt
1055 1425 1167 1499 preces.
1182 1403 1321 1486 profectu

190 1486 344 1580 carebunt.
381 1486 443 1549 Iam
463 1511 554 1570 quum
573 1490 695 1567 stultae,
717 1491 779 1552 imo
803 1506 922 1579 rusapae
940 1495 1197 1576 arrogantiaeuspt,
1221 1481 1321 1576 Deum

192 1583 332 1654 invocare
350 1564 488 1642 Patrem,
509 1567 567 1626 nisi
590 1580 734 1648 quatenus
753 1567 785 1627 iu
804 1564 917 1626 Christ:
935 1578 1063 1641 corpore
1082 1572 1164 1652 rnsrtq
1179 1580 1234 1642 pro
1254 1559 1321 1620 filus

192 1660 394 1723 agnoscimur,
421 1642 491 1704 bine
516 1644 696 1726 colligimus,
725 1663 788 1704 non
812 1641 904 1721 alium
934 1657 997 1699 esse
1025 1638 1165 1717 precandi
1188 1637 1322 1714 modum,

193 1739 281 1797 quam
300 1716 354 1810 ubi
363 1718 531 1780 Mediatore
547 1719 617 1781 freti
632 1721 668 1782 ad
680 1723 787 1811 Deum.
797 1716 969 1810 accedimus.
999 1711 1323 1806 Surcsfiaeoypogm

108 1808 111 1818 ’
193 1808 283 1854 waes.
315 1795 374 1856 Hte
392 1794 498 1858 clarius
516 1809 638 1878 apparet
656 1797 737 1878 quod
757 1796 826 1869 dm,
845 1815 879 1854 ιιι
897 1792 992 1853 tribus
1033 1812 1112 1852 nmis
1131 1793 1323 1873 petitionibus

90 1881 96 1892 ⁸
193 1869 366 1953 posthabito
395 1872 491 1934 nostri
520 1893 568 1934 res
590 1885 658 1937 ectu
686 1870 883 1954 quaerendam
915 1888 978 1930 esse
1034 1869 1060 1928 ei
1084 1868 1221 1950 gloriam:
1260 1891 1323 1930 non

195 1947 276 2028 quod
294 1959 427 2029 separata
445 1947 484 2010 sit
503 1968 520 2009 a
538 1971 568 2012 sa
582 1963 631 2012 ute
650 1963 766 2026 nostra,
793 1947 845 2009 sed
885 1946 953 2006 uod·
966 1957 1097 2006 meretur
1113 1945 1172 2005 Dei
1191 1946 1323 2008 maiestas

195 2024 333 2086 omuibus
356 2024 418 2086 aliis
442 2024 520 2086 euris
544 2026 595 2088 lon
618 2047 635 2088 e
661 2025 813 2110 praeferri.
858 1967 992 2084 gallicane
1023 2034 1067 2083 est
1097 2023 1198 2098 nobis,
1225 2023 1323 2084 Deum

196 2119 323 2182 regnare
341 2121 485 2182 suumque
502 2102 547 2165 illi
563 2047 655 2166 :rilui
671 2106 836 2176 bonorem,
858 2101 909 2161 sed
925 2119 1017 2164 nemo
1037 2099 1104 2160 satis
1122 2121 1230 2181 magno
1250 2099 1323 2160 divi-

196 2197 251 2239 nae
275 2177 388 2260 gloriae
412 2177 559 2242 desiderio
582 2182 704 2276 flagrat,
728 2180 785 2242 nisi
810 2175 861 2260 qui
890 2177 935 2238 sui
964 2176 1182 2257 quodammodo
1213 2174 1321 2238 oblitus

197 2253 235 2315 ad
259 2255 454 2335 quaerendam
479 2254 556 2318 illius
581 2258 765 2320 altitudinem
789 2273 853 2317 sese
879 2253 997 2316 attollit.
1035 2253 1132 2314 Porro
1155 2255 1234 2312 iuter
1258 2254 1322 2314 istas
1384 2263 1385 2306 l

196 2341 257 2394 tres
272 2331 436 2426 petitiones
454 2351 562 2418 magna
580 2348 625 2397 est
644 2335 767 2396 affinitas
787 2343 819 2393 et
835 2331 1012 2393 similitudo:
1036 2330 1226 2391 sanctificatio
1247 2331 1321 2390 enim

198 2409 325 2470 nomtnis
343 2407 403 2470 Dei
428 2429 495 2471 cum
515 2411 577 2474 eius
600 2431 696 2497 regno
716 2430 834 2492 semper
852 2407 1011 2470 coniuncta
1034 2419 1095 2484 est,
1122 2419 1152 2468 et
1170 2409 1322 2488 praecipua

197 2485 328 2548 eiusdem
349 2487 434 2572 regni
475 2489 571 2549 arsin
590 2490 723 2552 hocsita
742 2501 803 2564 est,
826 2499 862 2548 ut
885 2485 935 2545 fiat
955 2486 1016 2545 eius
1034 2483 1177 2546 voluntas.
1215 2483 1321 2544 Verum

199 2564 331 2656 quisquis
351 2507 514 2646 expendet,
532 2580 673 2645 quantum
691 2571 729 2628 sit
747 2577 882 2627 nostrum
901 2561 1009 2644 frigus,
1029 2572 1194 2641 quantaque
1212 2561 1323 2640 ignavia
1383 2623 1384 2632 ,

199 2661 231 2700 ιι
251 2640 388 2720 optandis
407 2640 496 2703 rebus
516 2645 649 2704 omniurn
668 2643 806 2717 maximis,
825 2659 947 2734 quarum
967 2639 1013 2698 bic
1031 2650 1100 2699 vota
1117 2637 1204 2699 nobis
1216 2640 1325 2700 dictan-
1383 2639 1384 2660 ¹

198 2728 249 2778 tur
279 2717 353 2775 nihil
374 2715 422 2778 bic
440 2737 651 2796 supervacuum
670 2739 733 2780 esse
752 2717 908 2790 fatebitur,
934 2715 985 2776 sed
1010 2715 1064 2776 tria
1084 2734 1159 2796 quae
1177 2728 1326 2797 petuntur,

199 2792 272 2852 utie
291 2790 395 2868 luisse,
419 2791 461 2852 sle
480 2792 628 2878 distingui.
666 2795 856 2874 Seucuficmd
873 2790 933 2851 Dei
952 2810 1061 2854 nomen
1081 2789 1153 2851 nibil
1176 2792 1255 2854 aliud
1274 2803 1327 2868 est,

200 2887 287 2947 quam
306 2889 390 2928 suum
409 2867 478 2930 Deo
497 2866 600 2932 baberi
618 2871 774 2945 bonorem,
795 2889 854 2960 quo
874 2868 979 2962 diguus
1000 2881 1053 2944 est,
1072 2879 1105 2930 ut
1123 2885 1272 2950 nunquam
1286 2869 1329 2928 de

200 2945 266 3004 iso
299 2943 461 3024 loquantur
487 2944 534 3006 vel
567 2948 700 3031 cogitent
730 2947 864 3007 homines
894 2964 959 3006 stne
989 2966 1101 3006 summa
1131 2947 1328 3006 veneratione.

200 2963 279 3080 lluic
298 3023 462 3113 opponitur
480 3023 610 3084 eiusdem
629 3019 758 3086 nominis
778 3021 959 3103 profanatio:
1001 3044 1070 3082 uum
1088 3021 1255 3085 scilicetvel
1274 3027 1329 3082 mi·

202 3097 305 3157 uultur
324 3119 385 3160 erus
402 3100 548 3176 maiestas,
567 3099 613 3165 vel
633 3099 728 3162 minus
746 3110 918 3162 reverenter
937 3110 967 3159 et
980 3043 1145 3160 bonorifice
1164 3121 1250 3180 quarn
1270 3121 1330 3160 me·

203 3185 286 3233 retur
315 3195 378 3235 eam
403 3175 539 3238 homines
562 3176 733 3257 suspiciunt.
770 3178 868 3237 Porro
900 3176 1013 3270 gloria,
1043 3197 1100 3256 qua
1121 3177 1330 3251 sanctificatur,

202 3249 274 3310 inde
293 3264 392 3313 manat
411 3266 442 3313 et
460 3254 580 3334 pendet,
601 3275 691 3336 quum
711 3253 880 3338 agnoscitur
898 3264 978 3314 inter
997 3254 1128 3314 homines
1141 3254 1201 3314 eius
1213 3255 1330 3334 sapien-

202 3327 254 3400 tia,
273 3325 402 3404 bouitas,
420 3329 540 3406 iustitia,
559 3331 703 3411 potentia,
723 3343 753 3391 et
772 3330 910 3410 quiequid
930 3331 961 3390 in
981 3349 1017 3390 eo
1036 3341 1080 3389 est
1097 3331 1251 3391 virtutum:
1279 3350 1331 3391 sua

203 3405 282 3464 enirn
300 3404 370 3465 Deo
390 3406 528 3468 sanctitas
546 3426 664 3489 semper
681 3407 760 3470 intus
780 3419 906 3482 constat,
925 3406 976 3468 sed
996 3427 1059 3466 eam
1079 3407 1183 3486 partim
1203 3429 1252 3468 sua
1271 3429 1331 3467 ma-

202 3479 267 3540 litia
287 3491 318 3540 et
337 3482 479 3562 pravitate
505 3482 638 3545 homines
662 3483 837 3557 obscurant,
862 3483 968 3564 partim
992 3481 1133 3565 sacrilego
1160 3495 1331 3563 contemptu
1380 3539 1381 3546 ,

203 3557 315 3622 violant
334 3569 364 3617 et
383 3557 529 3638 polluunt.
545 3633 548 3645 ,
566 3559 649 3643 Ergo
668 3583 780 3623 summa
795 3559 879 3621 buius
890 3559 1042 3642 petitionis
1054 3571 1107 3635 est,
1119 3571 1153 3621 ut
1163 3561 1223 3621 Dei
1239 3561 1330 3696 qqoria

110 3695 119 3706 ,
204 3637 235 3698 in
256 3633 368 3695 mundo
388 3634 535 3712 reluceat,
559 3649 589 3698 et
608 3639 699 3721 qualis
720 3650 765 3700 est
782 3635 951 3701 celebretur
968 3636 1047 3696 inter
1064 3637 1207 3698 homines.
1274 3659 1330 3696 unc

204 3722 302 3774 autem
321 3711 433 3792 optime
451 3709 534 3794 viget
550 3735 623 3794 pura
642 3714 764 3798 religio,
789 3735 879 3796 quum
899 3713 1047 3789 homines,
1072 3711 1210 3808 quiequid
1229 3734 1245 3773 a
1264 3713 1329 3774 Deo

204 3787 371 3872 proiectum
391 3799 448 3864 est,
468 3802 582 3852 rectum
602 3804 633 3852 et
652 3789 815 3868 laudabile,
839 3791 968 3854 iustitiae
987 3789 1018 3850 et
1036 3803 1196 3871 saptentiae
1211 3791 1328 3930 plenum

205 3886 269 3929 esse
288 3870 429 3926 statuunt.
458 3865 534 3927 Nam
553 3867 623 3930 binc
641 3869 685 3946 fit,
704 3881 739 3932 ut
758 3881 788 3929 et
805 3868 928 3930 verbum
949 3868 1009 3928 eius
1028 3888 1083 3948 pro
1102 3867 1171 3928 fidei
1190 3889 1209 3928 o
1231 3888 1261 3930 se
1283 3865 1327 3926 uio

205 3942 435 4023 amplectantur,
460 3954 490 4003 et
514 3945 651 4007 omnibus
676 3947 788 4027 placitis
813 3956 844 4006 et
871 3943 1010 4025 operibus
1035 3945 1234 4024 acquiescant:
1262 3889 1329 4004 ldes

206 4021 299 4093 enirn,
319 4040 405 4103 quam
424 4019 483 4080 Det
501 4020 594 4083 verbo
614 4022 773 4084 deferimus
792 4023 841 4102 (ut
859 4022 930 4082 dicit
948 4021 1075 4082 Ioannes
1093 4028 1129 4097 3,
1153 4024 1233 4101 33),
1274 4017 1330 4080 nasi

205 4097 381 4178 subscriptio
402 4108 446 4157 est
465 4118 522 4179 qua
539 4107 692 4175 testamur,
710 4099 808 4160 Deum
829 4118 891 4160 esse
911 4113 1053 4174 veracem,
1071 4098 1157 4159 sicuti
1176 4043 1329 4164 increduli-

206 4181 248 4231 tas
280 4183 311 4232 et
335 4185 522 4256 contemptus
548 4174 633 4236 verbi
659 4177 720 4238 eius
745 4175 914 4258 gravissima
940 4193 1006 4234 eum
1032 4173 1211 4236 contumelia
1235 4173 1329 4236 allicit

206 4246 269 4306 lam
286 4248 429 4328 videmus,
449 4273 536 4333 quam
555 4252 623 4313 mali
646 4252 677 4313 ni
695 4252 756 4315 siut
774 4251 907 4334 plerique
923 4270 1047 4344 operum
1055 4251 1114 4312 Dei
1125 4252 1330 4321 aestimatores,

159 4363 161 4368 ,
207 4332 238 4380 et
258 4335 397 4414 quautam
417 4326 604 4392 obtrectandi
623 4271 772 4391 ficentiam
790 4328 847 4393 sibi
865 4338 1053 4409 permittant:
1071 4327 1097 4388 si
1116 4349 1190 4408 quos
1201 4339 1330 4388 nostrum

207 4407 337 4478 castigat,
357 4401 543 4492 obstrepunt,
563 4417 738 4494 queruntur,
757 4404 994 4482 obmurmurant,
1013 4402 1060 4466 alii
1078 4403 1162 4468 otiam
1174 4406 1206 4472 iu
1221 4413 1330 4486 apertas
1377 4474 1378 4493 χ
