2808 4748
496 221 555 296 (7⁰.
572 204 719 304 Leprorut
737 177 876 302 sanatur)
923 287 929 304 ,
1192 225 1253 296 ‘19¹1

202 362 307 424 Matth.
331 367 359 429 i.
406 361 503 447 (Μὴ
524 377 618 444 Μανῆ
631 361 828 426 'mendasse
849 363 885 427 do
909 379 1010 430 manu.
1057 365 1147 430 ltettt
1169 371 1251 434 nunc

125 439 290 501 Matthaeus
309 441 345 500 ad
365 439 503 502 historiae
521 453 700 506 contextum.
730 443 821 506 ,Prius
841 443 960 520 dixerat,
977 444 1127 508 Christum
1146 465 1251 508 ascen-

127 517 204 577 disse
227 518 259 576 iii
282 527 428 576 montema
453 517 559 578 deinde
583 519 711 580 coniecit
728 519 810 592 velut
831 517 862 579 in
885 541 976 580 unum
999 541 1134 584 acervum
1156 524 1250 588 multa

126 593 278 661 doctrinae
299 593 409 654 Christi
428 595 537 675 capita:
557 615 636 656 nunc
655 607 753 656 autem
767 596 893 669 subiicit,
914 616 951 657 ee
969 591 1194 679 temporcsquo
1214 601 1268 661 in.

125 681 229 730 monte
250 671 440 730 concionatus
460 682 519 745 est,
543 691 658 732 sanasse
684 671 834 753 leprosum
858 673 1011 752 quendam.
1056 675 1152 750 Quod
1165 677 1246 738 idem

121 745 260 821 referunt
278 747 391 808 Marcus
411 760 442 808 et
460 747 569 823 Lucas,
595 747 665 808 licet
677 758 797 828 ,tempus
817 767 878 810 non
899 749 1061 832 designent.
1098 752 1195 814 Porro
1213 754 1247 814 in

123 823 171 882 eo'
184 823 290 883 enituit
307 823 404 884 divina
424 821 533 886 Christi
552 823 659 900 rinus,
683 825 764 918 quod
788 823 854 885 solo
873 825 966 887 verbo
993 837 1024 885 et
1046 837 1127 887 tactu
1143 851 1246 890 manus

124 897 236 978 lepram
254 899 290 960 ab
301 898 430 960 'homine
442 911 566 982 repente
577 900 721 962 abstersit.
760 900 919 963 Caeterum
931 901 1059 981 quamvis
1072 901 1153 982 lepra
1166 906 1246 966 aliud

66 973 68 986 “
122 986 202 1036 esset
219 974 316 1060 morbi
336 996 428 1058 genus
448 997 533 1058 quani
552 977 590 1037 sit
602 971 826 1069 -elepha'dtiasis,
844 976 932 1038 luisse
952 988 1050 1038 tamen
1068 991 1170 1040 curatu
1189 981 1247 1040 dii-

121 1050 229 1112 fieilem
248 1051 319 1113 satis
338 1063 462 1114 constat.
501 1053 619 1128 Quodsi
635 1053 825 1116 diuturnitate
843 1051 1013 1129 invaluerat,
1031 1074 1127 1114 rarum
1149 1074 1247 1118 exeni-

119 1126 203 1208 plum
226 1129 284 1190 tuit
308 1143 473 1222 quenquam
497 1128 628 1190 liberari:
665 1143 746 1192 certe
770 1140 804 1192 ut
829 1129 930 1202 demus
958 1129 1088 1192 medicos
1138 1131 1247 1193 otuisse
1295 1167 1300 1178 =

118 1205 189 1266 artis
208 1225 277 1266 suae
305 1207 427 1266 scientia
446 1204 556 1286 aliquid
574 1204 669 1267 auxilii
687 1219 854 1288 praestare,
880 1207 916 1268 in
933 1205 991 1270 hoc
1012 1151 1152 1270 miracrdo
1171 1207 1246 1270 nihil

117 1279 211 1342 fuisse
228 1281 386 1343 humanum
405 1281 501 1362 palam
521 1293 573 1342 est.
1249 1341 1253 1346 .

196 1367 225 1426 2.
263 1355 415 1418 Accidens
440 1356 596 1450 odoravit..
626 1352 713 1434 ,Qutd
743 1357 1044 1442 significetarcrbum
1073 1367 1246 1434 προςκυνεῖν,

118 1433 979 1594 stillicidiis?‘a.ti⁰.¹¹tttt‘.t';ttttt.;ttt,
993 1435 1247 1594 litltttitit

119 1607 173 1646 cus
187 1587 266 1657 dicit,
279 1588 416 1649 accidisse
435 1587 465 1648 in
484 1608 590 1671 genua,
608 1589 702 1649 Lucas
721 1600 828 1665 autem,
869 1601 1024 1652 rostratum
1043 1589 1131 1650 inisse
1148 1587 1181 1648 in
1201 1587 1246 1648 ia-

117 1662 206 1724 ciem.
245 1663 393 1725 Gestu³er
415 1684 444 1738 o,
463 1664 521 1726 boc
540 1663 585 1726 es't
604 1665 820 1748 genuflexione,
837 1687 953 1761 signum
972 1661 1153 1729 revereritiae
1166 1663 1246 1724 exhi-

115 1739 185 1799 huit
203 1739 346 1823 leprosus.
384 1683 496 1803 bgcimus
516 1754 625 1818 autern,
642 1740 845 1824 adorationem
864 1763 895 1806 in
916 1743 1065 1803 communi
1084 1764 1138 1803 usu
1157 1740 1246 1802 luisse

14 1817 15 1826 ’
114 1815 315 1970 Iudaeis,Qut
331 1830 400 1880 sunt
419 1817 521 1956 popuh
541 1817 699 1879 orientales
718 1819 810 1902 magis
828 1819 864 1880 ad
882 1818 954 1880 tales
974 1821 1154 1880 ceremonias
1172 1838 1245 1898 pro-

72 1937 76 1946 .
113 1913 210 2034 pensi.
282 1915 350 1955 uare
369 1917 418 1955 mu

194 1971 197 1976 Ι
432 1895 454 1956 ti
474 1894 650 1969 existimant,
679 1893 709 1954 le
730 1915 830 1957 rosum
855 1897 887 1958 in
911 1897 1009 1958 animo
1029 1917 1092 1957 non
1109 1894 1246 1957 habuisse

144 1971 267 2032 hristum
288 1973 385 2032 divino
406 1971 486 2033 cultu
504 1991 592 2053 prose
614 1973 660 2048 ui,
677 1917 738 2058 seb
760 1973 925 2038 honorifice
946 1974 1083 2035 salutasse
1106 1985 1244 2107 tanquam

113 2048 253 2109 eximium
272 2047 330 2108 Dei
348 2049 538 2129 Prophetam.
607 2069 647 2130 go
665 2068 738 2112 vero
750 2069 823 2128 quo
838 2051 949 2112 aflectu
968 2050 1117 2111 Christum
1137 2069 1152 2108 a
1175 2067 1244 2108 ora-

110 2125 192 2186 verit
210 2145 273 2185 non
293 2126 424 2204 disputo:
456 2125 525 2203 quid
550 2136 647 2184 autem·
671 2123 714 2182 illi
739 2124 878 2186 detulerit
901 2125 1007 2202 video,
1035 2145 1148 2205 nempe·
1163 2123 1245 2203 quod

114 2220 184 2261 enni
203 2213 305 2281 posset
323 2201 475 2276 mundare,
493 2200 521 2260 si
528 2200 626 2261 vellet.
666 2199 783 2282 Quibus
795 2201 891 2262 verbis
909 2213 1031 2263 testatus
1043 2214 1097 2278 est,
1117 2201 1242 2260 divinam

112 2277 146 2338 iii
162 2277 281 2338 Christo
291 2278 429 2339 rirtutein
448 2295 479 2337 se
491 2293 669 2360 agnoscere.
706 2275 892 2340 Et'Christus
911 2297 1000 2358 quum
1019 2277 1190 2358 respondet,
1210 2295 1242 2335 se
1339 2335 1342 2348 ,

101 2352 207 2428 ¹velle,
226 2351 290 2433 plus
309 2352 533 2413 sibi.tributum
552 2352 589 2412 ab
611 2371 647 2412 eo
668 2370 730 2412 esse
750 2353 894 2426 ostendit,
925 2373 1012 2432 quain
1036 2354 1068 2411 iii
1093 2352 1243 2412 hominem

114 2439 276 2510 competat
302 2429 437 2489 ,Summo
463 2428 540 2488 enirn
566 2426 690 2507 imperio
716 2427 829 2508 pollere
854 2448 973 2488 necesse
998 2439 1059 2502 cst,
1092 2428 1242 2507 quinutu

113 2503 182 2565 solo
202 2503 369 2565 bominibus
388 2504 540 2565 sanitatem
559 2504 696 2564 restituit.
715 2551 718 2558 .
737 2505 810 2564 Sive·
824 2516 921 2564 antem
942 2503 1090 2565 Christum
1110 2502 1169 2561 Dei
1188 2502 1241 2562 Fi-

111 2581 188 2641 lium
208 2600 270 2641 esse
289 2579 449 2642 crediderit
467 2581 615 2662 leprosus,
640 2580 700 2640 sive
719 2579 774 2642 bac
792 2581 903 2640 virtute
920 2579 1008 2642 luisse
1028 2579 1187 2650 donatum,
1206 2589 1241 2638 ut

110 2659 214 2720 Moses
234 2669 265 2717 et
289 2658 339 2718 alii
358 2657 541 2737 Prophetae,
569 2668 753 2717 nontamen
779 2657 907 2734 dubitat,
936 2661 968 2718 in
990 2656 1069 2718 illius
1096 2676 1185 2718 manu
1211 2666 1242 2714 et

110 2746 262 2816 potestate
282 2753 345 2795 esse
363 2734 492 2795 sanitatis
511 2733 632 2793 donum.
676 2733 768 2809 Quod
793 2745 890 2795 autem
915 2734 969 2795 sub
994 2733 1167 2794 conditione
1191 2731 1238 2791 lo-

133 2812 222 2886 nitur,
241 2811 278 2870 Si
292 2812 376 2888 velis,
385 2825 480 2893 petes,
501 2830 562 2870 non
582 2821 695 2902 pugnat
714 2831 779 2870 cum
800 2830 834 2870 ea
853 2810 922 2872 fidei
942 2809 1131 2886 certitudine,
1170 2829 1239 2870 uani

109 2833 195 2950 ssens
215 2887 245 2947 in
265 2888 402 2970 precibus
421 2887 529 2949 nostris
548 2886 652 2968 exigit:
677 2887 871 2966 nequeenim
896 2887 962 2970 plus
984 2909 998 2947 s
1020 2904 1102 2946 erare
1128 2884 1164 2946 de
1188 2895 1240 2944 ent

110 2965 247 3026 homines
267 2974 353 3045 q'uani
365 2965 446 3026 Deus
465 2965 628 3044 promittat.
666 2963 814 3044 Leprosus
835 2975 935 3024 autem
952 2961 1003 3025 n'ul
1015 2983 1034 3024 o
1045 2963 1103 3022 Dei
1116 2959 1238 3022 oraculo

92 3041 158 3116 ¹uel
178 3041 374 3120 promissione
394 3043 503 3102 ee'rtior
523 3041 615 3101 lactus
636 3052 712 3116 crat,
737 3041 876 3120 quidnam
899 3043 1028 3102 facturus
1053 3051 1128 3100 esset
1148 3036 1238 3100 Chri-

110 3129 181 3179 stus.
222 3117 349 3178 Temere
369 3137 442 3200 ergo
468 3117 544 3176 ultra
569 3116 620 3176 has
639 3128 730 3179 metas
754 3108 926 3198 progressus
945 3116 1041 3178 foreis
1064 3135 1132 3176 nam
1157 3113 1238 3195 quod
1305 3117 1309 3136 ‘

109 3193 261 3256 interdum
285 3195 425 3276 legimus,
456 3193 596 3276 quosdam
620 3192 800 3273 simpliciter*
814 3205 949 3273 precator
969 3203 1047 3268 esse,
1076 3191 1238 3252 tenendum

109 3285 170 3348 est,
201 3271 364 3351 singulares
382 3271 612 3341 suisseiiioius,
643 3269 787 3348 equibus
815 3270 942 3348 petenda
970 3291 1033 3330 non
1057 3281 1103 3329 est
1127 3265 1238 3350 regula.

110 3349 291 3428 Quanquam
310 3347 421 3424 nescio,
434 3368 476 3407 an
495 3345 625 3427 proprie
635 3343 786 3424 loquendo
806 3349 905 3408 dicere
924 3347 1019 3422 liceat,
1037 3345 1239 3427 precationem

109 3425 201 3486 luisse
221 3436 394 3505 conceptam
414 3445 431 3485 a
451 3423 578 3503 leproso.
623 3421 752 3481 Tantum
772 3424 852 3483 enini
876 3423 1017 3498 affirmat,
1047 3443 1078 3484 se
1102 3424 1144 3481 ita
1167 3438 1236 3499 per-

109 3521 227 3563 suasum
248 3521 309 3561 esse
330 3491 489 3561 de'virtute
499 3496 620 3570 Christi,
639 3509 673 3557 ut
692 3519 754 3558 non
774 3499 889 3560 dubitet
907 3499 1011 3560 ineius
1030 3497 1154 3559 arbitrio
1174 3513 1238 3555 csse

110 3591 215 3638 curare
234 3577 353 3657 lepram.
391 3576 510 3636 Deinde
529 3594 560 3635 se
579 3574 622 3634 illi
641 3576 800 3636 sanandum
814 3575 914 3650 offert,
932 3576 1062 3637 incertus
1079 3586 1180 3634 tamen
1199 3569 1237 3628 de
1341 3613 1347 3625 .

110 3653 230 3730 eventu,
250 3654 316 3734 quia
335 3653 469 3715 voluntas
489 3649 599 3714 Christi
618 3652 750 3714 nonduin
770 3652 812 3712 illi
830 3653 949 3735 cognita
960 3663 1037 3730 ‚erat
1098 3715 1101 3718 ,
1228 3719 1237 3736 ·

188 3737 218 3797 3.
256 3735 399 3791 Proteum
415 3751 505 3790 moun
526 3731 624 3804 tetigit
663 3728 700 3787 Iii
723 3727 806 3810 Lege
830 3729 1016 3812 contagiosus
1040 3734 1105 3788 erat
1127 3720 1238 3800 leprosi

109 3817 220 3869 tactus:
247 3819 277 3868 at
300 3828 370 3868 vero
396 3807 534 3888 quoniam
556 3821 592 3866 'ea
615 3816 661 3866 est
684 3805 715 3864 in
736 3805 855 3866 Christo
879 3805 1007 3886 puritas,
1036 3820 1111 3882 quae
1134 3816 1237 3860 omnes

111 3885 215 3946 sordes
235 3897 264 3944 et
282 3883 501 3964 inquinamenta
522 3881 691 3956 absorbeat,
716 3901 813 3962 neque
837 3901 870 3944 se
889 3878 1070 3944 contaminat
1086 3877 1237 3956 leprosum

111 3961 277 4042 tangendo,
309 3981 406 4040 neque
429 3961 542 4042 Legem
568 3959 791 4040 transgreditur.
844 3958 972 4019 Carnem
996 3957 1075 4015 enim
1106 3960 1238 4012 nostram

97 4037 271 4116 'suscipiens
291 4057 352 4096 non
377 4037 467 4097 modo
492 4056 547 4097 nos
572 4029 773 4174 dignatusest
794 4055 897 4098 marius
915 4051 984 4094 suae
1003 4041 1157 4101 contactu,
1180 4025 1238 4088 ,sed

113 4109 145 4168 iii
165 4132 255 4174 unum
278 4113 415 4194 idemque
435 4133 541 4193 corpus
565 4133 605 4170 no
629 4113 719 4173 iseum
739 4113 864 4187 coaluit,
894 4123 929 4170 ut
952 4127 1080 4170 essemus
1104 4123 1173 4166 caro
1200 4101 1237 4162 de

115 4199 202 4247 carne
222 4190 295 4251 eius:
314 4211 371 4251 nec
390 4189 480 4250 modo
499 4187 649 4250 brachium
668 4209 752 4249 suum
771 4189 808 4250 ad
827 4209 882 4248 nos
901 4183 1040 4260 extendit,
1058 4182 1110 4246 sed
1124 4178 1237 4242 ecoclo

117 4257 266 4327 descendit
283 4287 377 4360 usque
396 4267 432 4328 ad
457 4266 536 4348 ipsos
555 4264 683 4341 inferos,
707 4285 764 4327 nec
787 4277 886 4325 tamen
906 4262 1061 4342 quicquam
1084 4258 1154 4322 inde
1176 4275 1238 4348 ina·

118 4335 198 4400 cislae
216 4354 370 4422 contraxit,
388 4343 440 4408 sad
453 4344 575 4428 integer
593 4361 713 4408 manens
732 4341 834 4406 sordes
854 4359 958 4402 omnes
976 4351 1089 4408 nostras
1101 4337 1240 4418 exhausit,
