2786 4742
127 231 132 242 ·
204 231 276 296 ssu.
565 184 570 207 '
639 223 895 288 securorum

206 363 335 434 extendit
358 370 395 432 ad
419 385 523 432 omnes
547 380 709 446 creaturas,
736 379 771 430 nt
794 391 810 431 a
837 368 943 430 maiori
966 368 1001 430 ad
1025 367 1120 428 minus
1143 367 1317 428 demonstret

205 447 346 530 peculiari
366 448 427 509 eius
451 447 596 529 praesidio
623 467 677 508 nos
703 447 818 508 servari.
862 444 1039 506 Passercnlis
1062 444 1134 506 nihil
1160 445 1223 505 lere
1241 443 1315 504 vilius

83 549 86 568 ·
206 537 250 586 est
274 523 345 595 (duo
372 525 451 584 enim
475 545 537 584 asse
562 537 634 584 tunc
656 511 808 585 venibant:
838 523 885 584 vel
909 535 943 582 ut
960 523 1054 582 Lucas
1078 523 1163 597 dicit,
1196 521 1314 601 quinque

204 601 322 666 duobus
345 602 468 678 assibus)
494 612 525 660 et
549 613 645 660 tamen
673 602 709 660 ad
734 600 744 658 i
766 623 812 660 sos
837 619 956 680 quoque
979 599 1104 660 tuendos
1127 599 1255 658 intentus
1278 608 1313 656 est

204 679 265 739 Dei
287 677 404 753 oculus,
435 689 468 736 ut
488 677 560 738 nihil
591 677 714 738 fortuito
740 623 796 738 illis
813 677 951 737 accidat:
982 675 1031 735 Au
1063 675 1213 735 homiuum
1236 674 1321 734 vitam.

197 754 387 838 negligeret,
412 756 462 834 qui
487 755 523 815 de
549 752 717 835 passerculis
741 768 786 816 est
811 751 968 814 sollicitus?
1007 750 1246 828 Caeterum-dno
1273 749 1312 809 hic

205 831 336 892 notanda
356 843 438 891 sunt:
462 853 529 890 nam
549 833 646 912 primo
667 831 757 914 longe
776 829 860 893 aliter
877 829 936 888 Ilei
960 829 1171 908 providentiam
1191 827 1313 888 Christus

143 973 146 980 ,
205 908 323 984 delinit,
344 927 430 987 quam
449 906 533 967 multi
554 906 732 988 philosophis
752 929 813 967 non
833 904 994 980 absimiles,
1013 905 1079 983 qui,
1098 904 1167 965 licet
1185 903 1314 963 mnndum

205 984 344 1046 divinitus
362 984 520 1068 gubernari
539 984 668 1058 tradant,
693 985 844 1044 confusam
869 995 967 1044 tamen
991 981 1203 1061 providentiam
1222 979 1314 1060 imagi-

204 1073 323 1135 nantur,
342 1062 400 1122 acsi
420 1061 501 1120 Deus
520 1059 646 1143 singulas
666 1073 813 1121 creaturas
833 1081 895 1120 non
915 1059 1081 1138 respiceret
1121 1058 1251 1120 Christus
1270 1078 1316 1115 au·

204 1150 265 1203 tem
284 1139 472 1219 pronuntiat,
498 1137 633 1198 distincte
652 1137 778 1220 singulus
797 1149 945 1208 ¹creaturas
965 1133 1016 1196 suh
1036 1135 1095 1194 Dei
1115 1156 1203 1196 manu
1223 1146 1253 1192 et
1269 1155 1315 1192 cu-

204 1216 299 1279 stodia
318 1235 397 1290 esse,
426 1227 459 1274 ut
484 1213 558 1274 nihil
576 1213 614 1273 sit
634 1214 770 1275 fortunae
790 1214 961 1295 expositum.
1003 1212 1077 1271 Nam
1097 1223 1177 1272 certe
1196 1211 1253 1270 Dei
1269 1230 1316 1269 ro-

203 1291 299 1353 luntas
318 1291 539 1374 contingentiae
558 1291 732 1370 opponitur:
761 1310 857 1370 neque
880 1301 982 1352 tamen
1005 1289 1061 1350 huc
1081 1288 1170 1350 modo
1190 1287 1317 1348 statuitur

203 1369 296 1430 latum
315 1369 502 1439 Stoicorum,
525 1369 593 1446 quia
617 1367 694 1428 aliud
714 1379 759 1428 est
778 1367 979 1428 necessitatem
1003 1363 1155 1444 multiplici
1175 1383 1317 1424 causarum
1369 1399 1370 1410 2

203 1467 281 1508 nexu
298 1446 468 1529 implicitam
486 1445 614 1526 fingere,
645 1443 722 1504 aliud
738 1445 885 1505 subiicere
904 1443 963 1502 Dei
981 1442 1104 1503 arbitrio
1123 1452 1220 1501 totum
1238 1461 1317 1500 mun-

205 1522 273 1582 dum
294 1535 324 1582 et
342 1523 470 1605 singulas
490 1521 552 1582 eius
573 1535 676 1601 partes.
715 1523 752 1582 Iu
771 1519 835 1602 ipsa
852 1521 968 1599 quidem
988 1537 1086 1579 rerum
1105 1529 1207 1583 natura
1227 1516 1317 1578 lateor

205 1619 269 1660 esse
281 1599 524 1682 contingentiam,
544 1599 595 1660 sed
615 1597 688 1657 nihil
708 1619 800 1658 coeco
820 1597 957 1658 fortunae
976 1606 1074 1656 rotatu
1094 1593 1225 1655 accidere
1244 1594 1317 1666 dieo,

202 1675 256 1736 ubi
273 1675 445 1736 moderatur
462 1673 521 1734 Dei
541 1674 681 1736 uoluntas.
720 1674 859 1734 Secundo
879 1673 1040 1734 notandum
1060 1683 1114 1747 est,
1136 1670 1317 1748 consideran

203 1751 270 1812 darn
284 1769 347 1812 esse
359 1752 418 1812 Dei
436 1752 661 1832 providentiam,
679 1769 741 1808 non
760 1761 794 1809 ut
813 1750 922 1810 curiosi
941 1759 971 1808 et
982 1749 1048 1808 vani
1066 1748 1199 1809 homiues
1216 1749 1318 1821 solent,

201 1827 253 1889 sed
273 1838 307 1886 ut
326 1827 412 1887 nobis
437 1827 557 1885 materia
579 1827 617 1888 sit
640 1824 779 1900 fiduciae,
810 1845 934 1906 nosque.
952 1825 989 1885 ad
1007 1825 1104 1885 Deum
1128 1822 1316 1886 invocandum
1360 1880 1370 1900 ‚,

201 1901 348 1964 sollicitet
385 1903 490 1980 Neque
509 1902 588 1960 enim
606 1900 674 1961 ideo
695 1901 792 1976 docet,
810 1900 888 1984 pilos
908 1921 1011 1964 omnes
1030 1901 1130 1982 eapitis
1149 1902 1242 1962 nostri
1260 1921 1317 1962 esse

201 1991 381 2052 numeratos,
400 1989 434 2038 ut
453 1975 571 2038 insulas
589 1975 809 2059 speculationes
822 1979 890 2052 alat,
909 1979 961 2052 sed
980 1991 1014 2038 ut
1033 1977 1161 2059 pendere
1181 1979 1316 2040 discamus

202 2077 219 2118 a
236 2066 359 2138 paterna
377 2054 435 2114 Dei
456 2074 541 2135 cura,
561 2075 646 2133 quam
665 2075 727 2134 pro·
741 2054 851 2115 caduca
870 2053 923 2114 hac
943 2075 1031 2114 carne
1050 2056 1135 2136 gerit

154 2151 164 2166 ¹
276 2137 325 2198 31.
367 2129 543 2206 Vospluais
560 2135 635 2190 emis.
676 2131 744 2212 Hoc
768 2121 800 2190 in
825 2150 934 2214 genere
958 2151 1058 2193 verum
1083 2144 1128 2193 ost
1152 2133 1189 2192 de
1211 2131 1315 2192 cunctis

201 2209 386 2280 hominibus,
405 2226 531 2288 quorum
549 2208 642 2290 gratia
662 2207 774 2269 conditi
797 2221 865 2268 suan
883 2208 1055 2287 passerculi:
1079 2209 1200 2290 proprie
1224 2221 1314 2270 tamen
1367 2261 1368 2264 ,

202 2289 240 2350 de
259 2287 347 2372 Filiisx
360 2285 417 2346 Dei
436 2285 561 2346 habetur
579 2305 690 2359 sermo,
718 2286 767 2364 qui
787 2283 844 2346 alio
865 2306 951 2365 quarn
971 2287 1127 2346 creationis
1145 2287 1209 2346 iure
1229 2285 1314 2346 excel-

201 2365 276 2428 lunt
315 2365 474 2426 Caeterum
498 2361 623 2443 dignitas
647 2383 710 2423 nou
734 2361 820 2424 aliter
842 2362 873 2422 iu
899 2362 1032 2424 homines
1055 2364 1210 2444 competit,
1234 2383 1312 2443 quam

201 2443 327 2528 grutuita
345 2441 405 2502 Dei
422 2438 634 2502 aestimatione.
1040 2436 1043 2444 ’
1121 2463 1124 2468 -

243 2678 323 2758 (83)
364 2672 534 2742 ΜΑΤΤΗ.
555 2673 594 2736 X.
616 2672 684 2767 ‘32
706 2670 821 2737 Omnis
845 2693 939 2759 ergo,
967 2676 1022 2760 qui
1043 2673 1252 2740 confitebitur
1262 2693 1314 2740 ¹me

203 2799 311 2842 coram
332 2771 527 2853 hominihus,
548 2770 731 2838 confitebor
751 2784 782 2837 et
803 2772 893 2837 illum
914 2767 1019 2840 coram
1042 2775 1136 2840 Patre
1157 2798 1244 2855 meo,
1264 2779 1314 2862 qui

201 2879 236 2944 iu
258 2873 359 2942 coelis
381 2883 438 2940 est.
477 2873 529 2938 33.
556 2871 710 2962 Quisquis
737 2883 842 2938 autem
867 2880 1033 2960 negaverit
1057 2899 1108 2942 me
1136 2900 1242 2944 coram
1263 2879 1314 2944 ho

200 2977 355 3056 minibus,
380 2973 510 3060 negabo
538 2993 611 3036 eum
636 2982 669 3037 et
696 2971 759 3060 ego'
778 2996 886 3070 coram
907 2977 1002 3050 Patre
1023 2964 1119 3058 meo,
1138 2983 1194 3065 qui
1217 2981 1314 3044 estin

202 3079 311 3146 coelis
352 3079 403 3144 34.
424 3074 477 3140 Ne
500 3073 705 3154 arbitremini,
726 3073 814 3162 q'uod
832 3081 975 3142 venerim
996 3078 1037 3144 ud
1057 3071 1245 3162 mittendum
1264 3103 1315 3168 pa·

138 3207 146 3232 ι
177 3247 180 3254 ,
202 3201 271 3245 cem
293 3183 479 3252 interram:
501 3195 568 3243 non
589 3178 681 3256 veni,
707 3187 743 3241 ut
763 3179 920 3252 mitterem
939 3201 1067 3265 pacem,
1091 3179 1151 3246 sed
1172 3177 1313 3267 gladium.

199 3279 251 3345 35.
271 3279 355 3344 Nam
374 3280 452 3342 veni
472 3286 507 3341 ut
528 3275 685 3344 dissidere
706 3277 821 3344 faciam
842 3278 1004 3347 homiuem
1025 3278 1177 3348 adversus
1198 3294 1312 3370 patrem

200 3403 301 3459 suurn,
322 3387 354 3443 et
371 3374 648 3444 filiam‘adversus
668 3379 919 3458 mutrsm'suam,
941 3390 972 3444 et
995 3367 1144 3468 sponsam
1166 3385 1311 3450 adversus

198 3504 326 3553 socrum
347 3502 444 3545 suam.
485 3481 536 3548 36.
555 3479 737 3552 Etrinimici
757 3467 894 3546 hominis
914 3485 1036 3562 (erunt)
1058 3484 1223 3552 domestici
1243 3488 1313 3552 eius.

282 3611 420 3684 MARC.
443 3615 529 3680 VIII.
567 3615 618 3682 38.
640 3604 876 3703 Quemcunque
908 3619 992 3681 enim
1008 3607 1259 3703 'pudueritsmei
1277 3641 1310 3683 ac

200 3717 346 3788 meorum
363 3738 546 3783 sermonum
566 3719 600 3781 in
611 3719 820 3803 generatione
841 3717 1057 3784 hacadultera
1080 3732 1112 3786 et
1131 3723 1309 3808 peccatrice,
1369 3773 1370 3802 ,

199 3821 338 3908 pudebit
358 3819 445 3884 illius
467 3829 504 3892 et
520 3818 638 3882 Filium
665 3818 819 3896 hominis,
845 3816 903 3884 ubi
926 3823 1111 3886 venerit-in
1139 3813 1239 3909 gloria
1258 3823 1309 3886 Pa·
1369 3881 1370 3898 ,

97 3939 99 3946 ’
199 3925 257 3992 tris
277 3924 328 3988 sui
347 3927 419 3986 oum
441 3917 562 4005 angelis
582 3921 707 4004 sanctis.
751 4005 757 4018 ἡ
989 3951 993 3958 ’
1075 3944 1078 3954 ’
1208 3935 1210 3942 ’
1250 3927 1253 3934 “

282 4053 386 4122 LUC.
409 4055 463 4120 IX.
502 4054 552 4117 26.
578 4047 660 4119 Nam
689 4073 784 4138 quern
809 4054 872 4119 mei
898 4075 1107 4142 meorumque
1137 4025 1306 4122 sermonum

198 4153 365 4252 puduerit,
383 4153 480 4220 huius
501 4163 533 4219 et
552 4150 670 4219 Filium
691 4152 835 4234 hominis,
850 4151 1000 4239 pudebit,
1021 4178 1117 4242 quum
1138 4161 1260 4224 venerit
1276 4158 1306 4218 in

22 4321 23 4330 ,
125 4343 127 4350 γ
177 4249 303 4334 ‘gloria
322 4275 380 4316 sua
403 4266 436 4320 et
450 4258 559 4322 Patris
581 4264 612 4338 et
639 4262 819 4319 sanderum
847 4256 1041 4340 angelorum.
1088 4258 1155 4322 XII·
1180 4259 1210 4323 8.
1230 4257 1307 4322 Dico

201 4356 307 4413 sutem
325 4349 434 4430 vobis,
463 4358 572 4430 omnis
589 4355 642 4450 qui
654 4353 658 4364 '
671 4374 722 4420 me
744 4353 912 4428 contessus
939 4357 1036 4430 tuerit
1055 4377 1162 4430 curum
1182 4357 1307 4437 tumim
1369 4401 1370 4412 2

785 4521 790 4552 ι
