2808 4748
211 287 271 355 us
368 301 371 310 ·
446 277 449 284 ’
664 285 817 353 succro
837 287 890 349 vr.
1269 249 1275 253 ’

1383 401 1384 450 l

210 457 280 503 non
304 431 491 502 remis'e‘ritia
517 431 702 504 hominibus
723 443 857 525 peccata
883 457 951 516 sua,
977 453 1086 524 nequo
1107 405 1340 502 Pater⁴vester

210 538 351 604 remittet
370 545 505 626 peccata
526 546 641 602 vestra
1277 556 1282 563 ¹

293 668 432 738 Mane.
452 670 506 736 Xl.
528 671 598 736 ·25.
619 659 662 750 Et
683 692 780 759 quum
799 668 951 736 steteritis
972 665 1126 750 orantes,
1135 671 1289 736 remittite
1310 671 1337 734 si
1383 671 1384 718 t

170 769 176 776 ’
209 771 290 862 quid
316 771 441 838 hahetis
467 769 621 840 adversus
646 769 802 860 aliquem,
823 779 859 838 ut
886 779 919 836 et
945 769 1043 836 Pater
1067 781 1187 849 vester,
1214 773 1272 857 qui
1299 765 1335 837 in
1383 787 1384 798 ¹

209 872 313 940 coelis
338 883 401 952 est,
428 874 569 938 remittat
588 869 683 940 vobis
712 870 830 938 delicta
857 880 973 938 vestra·
1036 871 1087 936 26.
1118 870 1247 958 Quodsi
1273 892 1335 936 vos

206 995 276 1041 non
295 975 496 1052 remiseritis,
516 994 580 1039 nec
598 973 695 1040 Pater
714 983 838 1054 vester,
858 975 915 1062 qui
934 974 969 1041 iu
989 970 1099 1062 coelis
1114 983 1170 1054 est,
1192 974 1334 1038 remittet

206 1075 302 1146 robis
322 1086 458 1166 peccata
475 1085 594 1166 restra.

177 1289 181 1306 ,
281 1224 340 1296 itte
358 1245 473 1296 uotum
485 1231 605 1313 exponit
617 1229 761 1310 Christus,
780 1253 919 1313 quorsum
929 1231 1062 1314 apposita
1081 1220 1171 1292 fuisit
1188 1229 1237 1294 illa
1256 1249 1329 1291 con-

206 1309 296 1385 ditio,
320 1311 449 1372 Remitte
468 1311 553 1371 nobis
574 1309 651 1371 sicut
668 1331 723 1371 nos
743 1311 929 1372 remittimus:
955 1330 1022 1372 nem
1045 1305 1176 1368 eDenm
1196 1329 1257 1368 non
1278 1307 1328 1368 ali·
1383 1315 1384 1324 ¹

204 1400 253 1449 ter
271 1387 337 1450 sore
357 1387 443 1449 nohis
464 1386 660 1463 exorabilem,
689 1387 746 1448 nisi
769 1408 824 1448 nos
849 1387 935 1450 etiam
958 1330 1148 1468 praebeamus
1172 1384 1272 1446 faciles
1292 1383 1327 1443 ad

205 1465 329 1528 dandam
348 1465 477 1540 reniam,
502 1465 527 1526 si
551 1464 602 1544 qui
626 1484 681 1525 nos
706 1463 854 1525 laeserint.
903 1465 943 1524 Et
971 1475 1053 1524 certe
1076 1461 1131 1524 nisi
1154 1461 1217 1543 plns
1262 1482 1326 1520 uam

202 1541 295 1604 ferrei
313 1563 422 1616 sumus,
450 1541 568 1601 mollire
599 1562 654 1601 nos
679 1541 769 1602 dehet
797 1540 869 1602 haec
899 1541 1079 1616 exhortatio,
1110 1549 1143 1598 ut
1173 1483 1325 1618 placabiles

203 1620 293 1692 simus
317 1614 353 1678 ad
378 1617 568 1679 remittendas
588 1617 726 1680 offensas.
768 1615 832 1678 Nisi
853 1618 985 1697 quotidie
1004 1617 1083 1680 varia
1101 1627 1220 1696 peccata
1239 1613 1324 1698 nobis

203 1694 357 1758 condonet
374 1692 475 1769 Deus,
493 1696 615 1769 scimus,
634 1716 689 1759 nos
708 1695 869 1756 innumeris
888 1694 982 1756 modis
1002 1693 1137 1774 periisset«
1158 1705 1246 1771 atque
1265 1711 1325 1750 non

104 1828 108 1836 ,
156 1812 161 1828 x
200 1770 259 1836 alia
278 1768 360 1854 Lege
379 1771 549 1832 adveniam
569 1792 623 1832 nos
641 1771 779 1846 admittit,
799 1770 855 1840 nisi
874 1771 1013 1832 fratribus
1032 1769 1225 1852 ignoscimus,
1244 1767 1325 1846 quic-

202 1847 275 1930 quid
293 1849 324 1908 in
343 1867 399 1908 nos
417 1849 576 1930 peccarint
617 1846 658 1906 Se
676 1847 767 1929 igitur
785 1847 864 1908 ultro
885 1848 967 1928 quasi
987 1846 1101 1909 devotis
1119 1846 1218 1907 animis
1237 1844 1323 1904 exitio
1383 1903 1384 1906 ,

201 1925 354 1998 addicunt,
375 1935 407 1988 et
424 1923 490 1988 data
509 1944 600 2002 opera
614 1924 712 1985 Deum
731 1923 789 1984 sibi
807 1923 937 1986 reddunt
953 1921 1176 2004 implacabilem,
1194 1922 1246 2005 qui
1262 1920 1323 1984 illa·
1383 1979 1384 1982 ,

158 2002 164 2012 “
201 2013 247 2066 tas
265 2002 323 2067 sibi
341 1999 461 2066 iniurias
481 2000 614 2082 oblivisci
632 1999 748 2064 nolunt
1045 2035 1047 2044 ι
1098 2035 1101 2040 ·

241 2261 325 2343 (bb.)
364 2261 536 2328 ΜΑΤΤΗ.
562 2261 620 2330 VI,
671 2259 720 2327 16.
747 2259 851 2328 Porro
887 2226 996 2348 quum¹
1015 2221 1250 2336 ieiunaveritis,
1277 2275 1318 2322 ne
1383 2307 1384 2338 ,

197 2360 1317 2459 ffifflmmmmmmmffi

198 2485 266 2552 quo
285 2468 493 2552 perspicuum
520 2468 561 2532 sit
587 2463 788 2544 hominihus,
813 2467 903 2549 ipsos
931 2463 1100 2527 ieiunare..
1126 2461 1230 2526 Amen
1249 2459 1317 2525 dico

130 2561 136 2568 “
196 2564 302 2644 vohis,
320 2564 443 2632 babent
460 2567 647 2646 mercedem
669 2589 766 2632 suam.
815 2564 866 2630 17.
892 2564 946 2629 Tu
965 2581 1045 2627 vero
1067 2582 1164 2647 quum
1192 2563 1318 2637 ieiunas,
1383 2555 1384 2632 l

197 2687 284 2751 unge
306 2677 403 2752 caput
424 2675 527 2747 tuum,
550 2679 582 2734 et
603 2667 717 2732 iaciem
735 2677 821 2732 tuam
846 2663 932 2743 lava,
974 2662 1023 2728 18.
1044 2661 1095 2727 Ne
1117 2664 1319 2748 conspicuum

183 2768 247 2844 sit,
268 2763 453 2830 bominibus
473 2775 507 2832 te
528 2769 684 2846 ieiunare,
705 2765 764 2832 sed
784 2764 873 2850 Patri
893 2774 960 2840 tuo,
975 2765 1035 2851 qui
1057 2765 1159 2828 estin
1180 2761 1319 2828 occulto:
1383 2819 1384 2850 ,

198 2873 232 2930 et
252 2873 346 2951 pater
364 2875 455 2955 tuus,
474 2869 532 2956 qui
551 2853 642 2932 videt
661 2869 697 2932 in
719 2864 846 2942 abdito,
865 2863 984 2930 reddet
1003 2861 1117 2930 tibi-in
1138 2861 1320 2952 propatulo.

175 3047 218 3104 ἴ,
271 3035 383 3099 Iterum
408 3039 486 3103 redit
503 3038 541 3101 ad
565 3037 748 3120 superiorem
772 3037 950 3099 doctrinam:
982 3036 1082 3113 Quum
1113 3037 1191 3099 enim
1220 3059 1321 3099 vanam
1383 3031 1384 3108 f

195 3113 427 3176 ostentationem
446 3118 477 3177 in
503 3116 698 3198 eleemosynis
718 3126 748 3177 et
770 3114 906 3196 precibus
932 3113 1150 3198 reprehendere
1168 3117 1322 3195 coepisset,
1383 3123 1384 3144 ¹

193 3189 354 3272 legitimam
374 3193 480 3253 orandi
497 3193 628 3276 regulam
647 3193 833 3273 interposuit.
876 3191 1020 3251 Nuncde
1039 3191 1148 3252 ieiunih
1167 3191 1244 3250 idem
1264 3193 1321 3252 suis

192 3266 353 3348 praecipit,
373 3269 453 3360 quod
473 3273 554 3350 prius
574 3268 611 3330 de
630 3269 766 3351 precibus
787 3280 818 3329 et
835 3267 1041 3350 eleemosynis:
1068 3289 1106 3330 ne
1125 3267 1235 3340 scilicet
1253 3280 1322 3329 tan-

151 3355 163 3378 ‘
192 3353 300 3421 topere
319 3353 429 3410 serv'rre
448 3347 735 3423 theatro'studeant,
760 3367 846 3427 quam
865 3345 962 3405 Deum
983 3344 1090 3415 habere
1110 3365 1232 3425 operum
1251 3366 1322 3405 suo-

191 3439 259 3479 rum
278 3428 394 3479 testem.
443 3421 541 3483 Porro
561 3423 642 3502 quod
667 3435 754 3504 ceput
782 3443 894 3504 ungere
919 3433 949 3481 et
979 3421 1084 3484 taciem
1106 3422 1202 3484 lavare
1226 3421 1320 3498 iubet,

192 3493 419 3580 hyperbolicum
439 3509 496 3557 est:
516 3517 614 3578 neque
634 3500 713 3561 enim
729 3499 861 3562 Christus
881 3497 917 3569 ab
938 3519 996 3558 una
1015 3498 1112 3579 specie
1131 3498 1320 3580 hypocriseos
1383 3539 1384 3554 ι

191 3571 235 3663 ita
253 3592 310 3663 nos
329 3573 470 3658 retrahit,
493 3586 527 3634 nt
545 3576 576 3636 in
597 3576 716 3639 alteram
735 3576 864 3637 inducat.
901 3575 971 3635 Non
991 3595 1063 3658 ergo
1083 3576 1218 3636 simulare
1236 3575 1320 3634 lauti-

191 3659 248 3708 tias
268 3647 368 3724 rubet,
388 3669 486 3730 neque
504 3652 550 3714 ita'
563 3675 618 3715 nos
637 3655 773 3717 hortator
790 3652 827 3713 ad
846 3655 937 3713 victus
956 3651 1198 3732 temperantiam,
1218 3663 1251 3711 nt
1269 3651 1319 3710 de-

191 3724 273 3786 licias
292 3725 322 3784 in
342 3727 501 3808 unguentis
520 3741 552 3792 et
568 3732 676 3792 vestitu
695 3728 862 3824 indulgeat,
887 3729 937 3790 sed
958 3729 1128 3809 simpliciter
1146 3749 1201 3788 nos
1219 3727 1318 3788 horta-
1383 3779 1384 3808 ,

191 3810 242 3860 tnr
267 3801 304 3862 ad
329 3803 487 3864 tenendam
511 3807 771 3880 moderationem,
788 3828 820 3866 ιιι
840 3827 897 3886 qua
921 3803 994 3864 nihil
1018 3805 1056 3866 sit
1074 3805 1121 3866 vel
1145 3825 1255 3866 norum
1272 3803 1316 3864 vel

147 3911 149 3934 t
192 3877 378 3967 affectatum:
398 3879 455 3940 acsi
476 3880 597 3959 diceret,
616 3884 656 3945 ita
674 3883 791 3944 ieiuniis
804 3881 963 3944 vacandum
983 3891 1056 3956 esse,
1075 3893 1109 3942 ut
1128 3882 1158 3940 in
1178 3882 1318 3942 consueta

190 3964 267 4014 ntae
286 3957 408 4020 ratione
423 3956 496 4018 nihil
515 3971 668 4022 mutemus.
709 3960 801 4035 Quod
820 3958 933 4018 ieiuniis
951 3957 1108 4020 smerdem
1126 3979 1142 4017 a
1160 3958 1230 4018 Deo
1248 3978 1318 4038 pro·
1383 3987 1384 3990 ¹

190 4029 292 4104 mittit,
312 4031 474 4114 impropria
495 4047 539 4096 est
558 4035 809 4116 loquutio‚‘'sicuti
827 4033 915 4116 paulo
928 4034 1043 4094 antede
1061 4034 1198 4126 precibus
1212 4034 1317 4094 dietum
1383 4047 1384 4050 ’

192 4114 247 4192 est,
266 4128 431 4190 quanquam
451 4111 695 4193 interpreceset
712 4113 822 4177 ieiunia
840 4131 977 4194 magnum
989 4123 1033 4172 est
1046 4111 1209 4172 discrimen.
1247 4109 1318 4170 illae
1383 4121 1384 4186 t

192 4193 271 4236 emm
295 4183 375 4245 iuter
404 4188 519 4278 pietatis
551 4189 650 4251 officia
665 4189 828 4270 'primatum
858 4199 976 4268 tenent,
1004 4187 1144 4249 ieiunium
1169 4208 1240 4248 vero
1265 4206 1318 4267 per
1383 4195 1384 4244 l

192 4267 319 4344 ⁸⁰,0pps
336 4264 467 4338 medium
487 4277 547 4340 est,
570 4286 633 4327 non
653 4278 752 4326 autem
772 4285 927 4326 excomm
969 4265 1057 4326 e'nerc
1076 4283 1150 4344 quae
1169 4261 1251 4324 Dens
1269 4283 1318 4322 re-

193 4337 479 4417 ‘1⁰¹r1tetpr0hat‚
510 4355 545 4410 ut
567 4355 635 4403 sunt
661 4342 872 4430 eleemosynae.
921 4283 1023 4402 Placet
1052 4353 1148 4400 autern
1173 4339 1318 4413 duntaxat,

194 4411 336 4480 quatenos
356 4415 486 4483 retertur
502 4420 536 4486 in
555 4418 643 4486 adum
661 4417 764 4504 finem:
790 4435 896 4504 nempe
920 4429 954 4483 ut
977 4437 1033 4482 uos
1052 4417 1089 4480 ad
1112 4413 1317 4481 abstinean
