2808 4748
1163 150 1179 182 Χ

201 187 205 196 ’
303 245 306 255 .
339 189 363 208 ⁵
431 209 582 280 (28-29.
599 205 726 270 loannes
745 195 940 293 praedicans.)
985 223 1000 260 ¹·
1081 214 1113 282 ’,
1154 281 1156 288 ⁴
1198 214 1254 280 tot

122 353 224 440 ipsius
252 361 286 418 et
312 350 462 440 purgabit
490 375 607 452 aream⁸
627 338 732 432 eriam,
759 364 792 420 et
819 351 1032 446 hungregabit·
1051 333 1191 459 triticum
1217 360 1253 424 in

121 455 277 521 horreum
297 475 407 518 suum:
436 452 548 538 paleas
577 463 682 518 autem
704 452 872 522 comburet
897 459 964 544 igni
990 457 1251 548 inexstinguibili.

21 633 24 638 Ι
122 555 173 621 18.
194 553 301 646 Multa
323 553 453 642 quidem
475 565 508 620 et
525 553 594 620 alia
620 553 790 633 exhortans
813 557 1056 643 evangelizabat
1075 561 1211 652 populo.

181 719 318 794 'Eadem
329 719 478 800 Baptistae
496 719 586 784 verba
604 713 740 780 referunt
757 719 972 802 Evangelistae.
1015 709 1088 786 Ἠοο
1107 745 1168 786 uno
1187 713 1249 786 Luss

122 815 170 856 cas
188 795 310 872 uberior
329 809 388 873 est,
415 795 494 876 qu'od
514 795 594 877 prius
613 797 768 871 admonet,
784 819 849 878 ..qua
868 800 1024 862 occasione
1044 799 1140 862 habite
1159 801 1250 874 fuerit

82 904 84 908 ·
122 873 197 942 haec
224 873 344 934 concio:
376 891 483 954 nempe
508 876 574 953 quia
600 872 764 954 periculum
789 885 868 946 erat,
899 895 939 936 ne
965 876 1078 937 Christi
1104 877 1249 938 honorem

111 947 193 1010 -falsa
212 949 355 1030 opinione
372 950 408 1010 ad
435 969 502 1026 eum
521 949 605 1030 plebs
628 949 810 1010 transferret.
852 951 935 1034 Ergo
962 965 995 1012 ut
1019 972 1118 1026 ansam
1142 945 1249 1016 errorii

118 1037 234 1095 mature
273 1027 409 1100 raecidat,
428 1025 535 1086 diserte
554 1037 686 1101 testatur,
705 1046 737 1087 se
756 1047 821 1089 non
840 1047 902 1090 esse
923 1027 1071 1090 Christum
1101 1031 1190 1108 'atque
1208 1029 1249 1092 ita

117 1121 151 1162 se
171 1103 207 1162 ab
227 1047 279 1164 ilii)
291 1103 442 1175 discernit,
460 1113 494 1161 ut
512 1102 557 1164 ius
576 1101 625 1161 illi
637 1125 720 1163 suum
732 1115 849 1190 asserat.
887 1101 928 1166 Et
940 1105 999 1168 hoc
1011 1071 1249 1188 quidemsponte

117 1179 247 1240 facturus
268 1192 347 1255 erat,
372 1191 406 1238 ut
425 1177 584 1258 discipulos
605 1178 724 1240 Christo
745 1180 781 1240 de
800 1202 889 1241 mann
908 1183 1002 1262 (quod
1020 1183 1116 1262 aiunt)
1135 1179 1166 1242 in
1186 1203 1247 1243 ma·

117 1277 189 1316 num
208 1256 354 1316 traderet:
373 1256 425 1316 sed
444 1255 586 1316 maturius
605 1256 760 1334 anticipat,
780 1277 818 1318 ne
839 1257 947 1320 diutius
965 1260 1092 1320 tacendo
1114 1278 1246 1319 errorem

116 1331 212 1413 plebis
232 1331 398 1394 confirmet.
448 1330 551 1406 Quum
572 1330 825 1394 dicit'fortiorern
842 1335 957 1412 venire,
987 1337 1133 1419 significat
1155 1335 1246 1416 louge

87 1432 90 1442 ·
114 1409 173 1472 alia
191 1408 327 1490 potentia
339 1420 369 1468 et
381 1409 523 1490 dignitate
541 1407 718 1488 praeditum,
737 1408 818 1470 cuius
832 1421 968 1490 respectu
983 1413 1048 1493 ipse
1066 1414 1098 1472 in
1110 1410 1246 1473 ordinem

115 1509 152 1548 co
176 1487 270 1547 endiis
289 1485 335 1546 sit.
373 1486 397 1544 F
401 1485 521 1546 ormulis
546 1489 644 1548 autem
662 1484 831 1566 vulgaribus
850 1493 957 1565 utitur,
976 1490 1080 1570 quihus
1099 1488 1174 1550 adeo
1196 1507 1245 1546 ex-

113 1506 197 1626 tolita
217 1561 329 1624 Christi
349 1561 489 1646 gloriam,
520 1573 554 1623 ut
578 1582 648 1642 prae
672 1562 728 1650 itio,
745 1559 778 1622 se'
802 1562 878 1622 nihil
903 1584 965 1625 esse
989 1567 1137 1647 exprimat.
1155 1602 1159 1620 .
1174 1565 1244 1626 Hoc

113 1654 215 1703 tamen
238 1639 430 1720 praecipuum
454 1650 516 1712 est,
546 1639 626 1718 quod
646 1639 796 1700 Christum
828 1639 898 1700 facit
917 1641 1059 1723 Baptismi
1087 1641 1243 1723 spiritualis

113 1729 284 1791 auctorem,
312 1735 346 1775 se
364 1735 435 1778 vero
466 1719 578 1776 externi
602 1713 745 1776 duntaxat
772 1714 946 1778 ministrum.
987 1719 1121 1782 ‘Videtur
1142 1731 1242 1782 autem

113 1792 372 1871 esse'occupatio,
391 1793 417 1853 si
436 1793 500 1872 quis
520 1793 599 1860 sorte
618 1791 781 1870 obiiceret,
808 1813 948 1874 quorsum
971 1807 1118 1878 spectaret
1141 1794 1242 1877 bapti-

113 1893 209 1945 smus,
236 1889 324 1948 quem
339 1867 398 1948 ,sibi
416 1891 479 1930 sum
501 1881 594 1944 serat:
626 1890 726 1951 neque
751 1870 833 1931 enim
851 1891 897 1932 res
915 1870 986 1936 levis
1004 1875 1148 1934 momenti
1168 1883 1242 1946 erat,

113 1949 273 2028 quicquam
292 1946 325 2005 in
342 1891 547 2008 Ecclesiabei
566 1937 686 2023 no'vare,
704 1949 875 2028 praesertim
887 1969 959 2010 vero
978 1965 1088 2013 novum
1106 1948 1242 2029 profiteri

106 2021 287 2089 initiationis
303 2041 407 2106 genus,
425 2022 506 2103 quod
525 2024 685 2104 perfectius
705 2025 877 2108 essetLege
888 2025 961 2100 Dei:
980 2027 1050 2090 ideo
1070 2025 1242 2107 respondet,

111 2121 144 2164 se
162 2101 281 2180 quidem
305 2099 378 2159 nihil
398 2112 512 2171 temere
536 2119 722 2191 aggressum,
751 2101 831 2180 quod
855 2113 955 2164 tamen
980 2105 1092 2168 externi
1113 2101 1241 2186 symboli

111 2179 246 2240 minister
264 2187 324 2250 est,
347 2175 378 2236 id
399 2176 436 2236 de
456 2175 566 2237 chrisa
584 2178 693 2236 virtute
712 2189 743 2236 ct
762 2176 861 2258 gloria,-
878 2177 952 2238 nihil
969 2182 1111 2242 minuere.
1149 2171 1241 2240 Unde
1314 2222 1318 2230 ·

111 2254 293 2336 colligimus,
313 2252 376 2312 eius
394 2252 550 2313 consilium
569 2251 690 2312 minime
710 2251 815 2326 fuisse,
838 2253 874 2316 ba
897 2255 1012 2316 rismum
1031 2279 1116 2318 suum
1136 2256 1240 2318 distin-

110 2350 204 2414 guere
224 2327 261 2388 ab
282 2347 336 2404 eo,
361 2338 448 2406 quem
468 2327 603 2388 Christus
629 2325 776 2406 discipulis
795 2275 956 2405 manrihvit,
982 2342 1012 2391 et
1031 2333 1112 2393 cuius
1130 2345 1253 2412 perpe-'
1290 2341 1293 2355 ‘

109 2421 195 2468 tuum
209 2425 300 2464 usum
318 2403 413 2466 voluit
430 2404 462 2462 in
479 2402 610 2466 Ecclesia
628 2403 742 2494 vigere:
774 2424 871 2483 neque
891 2405 969 2465 enim
988 2408 1105 2488 signum
1123 2405 1239 2468 visibile
1290 2433 1297 2450 κ

108 2481 197 2546 alteri
213 2483 300 2560 signo
319 2481 461 2560 opponit,
480 2479 533 2538 sed
553 2478 665 2546 domim
684 2491 715 2540 et
732 2480 808 2542 servi
827 2498 967 2558 personas
987 2485 1066 2542 inter
1084 2487 1115 2542 se
1134 2481 1239 2543 conse:

109 2579 195 2635 rens,
226 2556 316 2619 docet
340 2554 410 2634 quid
435 2553 587 2636 proprium
612 2555 752 2631 domino,
782 2567 812 2615 et
835 2556 904 2636 quid
927 2577 1012 2620 servo
1038 2557 1238 2630 tribuendum.
1290 2559 1294 2574 ¹

1 2666 2 2678 ¹
108 2639 216 2715 Neque
236 2655 291 2694 nos
310 2633 466 2724 impedient,
491 2631 571 2712 quod
596 2632 711 2714 pridem
731 2633 833 2714 opinio
856 2633 906 2716 illa
925 2646 957 2728 et
980 2635 1086 2715 passim
1105 2627 1238 2712 involuit,
1318 2685 1320 2692 ,

1 2759 2 2765 .
107 2711 427 2848 Ioannis'baptrsmum
446 2732 462 2772 a
482 2719 585 2770 nostro
607 2709 750 2788 differre,
767 2710 819 2788 sed
839 2729 874 2771 ex
892 2732 925 2773 re
944 2733 1007 2792 rpsa
1030 2711 1128 2792 potius
1149 2733 1237 2791 quam

108 2808 266 2850 exerrare
306 2787 437 2848 ominum
454 2787 713 2848 iudiciumfacere
733 2787 893 2852 discamust
919 2789 960 2849 Et
977 2809 1046 2850 sane
1065 2787 1130 2870 plus
1150 2807 1237 2868 quam

1 2882 2 2887 ’
107 2866 234 2928 absurda
253 2876 328 2926 esset
346 2864 530 3002 comparatio
549 2885 635 2955 qnam
655 2863 785 2946 fingunt:
805 2885 871 2924 nam
889 2866 962 2927 inde
970 2879 1153 2946 sequeretur,
1166 2866 1235 2946 spi-
1288 2938 1291 2944 .

1 2959 2 2970 ¹
106 2943 197 3006 ritum
215 2954 348 3004 sanctum
361 2941 405 3002 bo
429 2941 455 3000 ie
475 2963 492 3002 a
510 2941 654 3004 ministris*
669 2942 741 3005 dari.
778 2941 906 3004 Rursum
925 2954 1115 3023 sequeretur,
1138 2943 1235 3024 bapti-

105 3041 202 3082 smum
226 3019 345 3080 Ioannis
371 3030 521 3091 mortuum
544 3018 662 3100 signum
686 3031 717 3079 et
737 3017 819 3080 omni
838 3017 967 3081 efficacia
989 3041 1114 3085 vacuum
1136 3019 1234 3082 fuisse.
1275 3047 1278 3052 ·

106 3097 213 3157 Tertio
233 3106 417 3175 sequeretur,
436 3107 499 3156 non
520 3115 582 3156 esse
601 3095 688 3156 nobis
709 3115 895 3157 communem
914 3118 981 3157 cum
998 3095 1118 3158 Christo
1135 3095 1244 3176 bapti·
1321 3105 1323 3110 '

106 3194 215 3234 smum:
257 3194 325 3238 uum
344 3171 412 3232 satis
432 3182 559 3246 constet,
582 3170 637 3232 bac
654 3177 764 3234 tessera
782 3172 925 3233 sancitam¹
943 3172 1031 3234 fuisse
1049 3175 1234 3250 societatem,

105 3271 194 3331 quam
212 3248 250 3310 ha
274 3268 324 3311 ere
342 3247 496 3308 nobiscum
516 3248 668 3328 dignatur,
693 3249 761 3310 dum
786 3249 818 3312 in
838 3269 966 3330 corpore
984 3270 1038 3310 suo
1057 3248 1234 3331 baptismum

105 3326 297 3387 consecravit
345 3325 523 3386 Tenendum
548 3345 621 3406 ergo
647 3325 789 3406 estquod
814 3326 895 3406 prius
921 3327 993 3401 dixi,
1016 3327 1160 3398 Ioannem
1184 3326 1242 3400 hicv

63 3431 74 3441 ·
103 3403 277 3483 simpliciter
296 3423 313 3462 a
332 3420 364 3462 se
384 3411 418 3474 et
433 3401 553 3538 reliquis
580 3402 716 3464 omnibus
739 3403 878 3468 ministris
901 3401 1038 3483 baptismi
1063 3403 1232 3466 discernere

105 3479 218 3545 Christi
238 3497 409 3560 personam,
436 3489 470 3540 ut
509 3477 624 3542 ominus
646 3499 735 3558 supra
752 3496 852 3540 servos
872 3481 1007 3540 emineat
1043 3479 1144 3560 Atque
1162 3480 1233 3540 bine

103 3557 221 3618 elicitur
246 3554 392 3638 generalis
416 3554 565 3627 doctrina,
596 3575 737 3633 quaenam
761 3555 875 3616 sintin
904 3555 1047 3636 baptismo
1077 3552 1231 3618 hominum

102 3645 217 3716 partes,
238 3644 268 3693 ct
287 3630 357 3712 quid
371 3633 529 3724 ‘proprium
550 3629 655 3691 habeat
672 3632 696 3690 F
698 3631 848 3696 ilius‘Dei.
886 3632 963 3694 Nam
980 3632 1149 3702 hominibus
1166 3629 1232 3694 sola

103 3711 217 3771 externi
236 3721 268 3770 et
284 3708 404 3770 visibilis
422 3709 498 3791 signi
522 3705 733 3770 administratio
753 3709 906 3788 commissa
926 3720 983 3770 est:
1007 3710 1116 3772 veritas
1131 3717 1230 3771 autem

101 3789 165 3868 ipsa
187 3778 279 3868 penes
303 3785 455 3848 Christum
477 3805 569 3844 unum
593 3785 711 3848 residet.
759 3785 912 3866 Scriptura
936 3785 1055 3866 quidem
1080 3781 1229 3845 interdum

54 3915 57 3922 .
100 3864 271 3937 bominibus
289 3862 385 3943 impro
409 3863 452 3923 rie
471 3862 608 3942 assignat,
628 3862 711 3940 quod
729 3861 776 3922 hic
794 3863 847 3922 uni
862 3861 982 3928 Christo
1001 3858 1228 3923 vindicatIoan-

100 3961 167 4015 nes,
186 3953 217 4000 et
236 3951 325 4022 negat
343 3939 374 3998 in
387 3884 528 4000 homines
548 3949 728 4017 competere,
746 3939 802 4002 sed
817 3951 888 4001 tunc
907 3960 970 4001 non
990 3935 1140 4017 expendit,
1157 3933 1229 4016 quid

100 4027 158 4098 pet·
176 4037 207 4078 se
228 4028 259 4076 et
276 4035 407 4077 seorsum
428 4013 663 4088 haberehunc,
690 4013 745 4076 sed
767 4016 940 4096 simpliciter
963 4014 1067 4090 docet,
1096 4011 1230 4093 quaesit
1279 4085 1282 4092 ι

101 4094 144 4157 vis
169 4105 200 4154 et
222 4091 330 4155 utilitas
353 4094 521 4175 signorum,
552 4103 583 4152 et
608 4089 759 4184 quomodo
784 4091 865 4154 Deus
885 4092 998 4183 Spiritu
1023 4110 1077 4151 suo
1101 4108 1157 4182 per
1178 4085 1229 4150 illa

101 4177 253 4249 operetur.
290 4167 429 4231 Hicvero
448 4168 573 4229 traditur
590 4167 740 4231 distinctio
760 4169 840 4230 inter
850 4167 1001 4229 Christum
1021 4178 1051 4227 et
1068 4165 1228 4241 ministros,

100 4267 152 4323 ne,
171 4246 253 4328 quod
270 4245 314 4306 illi
334 4247 385 4311 uni
403 4245 510 4307 merito
531 4244 666 4319 debetur,
684 4263 839 4326 perperam
859 4243 895 4306 ad
913 4243 969 4304 hos
986 4235 1113 4310 mundus
1130 4253 1228 4307 trans·

99 4323 192 4388 serata
217 4321 474 4404 quemadmodum
487 4321 560 4388 nihil
584 4323 676 4406 magis
700 4321 831 4412 procliue
855 4329 915 4416 cst,
934 4339 1031 4400 -quam
1050 4317 1108 4400 Dei
1125 4317 1226 4404 spoliis
