2786 4742
388 183 448 259 (95.
469 177 559 240 Dirae
578 177 717 268 iu'urbes
738 177 911 258 Galilaeae.)
976 163 978 166 Ι
1146 183 1224 274 att·
1281 239 1284 246 .

84 321 205 409 impune
222 343 380 386 eessmanra
401 320 467 382 ideo
488 342 547 401 quo
561 321 683 401 quisque
701 321 792 402 magis
811 321 989 400 excelluerit,
1005 322 1208 397 ‘atrociusesse

84 401 264 486 puniendum
312 400 336 460 si
356 397 439 477 dotes
462 397 520 459 sibi
540 398 675 460 divinitus
695 397 815 478 collatas
838 394 958 494 indigne
983 399 1140 482 polluerit,
1173 422 1207 462 ac

107 478 254 539 raesertim
273 443 447 537 horribilem
467 473 625 535 vindictam
644 473 733 534 nobis
749 473 872 549 instare,
891 478 1031 537 sr‘orhati
1049 476 1208 558 spirituali-

24 609 35 622 ..
85 503 139 616 bre
164 554 275 616 Christi
304 551 389 619 donis
420 549 546 614 ludibrio
577 551 716 611 babemus
745 551 838 628 ipsum
865 569 931 611 cum
955 573 1009 631 suo
1034 553 1207 636 Evangelio.

21 673 22 678 κ
86 627 307 696 SiirsSodon‘ais
317 643 368 689 etc.
395 627 491 709 Supra
509 627 723 701 admonuimus,
743 627 892 689 Christum
913 628 1039 688 humano
1057 647 1141 691 more
1161 631 1208 692 lo-

87 709 153 790 qui,
171 729 233 768 non
253 718 349 767 autem
371 727 403 764 ex
424 703 550 786 coelesti
563 704 650 784 adyto
670 703 820 784 proferre,
846 703 915 783 quid
934 704 1113 784 praeviderit
1128 708 1209 768 sutu-

21 851 22 854 Ἴ
86 807 167 858 rum,
198 784 223 844 si
242 783 401 844 Sodomitis
416 781 600 860 Prophetam
619 777 743 859 aliquem
763 779 894 839 misisset.
934 781 1050 854 Quodsi
1069 781 1210 845 haecto-

82 861 161 921 .lutio
181 858 372 923 contentiosis
391 879 452 918 non
472 857 593 931 suffieit,
622 878 720 918 ansam
736 869 838 917 tamen
853 855 921 926 hoc
939 877 1030 916 unum
1049 857 1106 918 illis
1125 881 1210 938 prae·
1303 857 1306 862 ’

88 939 172 1012 cidit,
201 937 331 1016 quamvis
354 935 388 996 ad
414 934 570 995 servandos
590 933 759 1004 Sodomitas
783 933 949 994 'remedium
976 945 1053 994 esset
1070 935 1103 994 in
1122 953 1210 1001 mauu
1291 951 1295 956 ’

86 1012 155 1090 Dei,
174 1013 281 1078 iustum
299 1023 397 1072 tamen
420 1010 507 1070 fuisse
526 1010 652 1088 ultorem
673 1010 779 1070 inillis
799 1010 965 1090 perdendis.
1003 1068 1006 1072 ,
1049 1029 1051 1041 '

149 1089 233 1150 'Luc
254 1093 300 1154 16.
342 1087 467 1170 Quium
484 1083 589 1145 audin
614 1086 777 1160 Falluntur,
797 1087 847 1166 qui
866 1085 924 1146 hoe
943 1085 1012 1147 loco
1024 1086 1103 1147 idem
1111 1089 1212 1167 repeti

21 1211 22 1242 3
42 1181 66 1196 ‘'
88 1177 203 1246 putant,
243 1165 302 1224 uod
324 1163 545 1242 decimo-capite
557 1163 697 1224 Matthaei
716 1162 880 1238 habuimus,
900 1166 951 1241 qui
968 1185 1018 1222 vos
1035 1167 1148 1238 recipit,
1167 1187 1212 1223 ma

87 1245 198 1316 resipit.
265 1262 310 1316 am
341 1239 402 1299 illic
433 1239 469 1298 de
489 1238 622 1318 personis
643 1239 775 1300 Christus
795 1237 918 1321 agebat,
950 1261 1029 1300 nune
1052 1251 1149 1299 autem
1176 1239 1212 1300 de

89 1319 239 1380 doctrina:
267 1316 317 1377 illa
348 1315 478 1395 receptio
508 1315 544 1374 ad
566 1314 668 1390 ‘ollicia
694 1316 817 1376 caritatis
841 1315 1007 1396 spectabat,
1038 1338 1118 1376 nunc
1140 1335 1212 1378 vero
1244 1331 1247 1334 “

88 1394 278 1455 commendat
295 1391 492 1470 {itemquae
511 1391 606 1450 Deum
627 1391 658 1449 in
677 1391 769 1454 serbo
789 1413 842 1452 suo
864 1393 976 1472 recipit.
1005 1393 1141 1472 'Summa
1160 1405 1215 1466 est,

89 1471 160 1532 fidei
177 1469 350 1532 'obedientia
368 1470 509 1548 pietatem,
527 1466 838 1548 hominum'p'robari:
864 1468 913 1602 qui
932 1489 1004 1532 vero
1023 1468 1215 1552 Evangelium

90 1557 244 1627 respuunt,
264 1545 447 1624 quantumvis
466 1565 497 1604 se
516 1544 631 1624 primos
639 1544 698 1603 Dei
718 1543 846 1604 cultores
879 1565 931 1605 ore
950 1546 1067 1621 iactent,
1085 1547 1214 1625 prodere

90 1635 191 1684 tamen
218 1623 338 1702 impium
371 1621 431 1681 eius
455 1629 667 1698 contemptum.
715 1621 812 1680 Porro
843 1621 1003 1682 tenendum
1036 1634 1079 1682 est
1095 1621 1215 1690 ,Christi

92 1699 266 1760 consilium:
295 1699 363 1778 quia
393 1698 472 1758 enim
497 1697 576 1758 bona
600 1717 665 1777 pars
689 1697 791 1776 mundi
818 1709 1005 1776 praepostere
1023 1698 1217 1781 Evangeliuuv

21 1829 22 1843 ,
90 1776 223 1837 aestimat
241 1796 276 1835 ex
294 1774 444 1835 hominurn
465 1773 617 1856 dignitate,
638 1784 668 1832 et
686 1774 754 1834 ideo
767 1773 930 1853 vilipendit,
951 1775 1030 1854 quod
1050 1795 1103 1856 per
1115 1775 1216 1838 humi·

90 1852 134 1913 les
155 1863 390 1931 et·c0ntemptae
408 1851 494 1911 sortis
515 1851 647 1910 homines
667 1851 806 1926 affertur,
836 1850 904 1911 huic
928 1856 985 1911 tarn
1011 1871 1149 1932 perverso
1169 1853 1216 1912 iu'·

90 1929 170 1990 dicio
191 1929 324 1990 Christus
343 1929 490 1989 occurrit·
518 1926 636 1987 Deinde
656 1929 797 2008 quoniam
820 1928 851 1987 in
872 1928 1007 1990 omnibus
1026 1929 1089 1990 fere
1108 1927 1219 1992 residet
1249 1947 1253 1954 ·

90 2025 127 2066 ea
151 2005 300 2085 superbia,
330 2017 363 2066 ut
387 2026 447 2064 nou
474 2004 602 2064 libenter
625 2023 656 2064 se
680 2005 852 2066 submittant
875 2007 932 2066 suis'
956 2005 1141 2084 aequalibus,
1169 2004 1217 2065 vel

90 2101 168 2162 quos
188 2081 276 2141 etiam
296 2100 366 2160 prae
385 2101 417 2141 se
437 2081 606 2158 despiciant,
624 2079 710 2142 Deus¹
726 2092 823 2139 autem
839 2080 999 2141 Ecclesiam
1013 2103 1091 2141 suam
1111 2103 1143 2142 re
1166 2101 1217 2141 ere
1267 2097 1268 2101 ’

90 2156 196 2220 statuit
213 2156 364 2216 hominum
385 2155 556 2227 ministerio,
577 2165 607 2212 et
623 2155 742 2232 quidem
760 2175 847 2236 saepe
866 2177 901 2216 ex
923 2155 1021 2216 infima
1037 2158 1117 2240 vulgi
1135 2103 1217 2218 dece

91 2233 198 2314 deligit
214 2231 308 2290 Verbi
326 2231 484 2303 ministros,
504 2249 622 2290 necesse
642 2229 699 2290 luit
710 2230 862 2325 Evangelii
879 2233 1059 2292 maiestatem
1079 2253 1208 2294 asserere

90 2331 133 2372 ne
153 2311 190 2370 ab
211 2311 338 2368 humano
359 2327 411 2366 ore
431 2305 562 2388 profecta
580 2304 742 2367 vilesceret.
785 2309 839 2366 last
857 2307 1084 2389 igiturinsignis
1104 2309 1221 2370 externi

90 2385 248 2450 ministerii
268 2383 498 2462 commendatio,
518 2383 587 2442 dum
628 2383 778 2444 renuntiat
797 2382 946 2459 Christus,
965 2383 1102 2464 quicquid
1122 2385 1219 2445 homi·

90 2485 166 2526 num
209 2458 415 2536 raedicationi,
436 2459 526 2518 modo
546 2403 639 2520 fidelis
657 2459 710 2535 sit,
731 2459 852 2520 honoris
873 2471 903 2519 et
921 2461 1101 2521 reverentiae
1120 2460 1219 2521 defer-

90 2554 155 2618 tur,
205 2559 272 2598 eum
291 2538 347 2598 sibi
366 2537 530 2616 impensum
549 2555 719 2616 agnoscere.
762 2536 858 2596 Huius
881 2557 972 2617 porro
997 2535 1087 2620 elogii
1113 2537 1221 2618 duplex

91 2630 141 2680 est
160 2615 283 2676 utilitas:
313 2611 386 2674 nihil
406 2613 482 2675 enim
504 2624 562 2687 est,
612 2612 672 2688 uod
695 2633 751 2673 nos
770 2611 807 2672 ad
830 2611 1047 2693 amplexandam
1064 2613 1220 2696 Evangelii

90 2692 261 2756 doctrinam
284 2691 388 2751 melius
413 2689 543 2749 animare
563 2633 684 2763 debeat,
708 2711 795 2768 quam
821 2689 890 2750 dum
914 2689 1044 2750 audimus
1068 2704 1220 2782 praestan·

90 2769 239 2834 tissimum
259 2767 336 2828 hunc
357 2785 418 2826 esse
438 2765 548 2826 cultum
569 2767 641 2842 Dei,
655 2778 696 2826 vet
715 2766 819 2846 optimi
840 2767 939 2826 odoris
958 2768 1145 2846 sacrihcrum,
1166 2789 1220 2828 au-

91 2850 161 2909 dire
178 2847 274 2925 ipsum
294 2863 346 2905 ore
365 2841 515 2904 hominum
535 2841 717 2922 loquentem,
739 2855 770 2903 et
788 2864 843 2902 nos
863 2843 923 2903 eius
942 2843 1035 2904 verbo
1055 2865 1116 2905 nou
1136 2865 1219 2906 secus

90 2923 252 2996 subiicere,
271 2920 350 3003 quod
370 2941 424 3002 per
442 2920 574 2981 homines
593 2920 726 2994 affertur,
747 2941 834 3000 quam
853 2921 876 2980 si
896 2919 1088 2981 descenderet
1105 2923 1167 3002 ipse
1183 2921 1221 2981 de

52 3073 55 3078 ¹
93 2998 195 3072 coelo,
213 2997 261 3060 vel
281 3017 334 3078 per
354 2996 473 3078 angelos
493 2996 647 3058 eonsilium
665 3018 748 3057 suum
767 2995 954 3077 patefaceret.
991 2997 1117 3058 Deinde„
1129 2996 1221 3058 stabi-

91 3080 148 3140 lita
167 3075 272 3136 fiducia
291 3072 707 3150 eximiturnohisdubitatio,
729 3072 797 3133 dnm
817 3073 962 3148 audimus,
981 3072 1072 3134 nihilo
1093 3073 1222 3136 deterius

91 3173 161 3218 esse
181 3149 279 3212 salutis
298 3161 417 3210 nostrae
434 3151 650 3224 testimonium,
680 3150 760 3229 quod
791 3149 878 3211 nobis
901 3149 1029 3226 reddunt
1052 3149 1222 3220 bominesa

90 3236 166 3296 Deo
186 3228 279 3301 missi,
303 3247 389 3306 quam
407 3227 433 3294 ,si
451 3247 508 3287 vox
527 3225 587 3291 eius
607 3245 623 3286 e
643 3226 729 3287 coelo
748 3239 874 3289 sonaret.
914 3228 1037 3302 Contra,
1056 3239 1090 3287 ut
1108 3249 1163 3289 nos
1183 3227 1221 3288 ab
1257 3292 1267 3300 ..
1321 3283 1325 3296 ,
1370 3287 1371 3300 ,

90 3302 251 3400 Evangelii
281 3315 453 3384 contemptu
481 3301 644 3377 deterreat,
685 3297 814 3364 severim
846 3303 1098 3364 denuntiationem
1132 3305 1222 3380 addit,

91 3407 160 3449 non
181 3404 213 3443 ιιι
232 3380 380 3452 homines,
400 3380 449 3440 sed
468 3382 501 3440 in
520 3400 551 3440 se
570 3379 663 3460 ipsum
683 3391 714 3440 et
731 3378 828 3439 Deum
847 3380 966 3441 Patrem
986 3401 1047 3441 esse
1068 3393 1222 3442 contume-

90 3465 205 3534 liosos,
235 3457 298 3538 qui¹
314 3456 462 3519 ministros
516 3456 623 3517 uamvis
657 3456 908 3537 contemptibiles„
923 3457 1024 3518 audire
1057 3469 1222 3540 gravantur.

90 3536 197 3610 Sicuti
216 3546 313 3596 autem
333 3532 379 3594 hic
398 3478 554 3615 magnihee
573 3531 729 3594 extollitur·
739 3533 893 3594 Pastorum
913 3535 1053 3616 dignitas,
1084 3533 1135 3612 qui
1161 3532 1222 3592 siu·
1246 3570 1248 3574 -

91 3635 168 3680 cere
189 3623 219 3672 et
237 3608 365 3671 fideliter
381 3631 487 3670 munus
506 3631 588 3672 suum
610 3621 756 3685 exercent,
775 3609 815 3669 ita
834 3610 972 3672 ridiculus
992 3620 1036 3671 est
1055 3608 1135 3688 Papa
1156 3629 1222 3668 cum
1271 3659 1277 3669 .

90 3693 173 3768 suis,
199 3689 268 3748 dum
293 3687 350 3747 hoe
376 3697 527 3768 praetextu
551 3687 735 3768 tyrannidem
759 3699 839 3746 suam
860 3686 959 3748 fucat*
996 3687 1118 3748 Certum
1145 3685 1223 3745 enim
1281 3759 1283 3766 .

91 3783 152 3844 est,
174 3785 238 3827 non
257 3765 297 3824 ita
317 3762 400 3844 loqui
420 3761 584 3839 Christum,
603 3773 637 3823 ut
655 3763 700 3824 ius
718 3761 774 3824 sibi
793 3782 809 3822 a
828 3762 916 3824 Patre
936 3764 1035 3823 datum
1055 3760 1223 3822 hominibus

82 3845 246 3926 resignet,
268 3839 320 3900 sed
343 3851 456 3900 tanturn
481 3851 514 3899 ut
537 3861 554 3901 a
579 3851 752 3920 contemptu
769 3839 897 3900 vindicet
911 3842 997 3926 suum
1016 3837 1223 3974 Evangelium:

90 3923 179 3986 unde
199 3918 347 3999 sequitur,
370 3937 431 3976 non
456 3917 486 3978 iu
512 3937 650 3997 personas
670 3917 999 3978 hominum-transferre
1018 3914 1074 3974 sibi
1113 3914 1225 3974 ebitum

90 4001 262 4070 honorem,
287 3994 343 4054 sed
373 4004 488 4054 tantum
520 3993 715 4068 contendere,
742 4013 780 4053 ue
812 4011 828 4053 a
861 3989 956 4054 verbo
987 4011 1040 4052 suo
1064 4001 1224 4072 separetur.

90 4078 182 4156 Ergo
204 4073 228 4132 si
246 4070 339 4153 recipi
355 4069 428 4132 velit
445 4070 536 4151 Papa,
556 4071 718 4147 doctrinam
738 4069 852 4145 alferat,
871 4070 903 4130 in
923 4090 981 4149 qua
1000 4068 1117 4150 egrossi
1136 4078 1225 4148 queat

94 4147 214 4214 Christi
232 4147 377 4209 minister:
406 4167 492 4226 quam
513 4148 562 4208 diu
580 4167 650 4209 vero
672 4166 734 4207 esse
752 4146 853 4208 similis
872 4145 916 4208 sui
942 4157 1062 4227 perget,
1092 4143 1150 4205 hoc
1169 4155 1225 4215 est,

81 4221 232 4306 ,capitatis
250 4223 361 4286 Christi
380 4223 486 4300 hostis,
512 4237 542 4286 et
561 4223 633 4284 nihil
653 4223 761 4285 habens
782 4221 933 4304 Apostolis
953 4221 1055 4302 affine,
1074 4219 1226 4284 elicuisse

92 4297 208 4388 plumis
225 4302 328 4364 restire
348 4301 469 4364 desinat
1057 4335 1059 4340 .
1096 4336 1101 4360 ι
