2786 4742
220 253 226 274 ⁸
330 251 393 330 (92.
413 245 628 310 Testimonium
647 248 715 312 Iesu
735 249 771 310 de
790 247 927 328 Ioanne.)
1136 255 1192 317 261

59 395 197 460 rerunt.¹
228 393 279 460 14
298 393 342 460 Et
361 397 389 460 si
409 381 506 459 vultis
525 392 688 482 recipere,
715 400 785 484 lpse
809 405 856 465 est
876 395 981 476 Elias,
1002 399 1059 484 qui
1079 405 1189 464 ventu·

58 518 117 562 rus
140 503 216 561 erat.
258 494 314 561 15.Ι
328 493 397 582 Qui
416 494 514 563 habet
536 517 630 562 aures
651 495 693 560 ad
714 495 921 575 audiendum,
945 496 1065 563 audiat.

143 623 245 694 cuc,
272 628 345 694 Vll.
374 629 442 718 ¹24.
469 629 512 696 Et
539 653 637 716 qrrurn
665 629 886 696 discessissent
918 631 1024 700 nuntii
1050 625 1205 712 loannis,

58 730 169 815 coepit
191 728 299 794 dicere
321 729 362 795 ad
390 727 499 796 turbas
533 729 576 796 de
596 732 737 809 Ioanne,
774 730 864 816 Quid
885 731 988 814 ‚visuri
1022 721 1125 798 existis
1153 735 1189 797 in

58 829 244 894 desertum?
276 829 481 911 arundinem,
508 854 592 918 quae
619 842 718 897 vento
748 831 904 917 agitatur?
944 828 1190 916 assarique

58 932 169 1002 existis
187 932 307 1004 visuri?
333 931 495 996 hominem
520 930 674 1014 mollibus
695 934 892 1024 vestimentis
913 931 1081 999 indutum?
1113 951 1188 996 ecce
1273 925 1276 940 '

57 1033 117 1116 qui
146 1031 180 1096 in
201 1033 319 1096 vestitu
338 1029 513 1117 splendido
536 1041 568 1100 et
595 1031 720 1100 deliciis
754 1043 864 1118 agunt,
900 1035 935 1098 in
965 1029 1047 1100 aulis
1078 1053 1188 1116 regum

57 1140 143 1196 sunt.
185 1133 236 1197 26.
257 1131 323 1196 Setl
349 1131 428 1218 quid
448 1133 548 1196 visuri
571 1135 696 1200 existis?
729 1133 943 1220 Prophetam?
977 1135 1089 1218 utique
1113 1133 1188 1198 dico

56 1230 153 1296 vohis
173 1241 206 1295 et
227 1231 301 1318 plus
317 1252 412 1316 quam
425 1231 628 1317 Prophetana
654 1235 705 1304 27,
730 1235 793 1298 Hic
813 1245 871 1314 est,
892 1234 934 1298 de
956 1254 1021 1320 quo
1036 1227 1188 1320 scriptum

57 1341 125 1409 est,
139 1331 226 1396 Ecce
247 1332 338 1395 mitto
360 1329 509 1417 angelum
529 1354 635 1406 aueum
658 1343 731 1404 ante
753 1333 870 1404 faciem
889 1345 974 1400 tuam
981 1337 1075 1421 ‚qui
1093 1356 1188 1422 prae.-
1241 1338 1243 1344 ’

57 1431 187 1520 parabit
207 1434 293 1495 viam
314 1439 402 1502 tuan:
424 1441 501 1502 aute·
519 1442 563 1503 te,
601 1434 652 1498 28.
673 1431 758 1502 Dico
781 1425 865 1500 enim
886 1430 997 1512 vohis,
1016 1438 1120 1500 maior
1141 1437 1188 1499 in·
1209 1457 1211 1464 ‘

55 1543 110 1597 ter
129 1542 222 1597 natos
245 1553 282 1596 ex
302 1527 491 1596 mulieribus
512 1531 674 1626 Propheta
694 1533 817 1601 Ioanne
829 1535 974 1620 Baptista
994 1534 1104 1618 nullus
1125 1543 1187 1599 est:
1223 1549 1227 1560 “

57 1621 206 1696 attamen
231 1632 288 1719 qui
322 1634 468 1702 minimus
500 1635 615 1710 estin
647 1617 748 1720 legno
784 1634 865 1722 Dei,
902 1638 1011 1700 maior:
1039 1645 1087 1701 est
1119 1634 1188 1700 illo.

56 1733 147 1798 XVl.
179 1731 228 1796 lh.
249 1732 320 1806 Lex
338 1743 370 1798 et
391 1715 577 1818 Prophetae-
594 1747 696 1820 usque
725 1735 767 1800 ad
788 1723 960 1804 loannem:
982 1735 1087 1804 abeo
1110 1747 1188 1800 tem-

57 1853 142 1920 pore
166 1853 300 1918 regnam
312 1833 378 1897 Dei
399 1837 667 1914 annuntiatur3‘et
682 1857 794 1908 omnes
814 1839 848 1902 in
869 1831 958 1902 illud
974 1841 1037 1903 vim
1058 1838 1187 1902 faciunt.
1283 1909 1285 1916 ,

134 1963 241 2029 Μαιῑὶιι
256 1971 286 2031 ll·
324 1963 467 2030 Emrtbua
485 1967 579 2026 oetam
595 1965 655 2026 e'lla's
673 1981 726 2030 etc.
765 1967 965 2030 Commendat
980 1967 1114 2032 Christus
1133 1969 1187 2028 Io·

58 2060 165 2104 aunem
185 2041 361 2131 popnlmvut
379 2044 768 2122 mentoriarepetantquod
787 2044 939 2122 audierant
959 2063 993 2104 ex
1012 2046 1087 2126 ipso,
1108 2047 1185 2104 eius-

56 2138 115 2198 que
135 2119 306 2177 testunonio
326 2116 453 2179 habeant
470 2119 571 2183 fidem:
608 2117 736 2181 Celebre
758 2121 837 2183 enim
857 2132 921 2180 erat
938 2119 1026 2200 vulgo
1048 2122 1109 2180 eius
1129 2141 1186 2180 no·
1228 2141 1230 2148 ¹

54 2215 143 2270 men,
163 2205 192 2253 et
211 2188 376 2254 honorifice
396 2194 433 2252 de
454 2212 494 2252 eo
510 2192 722 2272 loquebantur:
748 2193 881 2255 doctrina
901 2205 997 2256 autern
1017 2196 1133 2258 minore
1152 2197 1185 2256 in
1279 2197 1283 2212 ’

54 2274 154 2351 pretio
176 2282 249 2345 erat,
269 2270 328 2329 imo
349 2270 434 2349 pauci
455 2281 548 2344 erant,
569 2269 620 2348 qui
639 2269 826 2338 attenderent
845 2271 881 2328 ad
902 2272 963 2330 eins
982 2272 1183 2332 ministerium.

53 2349 210 2409 Admonet
235 2344 505 2434 aisement-istus,
535 2349 586 2405 eos
610 2364 730 2424 operam
756 2344 873 2420 lusisse,
903 2347 961 2434 qui,
979 2347 1039 2405 eius
1063 2347 1185 2408 videndi

55 2445 144 2485 eausa
163 2422 194 2482 in
215 2422 361 2482 desertum
381 2421 509 2501 profecti
529 2433 622 2496 orant,
641 2421 698 2480 nisi
717 2433 889 2482 reverenter
906 2432 1019 2481 mentes
1039 2433 1069 2481 et
1087 2423 1184 2482 studia

55 2523 107 2562 sua
128 2497 279 2579 applicent
297 2498 332 2558 ad
353 2498 418 2559 eius.
434 2497 609 2562 doctrinam.
645 2498 749 2577 Itaque
768 2509 869 2558 sensus
886 2497 1053 2558 verborum·
1064 2507 1117 2574 est,
1135 2519 1185 2558 vos
1258 2488 1264 2510 ⁸

55 2581 160 2638 eximis
177 2579 210 2634 in
228 2573 376 2638 &mnum-
417 2574 512 2637 Stulta
532 2574 654 2636 omnino
675 2586 705 2634 et
725 2571 845 2634 ridicula
864 2573 967 2634 fuisset
985 2572 1100 2651 levitas,
1127 2575 1185 2638 nisi
1301 2647 1304 2652 Ι

57 2668 173 2715 certum
192 2652 281 2712 finem
301 2651 424 2712 haberet
442 2663 535 2711 vestra
554 2651 712 2732 profectio.
749 2651 842 2729 htqui
861 2668 957 2730 neque
977 2651 1079 2713 mundi
1098 2672 1184 2731 porn-

55 2734 135 2811 paro,
154 2748 252 2809 neque
271 2728 381 2806 aliquid
402 2727 544 2788 ludicrum
565 2727 732 2807 quaesistis,
751 2727 801 2786 sed
822 2726 905 2788 vohis
924 2728 1109 2806 propositum
1128 2727 1185 2787 suit

56 2808 159 2868 audire
177 2825 280 2866 vocem
300 2805 360 2870 Ilei
377 2826 411 2864 er
430 2823 483 2867 ore
502 2803 678 2884 Prophetae.
722 2804 809 2878 Nunc
828 2823 901 2886 ergo
915 2811 960 2863 'ut
983 2805 1110 2864 fructum
1135 2824 1182 2862 re-

55 2883 158 2944 feratis
178 2881 295 3018 cousiilllii
310 2881 416 2959 vestri,
438 2881 597 2942 memoriae
616 2893 728 2944 vestrae
746 2880 867 2942 infixum
885 2891 1016 2957 maneat,
1036 2881 1117 2961 quod
1137 2879 1183 2940 lo-

77 2971 165 3021 uutus
185 2969 229 3022 est
281 2979 306 3018 e.
1159 3005 1161 3008 .

56 2983 75 3040 q
107 3042 164 3102 =8,
205 3037 263 3114 (tet
280 3035 381 3096 nmilia
395 3047 517 3111 gestant.
568 3033 722 3094 Falluntur
751 3034 802 3114 qui
831 3044 951 3114 putant,
985 3032 1042 3093 hoc
1074 3031 1184 3092 Christi

57 3111 138 3176 dicto
159 3097 266 3174 asticis
285 3110 408 3174 lautitias
422 3111 565 3172 damnari:
586 3110 636 3171 alii
654 3122 722 3170 sunt
741 3109 989 3190 locicornplures,
1010 3108 1061 3169 ubi
1073 3109 1184 3169 luxuria
1224 3159 1226 3169 ,

56 3189 88 3250 in
107 3190 214 3252 vestitu
234 3199 265 3248 et
283 3187 454 3248 immodicus
474 3189 554 3249 nitor
572 3187 805 3266 reprehenditur.
848 3187 909 3246 Sed
934 3186 1017 3245 huius
1037 3185 1095 3246 loci
1114 3205 1181 3260 sen-⁸

58 3288 106 3328 sus
131 3278 176 3326 est
199 3263 377 3344 simplicior,
408 3264 483 3330 nihil
512 3265 598 3324 luisse
628 3263 687 3326 tale
711 3263 742 3322 in
771 3265 903 3337 deserto,
956 3261 1015 3324 uod
1039 3261 1182 3344 populum

56 3343 189 3422 undique
209 3341 351 3402 alliceret:
369 3339 428 3417 illic
449 3341 528 3422 enim
547 3340 656 3406 inculta
678 3341 779 3414 omnia
797 3353 828 3400 et
846 3285 975 3420 squalida
992 3339 1090 3413 fnisse,
1106 3357 1183 3418 quae

57 3418 133 3484 nihil
152 3440 238 3499 quam
257 3417 387 3478 taedium
406 3417 562 3478 afferrent:
592 3416 756 3498 elegantem
777 3417 905 3493 cultum,
935 3416 985 3497 qui
1009 3415 1110 3478 oculos
1132 3413 1182 3472 de·

57 3493 158 3568 lectet,
178 3495 277 3575 potius
295 3495 327 3554 in
345 3514 449 3575 regum
467 3493 537 3554 aulis
557 3495 690 3573 spectari.
995 3547 1012 3574 x
1063 3507 1067 3522 ’
1207 3525 1214 3542 ·

134 3578 181 3638 11.
220 3574 320 3632 Amen
337 3567 401 3630 dico
419 3568 496 3630 :robis
514 3584 567 3632 etc,
603 3571 657 3630 His
676 3569 772 3634 serbis
791 3590 853 3629 uon
873 3569 964 3630 modo
984 3561 1182 3644 sanciturnlo-
1262 3639 1265 3644 Ι

58 3647 141 3709 annis
172 3649 345 3723 auctoritas,
386 3647 437 3708 sed
475 3668 563 3726 supra
592 3659 705 3708 veteres
736 3645 910 3726 Prophetis:
949 3644 1082 3704 evehitur
1120 3631 1213 3700 eius‘

57 3723 207 3799 doctrina,
237 3736 271 3784 ut
293 3723 420 3804 populus
445 3724 481 3784 ad
506 3735 618 3785 rectum
638 3721 791 3784 ministerii
811 3723 871 3783 eius
895 3741 1015 3800 scopum
1036 3717 1182 3779 collimat:
1222 3766 1227 3780 .

57 3820 125 3862 narn
145 3801 294 3880 quianon
313 3799 503 3880 reputabant,
523 3821 664 3878 quorsum
682 3811 758 3866 esset
775 3799 892 3872 missos,
912 3798 980 3859 hinc
999 3795 1107 3857 sactum
1127 3803 1182 3868 est,
1301 3791 1307 3814 '

58 3886 92 3936 ut
118 3877 190 3938 nihil
222 3878 285 3937 sere
314 3875 495 3956 proficerent
517 3895 550 3935 er
570 3877 632 3938 eius
656 3896 800 3940 sermone.
848 3873 922 3937 ldeo
943 3872 1076 3933 Christus
1095 3889 1183 3949 supra

60 3951 192 4014 ordinem
212 3953 426 4034 Prophetarum
446 3953 540 4032 ipsum
560 3951 671 4013 extollit
691 3965 722 4012 et
740 3952 827 4025 locat,
847 3965 880 4012 ut
898 3947 1044 4032 peculiare
1064 3944 1182 4026 aliquod

60 4039 91 4084 et
110 4031 296 4091 excellentius
321 4028 365 4088 illi
384 4029 481 4088 datum
500 4029 589 4090 luisse
612 4029 780 4090 mandatum
801 4029 919 4089 discant.
968 4023 1060 4100 Quod
1084 4033 1182 4082 autem

59 4100 123 4236 ipse
151 4105 221 4170 alibi
251 4117 357 4189 negat,
389 4124 420 4166 se
447 4125 508 4166 esse
534 4105 728 4186 Prophetanr,
759 4107 936 4167 eontrarium
959 4121 1021 4161 non
1045 4111 1090 4161 est
1113 4097 1183 4158 huie

91 4175 173 4240 bristi
190 4182 298 4266 elogio.
336 4180 486 4263 Propheta
504 4181 623 4263 quidem
643 4203 705 4242 non
724 4181 780 4242 fuit
799 4181 923 4242 aliorum
942 4197 1037 4250 more,
1057 4196 1130 4257 qnos
1150 4185 1183 4234 et

61 4250 357 4340 Legis'interpretee,
383 4268 413 4318 et
438 4277 508 4320 suae
532 4257 690 4320 voluntatis
715 4257 914 4326 iuter-nuntio:
935 4253 1005 4316 olim
1023 4254 1105 4315 Deus
1124 4251 1182 4313 Ee·

64 4327 167 4390 etesiae
185 4355 252 4397 suae
269 4336 464 4424 praefecerat:
496 4335 686 4398 excellentior
703 4347 803 4398 tamen
823 4343 886 4394 erat
905 4331 1080 4414 Prophetis,
1103 4328 1184 4411 quod
