2808 4748
470 235 600 297 Onsrro
619 250 654 298 nr
674 251 798 300 norro.
1138 249 1195 314 153

69 389 141 464 lum,
161 406 249 468 quarn
266 394 300 445 ut
318 381 472 444 bominum
491 379 678 442 arbitriovel
695 383 795 473 potins
813 382 937 445 libidine
956 385 1095 448 solvatur.
1134 387 1194 450 Τε-

67 465 155 526 metsi
175 463 253 523 enim
272 472 375 520 mutuo
395 477 539 522 consensu
558 477 620 518 sese
640 471 824 540 coniungunt
834 461 878 520 vir
897 465 1129 540 eturor,1)cns
1148 477 1194 528 ta-

68 562 139 602 men
158 539 239 602 nodo
258 534 453 598 indissolubili
471 553 522 594 eos
541 534 691 616 astringit,
715 555 753 594 ne
773 548 874 615 postea
893 535 1018 598 liberum
1041 541 1078 600 sit
1097 541 1193 602 disce·
1241 573 1245 584 v

69 619 150 678 dere.
187 614 317 674 Additur
339 625 439 674 tamen
463 610 613 691 exceptio,
646 610 709 671 Nisi
737 610 775 671 ob
807 612 1039 675 fornicationem.
1082 619 1193 681 Merito

18 728 29 754 ι
69 697 150 754 euim
169 692 304 752 abiicirur
321 689 443 763 mulier,
467 707 542 823 quae
566 687 678 778 perfide
698 688 869 768 coniugium
888 689 1023 766 violavit,
1042 694 1111 772 quia
1131 697 1193 758 cius
1219 702 1223 708 ’

69 770 154 850 culpa
174 768 244 828 abrn
268 779 299 827 to
318 764 435 827 vinculo
455 763 474 823 l'
499 775 573 822 ertas
593 785 656 824 mro
676 776 759 844 parta
779 776 831 824 cst.

146 851 195 910 32.
262 845 320 904 orit
337 863 401 902 eom
418 836 570 900 moecbnri.
611 839 690 914 Quia
714 839 772 900 boc
795 839 909 902 ferebat
933 840 1048 902 libellus
1067 807 1219 926 repudii,

70 933 106 981 ut
125 913 231 982 mulier
249 941 267 980 a
285 919 383 1000 priore
402 917 508 977 marito
528 915 781 976 solutatransiret
799 918 835 978 ad
859 938 950 979 novas
974 920 1107 998 nuptias,
1131 943 1194 982 me.

71 1000 131 1058 rito
146 999 298 1058 damnatur
310 995 391 1075 quasi
412 1052 413 1060 ,
433 993 586 1067 roductor,
605 992 656 1073 qni
667 1013 788 1056 uxorem
806 993 862 1060 sibi
875 995 1011 1059 divinitus
1029 995 1194 1059 adiunctam

69 1075 132 1137 aliis
150 1086 268 1158 praeter
286 1075 331 1136 ius
352 1083 382 1134 et
462 1067 623 1154 prostituit.
714 1115 717 1126 .

57 1403 60 1408 ,
111 1341 193 1424 (48.)
234 1339 407 1408 ΜΑΤΤΗ.
427 1341 469 1406 V.
522 1339 573 1405 33.
599 1337 738 1405 Rursum
771 1339 917 1424 audistis,
954 1339 1043 1429 quod
1077 1340 1197 1432 dictum
1253 1357 1255 1363 ⁴

69 1443 169 1508 fuerit
186 1445 345 1531 antiquis,
365 1442 443 1509 Non
464 1439 643 1528 peierabis:
668 1440 726 1506 sed
744 1441 911 1525 persolves
931 1441 1091 1522 Domino,
1112 1465 1197 1528 queo

67 1546 236 1610 iuraveris.
283 1542 335 1638 34.
360 1542 405 1607 At
435 1562 495 1628 ego
515 1539 673 1607 denuntio
698 1541 814 1619 vobis,
840 1563 883 1606 ne
910 1544 1023 1608 iurotis
1050 1547 1198 1609 omninor

70 1665 183 1731 neqqc
210 1663 270 1732 per
299 1641 441 1722 coelum,
467 1645 544 1731 quia
568 1643 703 1728 thronus
732 1653 780 1707 est
800 1643 882 1712 Del:
920 1643 971 1708 35.
996 1643 1114 1731 Neque
1139 1659 1200 1742 per·

7 1757 8 1776 ³
68 1755 205 1822 terram,
227 1744 304 1831 quia
323 1741 514 1810 subsellium
537 1754 585 1810 est
605 1742 725 1830 pedum
748 1741 851 1808 illius:
871 1763 979 1830 neque
1001 1767 1061 1833 per
1081 1747 1200 1816 Hiero-

67 1844 243 1930 solymam,
269 1846 345 1930 quie
365 1847 477 1911 civitas
501 1847 676 1930 estmagni
696 1844 811 1930 Regis:
852 1845 903 1909 36.
928 1845 1046 1933 Neque
1066 1839 1128 1932 per
1148 1867 1200 1912 oa·
1279 1840 1281 1848 ’

68 1955 128 2030 put
148 1955 238 2010 tuum
266 1942 403 2027 iurabis:
422 1947 507 2032 quia
534 1967 603 2013 non
629 1957 723 2034 potes
749 1966 848 2011 unum
874 1943 976 2032 pilum
1001 1944 1116 2040 ¹album
1140 1946 1197 2013 vel

68 2049 196 2132 nigrum
222 2043 340 2110 lacere.
393 2046 445 2111 37.
475 2045 543 2112 Sed
570 2049 631 2111 erit
663 2068 769 2112 sermo
796 2055 918 2126 vester,
944 2057 1008 2126 est,
1035 2057 1099 2114 est:
1123 2067 1202 2128 non,

27 2229 30 2234 ἱ
68 2167 153 2214 non:
170 2166 271 2233 porro
294 2143 384 2232 quod
403 2155 452 2211 est
472 2155 561 2210 extra
584 2147 673 2224 haec,
694 2168 732 2210 ex
751 2143 838 2211 molo
860 2154 916 2210 est.

145 2300 251 2363 Mattb.
261 2305 310 2366 33.
337 2301 410 2362 Non
427 2297 576 2376 peierobis.
615 2300 673 2361 llic
685 2267 804 2392 quoqne
814 2266 877 2360 non
887 2301 974 2383 Legis
987 2303 1213 2393 correctione

69 2378 122 2440 sed
131 2377 231 2458 potius
250 2397 388 2458 gennano
407 2377 624 2458 interpretatio.
655 2377 737 2438 Deus
749 2398 827 2437 emm
843 2396 906 2436 uon
922 2378 1013 2437 modo
1029 2378 1201 2458 periurrain

68 2457 153 2536 Lege
174 2453 327 2525 damnavit,
346 2453 398 2514 sed
416 2452 532 2512 iurandi
551 2453 716 2528 levitatem,
742 2458 817 2532 qu'ae
836 2452 963 2512 nominis
983 2453 1044 2511 eins
1064 2471 1203 2512 reveren·

69 2533 131 2592 tiae
152 2529 285 2610 derogat.
322 2529 428 2608 Neque
449 2529 526 2588 enim
546 2529 569 2588 is
588 2529 666 2590 solus
687 2529 792 2610 accipit
810 2547 921 2586 nomen
937 2526 995 2586 Dei
1016 2527 1132 2602 frustra,
1152 2529 1202 2607 qui

70 2608 197 2690 peierat,
217 2604 267 2666 sed
288 2605 338 2684 qni
357 2603 389 2664 in
410 2602 498 2664 rebus
517 2604 630 2665 frivolis
649 2604 695 2664 vel
714 2605 745 2664 in
764 2604 912 2665 communi
934 2611 1071 2665 sermone
1089 2615 1202 2664 temere

71 2696 102 2744 et
128 2681 321 2761 contemptim
346 2698 456 2741 nomon
481 2680 673 2762 Dei‘arripit.
716 2682 812 2741 Porro
839 2699 930 2758 quum
955 2681 1016 2740 Lex
1040 2681 1202 2760 quamlibet

70 2759 202 2820 nominis
221 2757 281 2817 Dei
300 2757 536 2837 profanationem
557 2757 689 2834 damnet,
715 2757 817 2816 Iudaei
844 2759 875 2816 in
895 2757 965 2818 solis
984 2756 1120 2838 periuriis
1141 2757 1203 2818 cnl-

7 2861 9 2918 ᾖ
70 2858 137 2918 pam
159 2841 222 2896 csse‘
242 2833 402 2916 fingebant.
443 2834 578 2896 Crassum
598 2835 677 2896 bunc
697 2853 828 2896 errorem
848 2833 982 2895 Christus
1002 2833 1203 2915 reprehendit,

7 2919 8 2928 ’
72 2914 152 2994 quod
171 2911 289 2972 sibilas
303 2931 364 2971 esse
383 2911 558 2992 putentDei
578 2913 698 2973 nominc
718 2912 838 2990 impune
858 2908 948 2985 abuti,
969 2913 1059 2971 modo
1076 2911 1202 2972 iurando

73 2987 274 3051 non'fallant:
309 2987 418 3048 Sancte
443 2989 561 3068 quidem
585 2988 780 3080 praecipitur,
804 2998 838 3046 ut
861 2986 1005 3047 solvamus
1031 2986 1100 3047 Deo
1122 2989 1202 3046 iura-

73 3077 189 3129 mentar
214 3065 352 3143 namqui
377 3076 444 3146 post
469 3085 578 3125 nomen
602 3065 660 3125 Dei
684 3063 890 3199 interqpsitum
911 3067 1063 3152 proximos
1087 3063 1204 3124 scandat

75 3154 105 3202 et
124 3141 251 3221 decipit,
276 3160 337 3199 non
358 3141 525 3202 bominibus
543 3153 674 3218 tanturn,
698 3141 750 3202 sed
958 3141 965 3155 '

73 3219 212 3280 vitiosum
233 3228 287 3290 est,
307 3216 449 3276 adunam
469 3230 584 3297 partem
602 3219 781 3299 restringere
803 3217 883 3296 quod
902 3216 988 3277 latins
1008 3228 1097 3298 patet.
1118 3216 1203 3282 ,Ali-

74 3297 122 3375 qui
141 3294 219 3358 istud
233 3293 399 3369 persoluere
417 3293 452 3353 ad
472 3306 540 3354 vota
560 3293 813 3373 referunqquum
832 3293 900 3352 Deo
920 3292 1030 3372 aliquid
1048 3293 1201 3376 religionis

74 3393 157 3433 cause
175 3369 351 3452 promissum
364 3381 425 3429 est.
464 3369 524 3428 Sed
548 3368 682 3450 loquutio
707 3370 779 3429 baec
802 3369 893 3464 pactis
918 3370 1053 3442 omnibus
1074 3381 1105 3430 et
1132 3391 1204 3451 pro·

74 3447 165 3508 missis
191 3445 305 3528 optime
331 3445 469 3524 quadrat,
502 3465 576 3525 quae
600 3446 732 3508 adhibito
757 3447 817 3508 Der
841 3447 962 3506 nomine
986 3447 1095 3508 sancita
1119 3458 1203 3508 suut:

74 3545 141 3584 nam
159 3524 243 3583 Deus
261 3533 333 3582 tunc
363 3522 475 3587 medius
503 3525 582 3584 inter
606 3524 676 3584 duas
708 3534 806 3604 partes
830 3543 958 3604 sponsor
980 3527 1132 3600 statuitur,
1156 3523 1204 3582 cui
1268 3585 1270 3594 ,

75 3599 162 3660 fidem
181 3620 265 3662 suam
284 3597 426 3681 obligant
451 3673 454 3682 1
1104 3639 1107 3650 .
1157 3675 1159 3682 γ

146 3682 198 3742 34.
237 3673 286 3733 Ne
303 3677 402 3735 iuuetis
420 3678 544 3737 ormino.
582 3675 693 3736 Multos
714 3673 831 3756 decepit
850 3675 992 3756 particula
1011 3677 1143 3747 οηιηὶηο,
1170 3684 1204 3733 ut

67 3761 216 3832 ‘putarent
232 3753 412 3844 generaliter
425 3753 547 3834 quodvis
566 3752 793 3813 iusiurandnma
808 3752 928 3815 Christo
940 3753 1079 3813 damnari
1089 3751 1204 3842 ¹Atque

77 3829 211 3918 adhunc
230 3831 420 3922 immodicum
431 3830 568 3924 'rigorem
582 3829 722 3909 quosdam
742 3850 805 3921 non
823 3829 916 3920 malos
934 3829 1068 3890 homines
1088 3825 1205 3918 rmpulrt

78 3905 148 3964 olrm
175 3905 297 4000 effrenis
324 3907 439 3980 iurandi
460 3908 597 3999 licentra,
627 3927 713 3986 quam
737 3905 876 3967 videbant
906 3927 937 3966 m
964 3904 1075 3966 mundo
1090 3923 1205 3996 ‘passim

82 4001 213 4072 grossam.
263 3983 304 4042 Et
322 3983 530 4064 Aoapabtrstae
557 3982 613 4066 boc
641 3994 793 4063 praetextu
814 3982 899 4043 valde
930 3980 1099 4042 tumultuati
1127 3989 1208 4054 sunt,

7 4111 8 4118 ,
80 4077 160 4134 quasr
184 4056 293 4118 nullam
318 4059 358 4120 ob
383 4081 498 4120 causam
522 4060 619 4120 iurare
644 4059 795 4140 permittat
815 4059 964 4131 Christus,
987 4056 1056 4115 dum
1081 4055 1206 4116 omnino

7 4487 12 4723 l

80 4132 174 4194 iurare
193 4146 280 4197 vetat.
316 4136 415 4217 utqui
443 4157 507 4197 non
526 4135 650 4196 'aliunde
674 4137 801 4216 petendo
827 4147 872 4196 est
896 4133 1040 4214 expositio·
1060 4153 1146 4213 quan
1171 4149 1206 4191 ex

80 4209 237 4271 verborum
258 4225 406 4274 contextu.
446 4213 599 4275 Continuo
623 4223 693 4303 post
710 4211 858 4292 sequitur,
880 4211 986 4289 Neque
1005 4229 1060 4290 per
1079 4208 1207 4283 coelum,

80 4301 176 4372 ”⁶3⁰⁸
193 4306 252 4367 Per
269 4285 386 4372 terram.
434 4291 510 4366 Quis
529 4309 591 4350 non
610 4288 691 4350 videt
709 4287 821 4371 species
840 4289 909 4349 istas
929 4284 1208 4368 exegeticeadditae
1242 4345 1244 4350 .

52 4457 57 4467 ,
82 4355 185 4438 inme,
207 4373 286 4444 ‘luat
304 4367 385 4448 prius
403 4366 567 4432 membrum
587 4365 723 4433 oteness
744 4361 970 4430 xerrunrerutionc
989 4363 1093 4428 clarius
1112 4362 1207 4448 cipri.
1251 4407 1252 4414 ,

800 3159 836 3200 eo
863 3140 932 3200 sacrt
956 3141 1100 3201 iniuriam.
1141 3139 1210 3216 Sed¹
