2816 4746
616 37 623 66 l

155 240 239 367 sss
435 285 462 316 ³
598 267 843 360 tuemur
1168 255 1240 368 ,'

233 445 278 506 m
296 439 459 506 uonmu
476 437 642 512 nomm,
662 435 785 496 annu.
802 435 1035 528 ,ngopoannes
1054 396 1208 509 diurnus,
1227 433 1283 492 mc-

158 525 252 586 nister
271 519 360 584 verbi·
372 520 430 578 Dei
447 519 479 578 in
498 515 622 578 ecclesia
643 512 823 589 Genevcnsr,
842 535 927 575 varus
946 511 1057 572 morbis
1077 531 1232 591 oppressus
1252 522 1283 571 et

158 600 294 672 afflictus,
313 609 347 656 ut
365 595 452 656 facile
472 595 599 654 animum
618 588 763 666 inducam
782 590 945 649 Dominum
955 589 1053 648 Deum
1072 589 1213 661 statuisse,
1233 583 1290 646 me¹

156 676 331 758 propediem
358 671 392 732 er
415 671 473 734 hoe
492 670 603 730 mundo
624 666 763 740 educere,
792 666 931 726 'constitui
945 665 1052 725 'facere
1078 685 1175 724 meum
1195 675 1284 723 testa-

156 765 303 825 mentum,
328 753 480 828 meamque
500 747 630 806 ultimam
649 740 829 803 voluntatem
849 743 941 802 literis
960 740 1114 816 mandare,
1135 761 1168 800 ea
1188 739 1284 800 forma

133 845 232 909 tquae
251 827 446 907 subsequitur.
491 823 622 882 Primum
643 820 774 878 omnium
820 819 905 880 satias
931 839 987 900 ago
1007 818 1092 894 Deo,
1125 815 1284 897 quod-mei

155 907 300 979 misertus,
340 922 407 962 uem
427 909 540 961 crearet
559 908 589 956 et
608 896 638 953 in
659 839 839 956 boemundo
859 895 1030 972 collocaret,
1050 915 1111 955 non
1123 893 1217 954 solum
1237 913 1284 951 me

156 980 347 1063 e·profund1s
367 975 550 1038 idololatriae
568 971 726 1045 tenebris,
739 971 768 1031 in
790 995 859 1052 quas
879 972 1027 1032 demersus
1048 991 1144 1044 eram,
1163 969 1284 1049 eripuit,

156 1079 245 1138 quem
263 1058 295 1116 in
315 1054 468 1135 Evangelii
486 1051 531 1111 sui
551 1049 646 1109 lucem
665 1048 834 1124 adduceret,
853 1061 884 1108 et
902 1048 1054 1110 doctrinae
1073 1046 1171 1108 salutis
1191 1047 1285 1126 parti-
1389 1103 1393 1110 ,

159 1135 254 1226 dipem
279 1135 405 1204 faceret,
436 1150 492 1207 qua
517 1147 595 1186 eram
614 1124 674 1184 indi
697 1126 842 1186 nissimus:
874 1145 971 1206 neque
991 1124 1085 1185 bolum
1127 1143 1161 1183 ro
1182 1123 1284 1183 eadem

155 1208 355 1272 misericordia
375 1218 404 1266 et
424 1203 606 1286 benignitate
631 1145 721 1262 mufta
744 1222 809 1262 mea
824 1202 897 1272 ¹vitia
917 1214 948 1261 et
966 1213 1086 1282 peccata
1105 1144 1234 1280 benigne
1255 1211 1285 1258 et

157 1287 318 1348 elementer
346 1281 498 1356 toleravit,
523 1300 577 1370 pro
604 1278 709 1358 quibus
733 1290 833 1338 tamen
857 1277 994 1338 merebar
1014 1275 1134 1338 tab'illo
1159 1276 1240 1336 reiici
1255 1286 1286 1334 et

155 1359 351 1432 exterminari,
370 1377 471 1419 verum
492 1369 579 1416 ettam
598 1365 679 1416 tanta
691 1375 760 1448 erga
779 1375 827 1414 me
847 1355 1001 1422 clementia
1017 1366 1047 1414 et
1062 1353 1285 1414 mausuetudine

156 1451 203 1502 est
220 1459 300 1511 usus,
317 1445 351 1494 ut
370 1453 461 1515 opera
480 1454 545 1492 mea
566 1432 594 1491 di
618 1444 700 1492 natus
719 1444 757 1494 srt
776 1432 820 1491 uti
838 1433 870 1492 in
889 1429 1083 1513 praedicanda
1103 1441 1133 1489 et
1151 1429 1285 1509 promul-

65 1533 73 1556 ¹
156 1516 253 1599 ganda
270 1512 393 1576 veritate
412 1511 457 1572 sui
477 1451 641 1590 Evangeiii:
667 1520 819 1588 testorque
837 1530 873 1570 ac
913 1507 1049 1582 rofiteor,
1075 1506 1146 1566 mihi
1172 1525 1233 1566 esse
1253 1507 1285 1564 in

157 1593 272 1663 animo,
292 1587 372 1669 quod
391 1587 538 1666 reliquum
559 1599 603 1646 est
621 1587 696 1666 vitae
715 1587 747 1646 in
767 1585 867 1646 eadem
887 1531 945 1643 lde
966 1596 996 1645 et
1014 1584 1158 1666 religione
1177 1583 1285 1641 trausi-

157 1685 238 1751 gere,
258 1686 343 1745 quam
363 1663 434 1723 mihi
453 1683 507 1744 per
521 1661 714 1744 Evangelium
733 1685 816 1723 suum
835 1662 964 1736 tradidit,
984 1681 1082 1740 neque
1101 1659 1179 1719 aliud
1198 1678 1284 1738 prae·
1310 1671 1311 1676 ’
1399 1695 1400 1720 ι

157 1743 262 1806 sidium
282 1752 333 1802 aut
355 1741 522 1821 perfugium
546 1739 644 1800 salutis
669 1739 793 1814 babere,
818 1760 903 1818 quam
928 1736 1085 1818 gratuitam
1103 1736 1193 1817 ipsius
1212 1735 1285 1795 ado*-
1399 1747 1400 1756 ¹

156 1821 307 1902 ptiouem,
339 1837 395 1896 qua
419 1837 477 1876 una
502 1815 576 1876 salus
601 1835 666 1876 mea
685 1817 806 1889 nititur,
838 1837 871 1875 ac
890 1827 956 1875 toto
982 1826 1104 1894 pectore
1123 1811 1285 1894 amplector

158 1893 397 1969 misericordiam,
418 1904 610 1973 quapropter
624 1893 720 1952 Iesum
733 1892 882 1954 Christum
896 1912 965 1974 erga
984 1910 1032 1950 me
1045 1901 1089 1950 cst
1105 1909 1182 1963 usus,
1203 1909 1285 1949 com-

181 1993 284 2034 ensaus
309 1991 373 2049 mea
398 1970 519 2033 crimina
545 1991 610 2028 cum
635 1969 741 2028 merito
766 1968 868 2029 mortis
892 1980 923 2028 et
938 1986 956 2038 g
972 1966 1091 2028 assionis
1115 1966 1220 2045 ipsius,
1252 1975 1285 2022 ut

152 1993 212 2110 hac
232 2047 346 2115 ratione
366 2067 421 2126 pro
436 2045 606 2105 criminibus
620 2057 649 2104 et
661 2045 774 2105 delictis
786 2046 857 2106 meis
868 1989 1004 2104 omnibus
1016 2042 1145 2118 satisfiat,
1165 2062 1285 2101 eorum-

181 2145 218 2185 ue
236 2124 379 2184 memoria
400 2121 539 2182 deleatur.
583 2123 693 2183 Testor
713 2121 800 2181 etiam
819 2143 852 2182 ac
872 2121 1030 2200 profiteor,
1049 2139 1096 2178 me
1115 2118 1287 2199 suppliciter

117 2266 119 2270 Α
159 2223 175 2263 θ
199 2203 261 2292 ‘eo‘
281 2204 398 2294 petere,
429 2210 462 2258 ut
493 2198 532 2258 ita
558 2218 610 2290 me
628 2197 771 2258 'ablutum
802 2210 832 2257 et
854 2196 1120 2288 mundatumvelit
1143 2194 1286 2286 sangnine

86 2335 88 2356 ,
157 2299 261 2340 summi
281 2276 356 2336 illius
376 2275 579 2410 Redemptoms
600 2275 696 2334 effuso
719 2295 776 2354 pro
794 2273 913 2336 humaui
939 2292 1055 2356 generis
1079 2284 1221 2410 peccatis,
1251 2281 1286 2330 ut

158 2354 230 2414 mihi
251 2353 338 2414 liceat
356 2351 433 2432 apud
451 2352 490 2411 tri
513 2351 581 2412 uual
599 2353 688 2432 ipsius
708 2352 869 2412 consistere
889 2350 942 2410 sub
966 2351 1056 2430 ipsius
1109 2345 1285 2428 edemptoris

158 2430 293 2512 imagine.
330 2429 412 2494 Item,
426 2428 580 2508 profiteor,
599 2449 646 2487 me
666 2426 767 2488 sedulo
788 2449 843 2508 pro
862 2429 952 2487 modo
973 2428 1083 2509 gratiae
1101 2437 1131 2486 et
1148 2421 1286 2506 benigni·
1362 2435 1365 2441 '
1399 2451 1400 2466 ι

140 2555 143 2566 ,
162 2508 240 2580 tatis,
261 2505 408 2586 quaDeus
430 2525 499 2588 erga
518 2525 651 2566 mensus
672 2517 726 2581 est,
743 2501 869 2585 *operam
889 2505 1012 2578 dedisse,
1031 2515 1065 2563 ut
1083 2524 1148 2563 cum
1168 2501 1198 2559 in
1212 2521 1286 2561 con-

160 2583 305 2656 tionibus,
324 2594 387 2640 tum
407 2583 494 2640 etiam
514 2582 676 2662 inscriptis
697 2593 728 2641 et
746 2582 961 2642 commentariis
978 2601 1055 2674 pure
1076 2591 1106 2638 et
1125 2588 1200 2638 caste
1219 2595 1286 2637 ver·
1351 2595 1355 2600 ·

158 2660 229 2721 bum
249 2659 338 2738 ipsius
357 2657 569 2736 praedicarem,
595 2669 625 2716 et
650 2656 776 2716 fideliter
796 2659 912 2718 Sacram
932 2659 1020 2748 ipsius
1040 2656 1220 2734 scripturam
1238 2654 1285 2712 iu-

159 2745 348 2813 terpretarer.
388 2733 497 2790 Testor
516 2733 603 2792 etiam
629 2755 661 2794 ac
685 2733 845 2812 profiteor,
868 2754 915 2792 me
939 2755 970 2792 ιιι
995 2731 1237 2794 contentionibus
1255 2741 1286 2789 et

161 2806 406 2892 disputationibus
417 2807 564 2879 omnibus,
585 2808 739 2886 quaemihi
753 2829 817 2868 cum
829 2809 960 2868 hostibus
973 2809 1124 2890 Evangelii
1134 2807 1286 2870 habendae

60 2951 64 2964 ¹
160 2886 296 2959 luerunt,
324 2881 411 2942 nullis
430 2881 608 2964 praestigiis,
632 2883 718 2944 nullis
738 2883 818 2944 malis
842 2885 951 2945 artibus
971 2898 1002 2946 et
1020 2885 1182 2965 sophisticis
1202 2905 1285 2944 usum

160 2981 234 3037 esse,
253 2961 303 3022 sed
316 2959 437 3020 candide
457 2981 491 3020 ac
509 2960 624 3020 sincere
643 2961 808 3020 inveritate
827 2961 1040 3042 propugnanda
1052 2973 1197 3023 versatum
1214 2979 1285 3022 esse.

160 3040 291 3111 Verum,
320 3036 368 3095 hei
386 3036 473 3110 mihi,
503 3036 629 3096 studium
652 3037 724 3096 illud
748 3057 845 3096 meum
868 3051 900 3098 et
924 3038 1003 3098 zelus
1029 3035 1068 3119 (si
1087 3038 1145 3099 hoe
1164 3038 1300 3098 nomine
1399 3095 1400 3102 ,

127 3177 133 3184 ,
161 3115 266 3196 dignus
288 3113 345 3190 est)
365 3114 439 3173 adeo
460 3114 595 3174 remissus
615 3126 646 3174 et
665 3113 818 3195 languidus
838 3115 909 3188 suit,
935 3127 969 3173 ut
987 3116 1139 3175 innumera
1159 3115 1230 3174 mihi
1250 3113 1286 3174 ad

158 3211 265 3250 munus
276 3209 374 3249 meum
393 3189 542 3270 praeclare
561 3190 878 3272 fungendumdefuisse
890 3190 990 3264 fatear,
1010 3213 1054 3269 ac,
1073 3191 1129 3252 nisi
1147 3192 1287 3252 immensa

78 3339 81 3347 Ι
159 3267 220 3327 Dei
239 3265 404 3348 benignitas
424 3266 494 3326 mihi
519 3267 663 3342 affuisset,
692 3279 789 3328 totum
818 3267 889 3328 illud
920 3269 1048 3330 studium
1076 3287 1174 3328 meum
1199 3269 1286 3328 inane

74 3350 78 3362 ¹
161 3355 191 3404 at
212 3362 250 3401 ue
275 3343 426 3402 evanidum
451 3343 582 3404 futurum
607 3343 709 3418 fuisse,
763 3344 813 3403 uin
838 3345 926 3405 etiam
956 3365 1107 3427 agnosco,
1135 3335 1191 3404 nisi
1214 3343 1287 3403 mihi

65 3479 66 3484 ,
160 3365 262 3481 eadem
282 3418 446 3500 benignitas
465 3419 610 3496 affuisset,
641 3421 730 3480 animi
743 3365 828 3480 hona
837 3465 848 3494 ‚
877 3442 952 3500 quae
976 3423 1047 3481 mihi
1064 3422 1145 3481 Deus
1165 3421 1287 3503 largitus
1345 3435 1349 3442 “

160 3508 214 3570 est,
234 3496 325 3576 magis
345 3517 378 3554 ae
398 3496 488 3632 magis
507 3519 555 3557 me
573 3497 675 3578 culpae
695 3507 782 3577 atque
802 3497 933 3580 ignaviae
953 3518 1035 3559 reum
1056 3499 1132 3577 apud
1153 3499 1212 3558 eius
1232 3499 1286 3556 tri-

159 3572 251 3634 bunal
270 3573 424 3651 pe‘ractuca
458 3573 546 3633 uisse:
567 3596 636 3654 quas
648 3573 687 3635 ob
708 3593 754 3634 res
773 3586 868 3634 testor
887 3597 919 3636 ae
940 3575 1093 3656 profiteor,
1114 3574 1226 3634 nullum
1238 3593 1286 3633 me

160 3644 238 3711 aliud
257 3648 432 3739 praesidium
452 3649 551 3709 salutis
567 3671 699 3730 sperare,
718 3650 773 3712 nisi
792 3651 849 3711 hoc
868 3674 975 3724 unum,
997 3653 1077 3730 quod
1097 3673 1185 3732 quum
1204 3651 1286 3710 Deus

157 3739 243 3807 pater
263 3725 488 3786 misericordiae
517 3726 554 3785 sit
579 3748 645 3788 sese
669 3728 757 3801 mihi,
807 3727 837 3785 ui
868 3749 915 3788 me
939 3731 1285 3808 miserumpeccatorem

159 3821 300 3886 agnosco,
318 3813 432 3879 patrem
453 3803 597 3864 ostendat.
648 3804 739 3879 Quod
758 3749 904 3888 reliquum
922 3816 980 3879 est,
1013 3805 1081 3866 volo
1102 3816 1169 3884 post
1188 3823 1285 3864 meum

159 3897 194 3940 eu
213 3879 267 3945 bac
285 3878 344 3939 vita
369 3876 541 3950 discessum,
572 3901 679 3960 corpus
704 3901 800 3940 meum
824 3893 919 3940 terrae
940 3883 1073 3941 mandari
1102 3901 1138 3940 eo
1160 3881 1225 3940 ritu
1251 3902 1286 3940 ac

73 3997 81 4014 .
157 3956 266 4030 modo,
284 3954 334 4034 qui
354 3953 383 4012 in
405 3953 458 4016 bae
478 3955 598 4016 ecclesia
620 3969 650 4016 et
670 3957 784 4018 civitate
803 3958 925 4017 usitatus
946 3970 1005 4030 est,
1026 3959 1094 4018 dum
1114 3957 1217 4017 beatae
1236 3959 1285 4016 re·
1356 3977 1366 3992 ·

130 4032 347 4092 'surrectionis
379 4030 439 4090 dies
464 4031 605 4092 adveniat.
654 4033 804 4118 Quantum
828 4029 990 4094 ad'tenues
1016 4035 1183 4109 facultates,
1215 4054 1284 4113 quas
1399 4019 1400 4042 ¹

157 4107 229 4165 mihi
239 4108 320 4168 Deus
339 4107 458 4188 largitus
479 4118 532 4182 est,
552 4109 667 4188 dequo
689 4111 719 4170 in
741 4111 797 4170 hoc
816 4122 991 4172 testamento
1010 4112 1168 4191 disponere
1186 4110 1291 4181 statui,¹

156 4180 259 4246 haeres
285 4205 366 4244 meus
388 4195 450 4244 esto
465 4183 618 4256 uAutduius
640 4187 793 4262 Calvinus,
820 4186 909 4246 frater
928 4209 1009 4247 meus
1028 4188 1208 4262 carissimus,
1232 4187 1284 4246 sed
1318 4254 1320 4258 .

108 4269 109 4276 ’
156 4255 279 4317 honoris
300 4281 383 4320 causa
403 4261 551 4321 duntaxat:
576 4262 798 4343 praecipitoque
826 4285 858 4322 ac
882 4262 938 4323 sibi
958 4263 1066 4325 habeto
1086 4275 1216 4343 pateram
1236 4285 1305 4322 arv
1384 4270 1390 4278 “

155 4343 307 4412 genteam,
326 4336 491 4415 quaemihi
510 4360 526 4398 a
547 4339 697 4400 Varannio
718 4339 798 4399 dono
820 4339 884 4400 data
905 4351 965 4414 est,
987 4361 1136 4419 quaeum
1157 4353 1283 4402 conten-

154 4419 218 4534 tpm
230 4428 292 4472 esse
309 4414 405 4492 cupio.
435 4415 509 4479 Nam
526 4436 718 4498 quaecunque
737 4416 769 4478 in
787 4416 968 4504 haereditate
987 4437 1052 4480 mea
1071 4417 1181 4497 reliqua
1201 4427 1280 4495 sunt,

244 4511 247 4534 ι
