2786 4742
362 204 443 290 (1⁰6.
462 173 610 273 Pharisaei
628 211 742 292 signino
761 217 937 288 poscentes.)
1157 214 1214 276 805

91 349 268 440 discipulos,
293 355 339 416 fac
358 368 391 416 ut
411 375 427 415 e
447 339 795 431 coeldtestetnrdleus,
817 371 849 415 se
867 354 911 414 tui
930 326 1090 438 magister-ii
1108 364 1210 416 aucto·

11 441 19 506 2
90 459 154 498 rem
176 455 301 506 esseae
321 429 462 492 miraculo
482 431 667 493 vocationem
688 429 871 490 confirmet..
987 443 991 454 “

11 513 20 575 ‘f
133 525 138 534 ¹
167 511 270 575 Matth.
284 515 336 574 39.
378 508 532 573 &eumatio
545 527 652 582 prava.
696 507 767 566 Non
786 517 898 568 tanturn
918 506 1016 566 aetatis
1034 506 1210 572 illiusnali-

13 605 19 612 ''
91 581 162 650 tiam
182 598 311 660 accusat,
338 585 389 645 sed
408 583 533 644 Iudaeos
558 582 690 642 nominat
710 593 829 662 gentem
854 599 1035 662 perversam,
1059 585 1104 645 vel
1131 597 1212 644 certe

13 697 18 735 ζ
91 665 201 727 scribas
222 675 251 721 et
272 682 374 722 eorum
392 659 513 725 similes:
542 659 705 740 significans
724 657 804 718 velut
828 657 1051 726 haereditarium
1075 660 1130 721 illis
1149 680 1212 722 esse

11 775 19 817 ᾖ
91 739 270 823 pervicaciae
289 737 433 798 morbum.
476 737 552 796 Nam
571 733 653 808 γενεὰ
671 734 818 806 interdum
863 756 897 794 ro
922 734 1038 794 saeculo
1065 757 1145 812 uno,¹
1166 738 1212 797 in·

11 819 17 837 ⁵
92 818 208 877 terdum
229 837 283 896 pro
304 826 392 896 gente
411 811 458 873 vel
476 813 595 872 natione
616 810 764 892 accipitur.
802 757 962 872 Adulteros
980 831 1050 872 vero
1071 810 1140 871 dixit
1157 833 1212 892 pro

11 895 19 938 l
94 893 262 960 adulterinis
282 891 328 950 vel
346 889 464 970 spuriis,
486 887 577 964 tquod
593 903 617 968 μ’
638 887 743 947 sanctis
775 887 903 965 patribus
924 888 1084 969 degeneres
1105 897 1213 948 essent:

93 969 178 1034 sicuti
202 968 303 1028 aetatis
327 987 395 1026 suae
422 962 577 1026 incredulis
603 963 782 1045 exprobrant
800 964 985 1043 Prophetae,
1013 984 1074 1024 non
1100 983 1161 1024 esse
1181 985 1214 1024 er

15 1105 16 1108 ,
94 1045 243 1104 Abraham
284 1043 444 1126 rogenitos,
463 1038 514 1099 sed
534 1041 686 1119 profanum
707 1060 806 1100 semen
828 1040 957 1102 Cahaan.
994 1041 1081 1100 Nunc
1100 1041 1215 1132 quaeri-

11 1127 16 1141 *
94 1133 157 1194 tur,
187 1143 222 1179 an
247 1065 315 1178 ideo
342 1115 473 1179 Christus
500 1128 557 1175 tam
582 1115 691 1174 duriter
722 1136 772 1176 eos
798 1116 941 1196 apellet,
974 1116 1043 1196 quia
1065 1116 1119 1194 sihi
1152 1117 1215 1176 dari

94 1199 119 1257 si
142 1217 210 1256 num
230 1190 411 1288 optaverint:
441 1213 508 1252 nam
533 1189 602 1250 alihi
620 1189 702 1250 Deus
721 1137 864 1266 ostendit,
894 1215 955 1253 non
977 1203 1135 1273 tantopere
1158 1193 1217 1252 hoe

11 1301 15 1341 t
94 1216 152 1334 sili
171 1261 333 1353 disphcere.
371 1269 493 1352 Signum
513 1267 587 1347 petit
608 1264 975 1346 Gideon(1ud.6,17.),
998 1289 1059 1328 non
1083 1268 1217 1328 irascitur

94 1351 192 1423 Deus,
210 1348 262 1408 sed
282 1347 342 1407 eius
361 1358 431 1406 voto
451 1345 568 1416 annuit,
594 1354 625 1403 et
644 1363 809 1421 quanquam
826 1347 994 1427 importune
1017 1345 1132 1426 pergit,
1155 1345 1216 1406 eius

96 1437 194 1484 tamen
214 1419 374 1483 infirmitati
387 1421 467 1484 Deus
481 1420 617 1501 indulget
627 1417 768 1479 Ezechiae
781 1441 845 1479 non
862 1422 996 1499 poscenti
1012 1420 1090 1481 ultro
1101 1422 1216 1503 signum

11 1506 41 1567 ἒ,
96 1499 226 1560 offertur
250 1499 320 1577 (Ies.
344 1504 398 1572 38,
421 1501 496 1574 22.):
526 1516 627 1558 severe
653 1507 748 1555 autem
768 1495 994 1576 reprehenditur
1010 1497 1123 1572 Achas,
1152 1497 1218 1575 quia

11 1588 15 1650 ξ
97 1578 213 1658 signum
232 1587 351 1656 petere,
370 1585 410 1642 ut¹
422 1577 514 1634 iussus
534 1574 629 1633 fuerat
652 1593 668 1632 a
686 1571 850 1652 Propheta,
875 1585 990 1636 recuset
1000 1573 1076 1650 (les.
1096 1574 1215 1650 7,11.).

96 1655 139 1712 Er
161 1673 179 1712 o
199 1673 260 1712 nou
279 1651 449 1732 simpliciter
467 1649 575 1710 scrihas
595 1647 734 1731 obiurgat
753 1647 903 1722 Christus,¹
930 1651 1009 1728 quod
1028 1651 1142 1731 signum
1162 1669 1218 1729 po-

97 1673 224 1800 stulent,
243 1727 299 1805 sed
314 1727 393 1806 quod
412 1726 479 1786 Deo
499 1725 687 1806 ingrati,'tot
705 1725 768 1786 eius
787 1725 943 1786 virtutibus
963 1724 1087 1806 maligne
1105 1727 1220 1804 spretis,

11 1849 13 1888 ,
98 1803 312 1886 subterfugium
325 1814 453 1884 captent,
472 1823 510 1861 ne
524 1793 664 1862 oh‘ediant
675 1802 735 1872 eius
745 1800 846 1862 verbo.
873 1801 964 1864 Cuius
976 1800 1065 1873 euim,
1079 1821 1140 1863 noo
1152 1801 1218 1862 dico
1237 1815 1240 1820 '

11 1950 12 1954 Ἰ
98 1879 261 1954 socordiae,
280 1877 331 1940 sed
350 1880 478 1940 lnalitine
498 1891 560 1940 erat
578 1878 614 1938 ad
633 1889 681 1938 tot
700 1879 723 1938 si
747 1900 781 1938 na
801 1878 937 1938 claudere
957 1875 1077 1939 oculos?
1100 1875 1220 1938 Frustra

11 1963 13 1970 '
97 1957 108 2016 i
130 1957 188 2017 itur
207 1955 322 2026 molesti
341 1968 434 2030 erant,
454 1975 550 2036 neque
570 1955 627 2014 alio
646 1954 735 2014 tende
759 1966 788 2014 at
804 1955 956 2014 eonsilium
976 1953 1032 2013 nisi
1050 1965 1084 2012 ut
1101 1951 1220 2032 impune

11 2075 14 2094 ,
99 1976 248 2097 &hristum
268 2031 437 2090 reiicerent:
457 2033 535 2088 idem
555 2032 654 2090 vitium
675 2030 706 2086 in
725 2031 850 2108 posteris
870 2028 1112 2104 damnatPaulus,
1131 2049 1220 2107 quum

11 2157 14 2168 r
100 2105 169 2166 dicit
187 2106 311 2164 Iudaeos
331 2105 414 2185 signa
436 2124 576 2182 quaerere
595 2103 650 2237 qu.
672 2103 745 2162 Cor.
764 2111 798 2174 1,
816 2110 884 2179 22).
923 2106 1046 2180 Signum
1062 2125 1121 2164 oon
1139 2101 1221 2162 dott-

11 2191 12 2194 ’
98 2196 147 2240 tur
164 2183 200 2240 ei.
239 2180 336 2239 Variis
356 2179 474 2270 quidem
493 2180 601 2238 miracu
614 2178 638 2236 is
658 2190 760 2256 postea
779 2179 897 2238 suerunt
923 2181 1065 2254 convicti,
1090 2200 1144 2240 nec
1169 2180 1220 2240 de-

11 2291 12 2294 *
99 2257 173 2319 stitit
192 2255 325 2338 §hristus
345 2265 480 2314 virtutem
500 2275 580 2314 suam
600 2255 676 2344 apud
696 2273 747 2314 eos
768 2275 912 2330 exserere,
933 2255 1221 2346 quoiuexcusahiles

11 2391 12 2394 ,
102 2333 247 2392 redderet.
287 2331 347 2390 Sed
368 2342 479 2390 tantum
500 2330 647 2412 intelligit,
667 2329 782 2412 signum
803 2353 892 2392 unum
913 2332 968 2392 tlhs
988 2333 1078 2392 instar
1091 2333 1221 2392 omnium

11 2485 12 2488 Ἴ
100 2411 179 2468 sore:
213 2411 279 2487 quia
309 2407 423 2488 indigni
454 2407 526 2481 sint,
556 2428 681 2485 quorum
710 2407 816 2486 impiae
846 2407 996 2500 cupiditati
1026 2407 1124 2467 obtem
1150 2421 1220 2478 eret.

102 2485 246 2552 Contenti
266 2483 333 2559 sint,
352 2483 463 2563 inquit,
494 2483 551 2550 hoc
570 2484 672 2576 signo,
701 2484 779 2562 quod
809 2484 893 2544 sicuti
913 2483 999 2544 lonas
1020 2503 1053 2543 ex
1073 2429 1221 2564 prolundo

11 2568 13 2604 ³
102 2562 172 2620 mari
199 2579 324 2621 emersus
343 2558 480 2621 Ninivitis
506 2562 701 2641 praedicavit,
732 2562 771 2618 ita
797 2560 851 2640 ipsi
877 2580 979 2621 vocem
1005 2560 1127 2620 redivivi
1145 2561 1221 2620 Pro·
1248 2591 1252 2634 1
1318 2566 1321 2574 “

101 2637 206 2718 phetae
227 2637 354 2697 audient.
406 2637 491 2710 Scio,
522 2657 537 2696 a
565 2637 711 2717 plerisque
737 2637 865 2718 argutius
890 2637 997 2715 exponi
1017 2637 1095 2696 hunc
1114 2635 1222 2711 locum,

101 2714 153 2774 sed
172 2734 260 2794 quum
280 2713 358 2773 iuter
370 2711 518 2774 Christum
539 2725 570 2773 et
588 2716 691 2774 Iouam
711 2733 772 2772 non
793 2714 947 2774 conveniat
965 2712 995 2771 in
1007 2711 1135 2798 ¹singulis
1154 2734 1222 2792 par-

102 2790 179 2850 tihus
195 2785 373 2863 himilitudo,
398 2790 554 2849 videndum
574 2802 635 2866 est,
661 2801 802 2870 quatenus
825 2809 857 2849 se
878 2789 1009 2851 Christus
1028 2790 1125 2849 Ionae'
1141 2811 1223 2849 corn-

11 2875 14 2910 ’ἱ
101 2876 194 2960 paret.
232 2865 297 2946 Ego
318 2877 414 2926 autem
425 2867 536 2926 omissis
549 2867 671 2926 aliorum
691 2889 703 2926 s
727 2865 950 2939 eculotionihns,
965 2865 1023 2925 hoc
1042 2888 1131 2925 unum
1143 2865 1223 2946 quod

101 2963 157 3003 ram
177 2942 261 3036 attigi
281 2943 377 3001 notari
395 2954 478 3022 puto,
497 2942 676 3023 Prophetam
696 2887 749 3003 illis
771 2943 899 3002 sutorum
919 2953 1072 3022 postquam
1092 2964 1108 3001 a
1127 2953 1224 3001 morte

101 3027 272 3092 surrexerit,
293 3019 351 3078 acsi
365 3019 490 3093 dixisset,
511 3021 572 3079 Vos
585 3019 642 3078 Dei
655 3019 769 3093 Filium,
786 3021 839 3156 qui
859 3040 874 3078 e
889 3005 973 3078 coelo
987 3019 1022 3077 ad
1037 3040 1089 3079 vos
1103 3018 1223 3078 descen-

103 3095 155 3166 dit,
176 3095 378 3156 contemnitis:
404 3099 493 3154 restat
513 3116 584 3177 ergo
601 3108 641 3156 'ut
666 3108 760 3155 morte
807 3097 939 3156 efunctus
966 3114 982 3153 e
1006 3093 1140 3175 sepulcro
1161 3115 1223 3154 sur-

11 3191 12 3250 ]
101 3191 180 3252 garn,
200 3181 230 3228 et
249 3169 399 3252 redivivus¹
413 3169 635 3255 vohislo'q'oar,
654 3173 728 3232 sicut
747 3173 833 3232 Ionas
854 3193 887 3230 ex
907 3171 1056 3264 profundo
1076 3170 1148 3230 utari
1168 3171 1223 3229 Ni-

11 3269 12 3322 ]
101 3246 190 3306 niven
209 3247 297 3307 venit'.
337 3246 396 3307 ‘Sic
426 3249 623 3329 ergo·⁵pravis
648 3268 749 3308 eorum
802 3249 933 3319 ostulatrs
957 3269 1054 3315 ansam
1085 3247 1225 3328 praecidit

11 3339 12 3344 ’
102 3320 264 3398 Dominus,
290 3335 322 3382 ut
346 3343 386 3382 se·
403 3322 459 3384 illis
485 3325 740 3388 a'resurrectione
780 3326 944 3405 rophetam
970 3325 1034 3384 lore
1060 3324 1223 3398 denuntiet,

102 3397 220 3478 quando
246 3399 362 3458 indutus
383 3403 616 3480 carne-,mortali
639 3424 700 3476 non
725 3402 872 3482 recipitur.
913 3401 997 3480 llpud
1017 3401 1123 3460 Lucam
1145 3400 1225 3472 dicit,

102 3495 134 3534 se
154 3473 210 3535 illis
231 3475 298 3535 lore
315 3477 439 3556 signum,
447 3471 542 3536 'tsi'outi
554 3479 640 3538 Ionas
649 3478 785 3547 Ninivitis
804 3479 908 3540 luerat.
946 3479 1045 3556 lmpro
1070 3478 1111 3535 rie
1129 3487 1225 3535 autem

102 3551 226 3610 sumitur
246 3572 354 3610 nomen
370 3555 464 3626 signi,
491 3574 551 3613 noo
572 3555 651 3632 quod
677 3554 784 3634 aliquid
809 3556 979 3635 portendat,
1005 3499 1066 3612 sedl
1075 3552 1156 3630 quod
1177 3571 1225 3610 re-

103 3638 217 3693 motum
238 3639 281 3688 est
300 3649 316 3687 o
336 3642 477 3691 consueto
498 3637 617 3689 naturae
637 3630 755 3690 ordine:
775 3631 859 3691 sicuti
879 3631 963 3711 prodi
987 3630 1046 3689 iosa
1066 3627 1122 3686 luit
1134 3627 1224 3688 Ionae

103 3703 218 3777 missio,
242 3725 341 3783 quum·
359 3712 392 3763 e'x
411 3716 517 3765 ventre·
539 3705 626 3785 piscis
651 3707 772 3784 quasie
794 3707 928 3788 sepulcro
950 3649 1069 3765 eductus
1090 3715 1149 3778 est,
1175 3704 1225 3780 qui

102 3778 246 3839 Ninivitas
265 3780 301 3841 ad
321 3781 529 3861 poenitentiam
549 3796 676 3842 vocaret.
714 3783 750 3842 In
767 3782 858 3842 trihus
878 3781 1004 3844 noctibus
1015 3780 1226 3862 synecdochica

104 3867 150 3916 est
169 3855 314 3935 loquutio,
334 3867 367 3916 ut
384 3858 451 3918 satis
471 3871 573 3918 notum
594 3871 645 3919 est.
684 3859 759 3918 Nam
772 3859 838 3938 quia
860 3881 917 3918 nox
936 3872 979 3920 est
996 3856 1054 3916 diei
1073 3856 1226 3937 appendix,

102 3930 281 3992 velduahus
301 3933 429 4012 partibus
449 3945 563 3994 constat
584 3936 660 4012 dies,
681 3935 747 3994 luce
768 3949 797 3994 et
816 3936 961 4010 tenebris,
986 3934 1061 3993 diem
1081 3953 1171 3992 unum
1191 3931 1226 3992 ah

102 4005 160 4066 illis
181 4008 314 4068 Christus
334 4010 466 4090 designat
486 4023 515 4069 et
534 4013 680 4092 integrum
700 4012 778 4070 diem
798 4011 883 4091 ponit
901 4033 956 4092 pro
977 4009 1107 4076 dimidio.
1156 4043 1161 4050 ·

180 4091 227 4148 «11.
271 4083 344 4142 Viri
361 4085 510 4146 Ninivitas
527 4102 644 4163 surgent
661 4092 693 4145 in
711 4086 827 4147 iudicio.
868 4088 1018 4162 Quoniam
1039 4086 1075 4144 de
1093 4082 1227 4145 Ninivitis

105 4157 197 4218 lactus
217 4172 279 4222 crat
298 4180 404 4236 sermo,
426 4162 558 4224 Christus
576 4165 729 4224 occasione
748 4175 860 4244 sumpta
881 4162 937 4222 illis
957 4161 1044 4244 longe
1066 4160 1227 4221 deteriores

105 4253 169 4294 esse
188 4236 316 4298 ostendit
334 4238 440 4299 scribas
462 4251 491 4298 et
510 4241 592 4314 alios,
611 4239 743 4320 aquibus
762 4261 813 4300 sua
826 4238 960 4300 doctriua
972 4237 1126 4317 respuitur.
1151 4237 1227 4298 Pro·

105 4309 177 4383 fani,
198 4313 302 4391 inquit,
323 4315 466 4392 homines,
489 4318 537 4396 qui
547 4317 667 4380 verbum
687 4315 884 4394 nunquamde
897 4314 1045 4379 veroDeo
1066 4313 1226 4394 audierant,

130 4411 220 4458 caretur
235 4427 316 4460 eom.
332 4418 356 4461 tn
370 4418 450 4462 narn.
468 4417 511 4462 nv.
530 4418 583 4463 vot·
597 4419 616 4462 r.
992 4395 1031 4454 ²⁰
1052 4441 1059 4462 x
1117 4419 1136 4482 ’.
