2824 4756
387 261 392 266 -
503 223 565 301 (16.
584 217 665 280 Iesus
684 193 833 306 nascitpn)
971 271 986 322 '.
1088 227 1089 234 ’
1192 226 1231 288 57

86 373 213 442 zareth
234 353 268 436 ln
286 368 447 444 Iudaeam,
466 369 499 432 in
522 363 636 431 urbem
649 364 767 444 David,
784 388 867 452 qnae
885 365 1232 466 vocaturBethlebem,

92 476 197 562 (quia
221 482 348 539 crat‘ex
369 469 467 534 dorno
489 477 521 532 et
544 468 736 551 cognatione
757 464 888 550 David),
907 468 936 534 b.
957 469 1003 534 Ut
1020 469 1232 556 profiteretur

7 583 9 602 ¹
89 597 172 640 cum
195 573 302 640 Maria
324 570 483 658 desponsa
505 566 568 634 sihi
589 589 698 646 uxore,
719 588 802 654 quae
826 562 1099 654 erat'praeguans.
1128 571 1158 637 6.
1168 571 1233 636 Ac·

7 675 8 690 ³
89 676 182 740 cidit
212 682 317 736 autem
344 690 440 758 quum
467 667 515 734 ibi
543 677 665 746 essent,
698 666 852 754 completi
879 677 953 732 sunt
978 668 1047 734 dies
1073 671 1230 774 pariendi.

92 777 126 841 7.
154 775 202 838 Et
225 773 350 862 peperit
370 769 481 835 dilium
509 791 600 834 snum
628 771 876 854 primogenitum
899 788 937 830 ac
963 767 1067 833 fasciis
1086 781 1160 836 enm
1181 773 1242 838 in!

94 870 225 952 volvit,
261 871 494 956 reclinavitquc
518 891 590 935 eum
611 867 646 934 ln
667 871 834 958 praesepi,
860 865 950 956 quod
978 864 1047 934 ιἰοιι
1073 881 1157 937 esset
1183 875 1230 938 eie
1286 919 1290 936 ι

94 959 252 1041 thouara
274 971 463 1038 diversorio.
1064 977 1083 987 ”

81 1163 84 1171 ¹
179 1115 289 1192 Nariat
308 1129 413 1202 Lucas,
435 1123 587 1207 quomodo
607 1125 715 1187 sactum
735 1127 840 1204 fuerit,
859 1138 893 1190 ut
911 1137 1082 1190 nasceretur
1102 1125 1235 1192 Christus
1332 1163 1334 1170 v

93 1211 128 1270 ln
156 1207 237 1268 urbe
255 1205 448 1284 Bethlehem,
479 1225 570 1284 quum
588 1203 681 1263 Maria
711 1217 805 1264 mater
834 1207 896 1266 eius
926 1204 995 1264 alibi
1027 1204 1150 1286 degeret
1180 1205 1235 1266 iarn

93 1285 198 1368 partui
219 1284 324 1358 vicina,
361 1283 408 1341 'Ac
427 1281 553 1374 primum
575 1279 700 1340 excludit
718 1280 874 1342 humanum
895 1281 1062 1354 consilinm,
1081 1303 1171 1360 quum
1192 1282 1237 1341 di-

95 1366 154 1438 cit,
176 1355 291 1441 Ioseph
312 1369 344 1418 et
361 1359 484 1418 Mariam
514 1356 619 1418 relicta
648 1357 737 1418 domo
768 1357 837 1418 illuc
860 1359 988 1432 venisse,
1019 1370 1052 1420 ut
1076 1358 1239 1422 secundum

94 1439 244 1500 familiam
264 1457 298 1496 ac
318 1446 438 1516 gentem
458 1453 536 1494 suam
556 1433 777 1514 profiterentur.
816 1434 848 1494 Si
859 1434 924 1495 data
940 1455 1032 1516 opera
1053 1445 1083 1496 et
1099 1435 1237 1496 consulto

95 1517 201 1577 locum
216 1523 405 1586 mutassent,
432 1524 466 1570 nt
484 1521 602 1591 pareret
620 1509 712 1570 Maria
732 1509 761 1568 in
782 1509 972 1584 Bethlehem,
996 1523 1108 1584 tantum
1128 1510 1159 1570 in
1180 1511 1238 1572 ho-

95 1595 197 1668 mines
218 1592 299 1670 ipsos
319 1588 427 1648 intenti
447 1607 586 1648 essemus:
607 1607 686 1646 nunc
705 1596 789 1664 verd,
811 1608 900 1668 quum
920 1587 992 1648 nihil
1012 1587 1089 1652 alind
1109 1586 1240 1653 habeant

95 1669 313 1750 propositum,
347 1685 431 1743 quarn
458 1675 490 1724 ut
508 1663 635 1746 Augusti
659 1662 757 1724 edicto
783 1675 920 1800 pareant,
948 1665 1015 1726 satis
1041 1664 1239 1759 agnoscimus,

97 1768 151 1807 eos
174 1763 340 1814 coecorum
359 1743 451 1801 instar
468 1741 527 1802 Dei
545 1763 634 1802 manu
653 1739 742 1800 luisse
762 1739 782 1799 il
795 1761 831 1802 nc
851 1740 1003 1815 deductos,
1021 1741 1072 1802 abr
1088 1741 1239 1804 Christum

97 1824 179 1884 nasci
208 1818 356 1901 oportuit.
395 1819 521 1881 Videtur
545 1817 663 1899 quidem
690 1817 746 1878 hoc
766 1837 829 1879 csse
861 1817 1035 1894 samnitum,
1066 1818 1152 1880 sicuti
1182 1817 1239 1885 alia

98 1899 213 1974 omnia,
236 1916 312 1976 quae
324 1906 406 1956 certo
427 1895 579 1956 hominum
596 1893 723 1956 consilio
743 1915 805 1970 npn
826 1905 980 1976 reguntur,
1000 1895 1136 1960 fortunas
1149 1895 1240 1956 ascri-

97 1975 179 2035 hunt
199 1973 322 2055 profani
344 1972 493 2034 homines:
522 1973 604 2053 atqui
636 1993 698 2032 non
724 1971 896 2052 simpliciter
921 1973 1067 2053 respicere
1088 1971 1240 2046 convenit,

100 2053 333 2132 qnid-geratur,
363 2049 413 2109 sed
441 2050 471 2108 iu
491 2049 670 2119 memoriam,
683 2047 768 2126 simul
788 2049 889 2108 venire
909 2049 1014 2124 debet,
1045 2049 1115 2128 quid
1140 2048 1239 2110 multis

100 2141 171 2188 ante
200 2125 323 2188 saeculis
349 2126 527 2205 praedictum
552 2125 643 2186 luerit
666 2145 682 2183 a
702 2125 922 2204 Propheta,'et
947 2126 1128 2206 comparatio
1161 2126 1241 2186 clare

102 2205 262 2277 ostendet,
287 2222 348 2261 non
369 2202 432 2280 sine
453 2201 617 2261 admirabili
635 2199 694 2258 Dei
717 2200 901 2281 providentia
921 2223 1040 2262 censum
1060 2215 1130 2262 tunc
1149 2201 1241 2264 luisse

101 2282 275 2341 edictuma
301 2277 427 2338 Caesare
452 2278 610 2359 Augusto,
632 2287 663 2334 et
681 2275 789 2356 loseph
816 2288 846 2336 et
870 2277 993 2338 Mariam
1019 2277 1108 2339 domo
1133 2278 1259 2357 pedem'

100 2359 255 2427 movisse,
283 2364 317 2412 ut
341 2351 405 2432 ipso
431 2355 573 2434 temporis
600 2350 724 2418 articulo
749 2353 890 2412 venirent
911 2352 944 2412 in
963 2352 1151 2436 lietblehem.
1195 2353 1241 2420 Ita

7 2447 8 2486 ι
101 2434 241 2493 videmus
254 2439 369 2488 sanctos
390 2430 537 2490 interdum
550 2429 609 2488 Dei
627 2447 736 2500 servos,
756 2427 868 2488 etiarnsi
885 2439 1028 2492 mentera
1052 2440 1138 2488 entur
1156 2428 1242 2490 inscii

103 2527 252 2590 quorsum
275 2505 414 2578 tendant,
445 2516 557 2580 rectam
579 2515 679 2564 tamen
698 2505 772 2562 viam
790 2515 914 2578 tenere,
946 2503 1013 2582 quia
1063 2523 1114 2564 eus
1139 2523 1243 2566 eornm

56 2615 59 2623 2
104 2585 201 2668 pedes
224 2581 332 2662 dirigit.
377 2581 441 2642 Nec
460 2581 554 2642 minus
574 2581 608 2654 in
620 2593 663 2638 'eo
684 2599 714 2640 se
755 2579 850 2640 refert
869 2577 1045 2642 admirabilis
1065 2579 1123 2642 Dei
1143 2582 1245 2661 provi·

105 2657 323 2740 ‹lentia‚'quod
343 2659 527 2738 tyrannicum
546 2655 702 2794 imlperium
746 2655 836 2716 ariam
855 2655 946 2734 domo
967 2657 1099 2732 extrahit,
1119 2669 1151 2717 ut
1170 2679 1245 2739 pro·
1274 2673 1276 2680 ’

105 2737 210 2824 phetia
232 2734 399 2814 impleatur.
444 2735 557 2798 Locum
610 2753 660 2794 eus
685 2753 740 2814 per
763 2732 1173 2828 Prpphetatnfdesignaverat
1197 2742 1245 2808 (ut

7 2871 8 2894 ἦ
106 2827 214 2954 postca
233 2809 427 2890 videbimus),
451 2811 615 2874 ubi-lilium
637 2830 720 2872 snum
740 2831 820 2872 nasci
839 2810 941 2872 uellet:
971 2811 1026 2872 nisa
1044 2835 1073 2874 vr
1092 2811 1245 2892 compulsa

122 2915 150 2950 U

153 2889 346 2966 ssetlllaria,
366 2889 447 2981 domi
467 2909 572 2971 parere
592 2898 742 2948 statuerat.
780 2886 870 2948 Iubet
887 2888 1036 2982 Angustus
1056 2907 1175 2980 censum
1196 2889 1245 2972 agi
1326 2925 1329 2934 .

109 2969 138 3028 ¹¹¹
160 2967 286 3103 ¹i¹⁶²i³’
307 2967 635 3105 iia⁵¹⁰b¹i¹i⁸aiiiiii
652 2966 741 3102 bi‘i’
767 2963 1246 3108 iiiiiiuui'adffliihiibiiii

107 3064 312 3200 {dnadhahitz
337 3065 417 3200 qnold
437 3122 517 3180 Deus
543 3140 559 3180 a
586 3118 697 3199 populo
722 3065 776 3180 ado
803 3064 1067 3204 exigehestoldbat.
1110 3118 1146 3179 Id
1170 3139 1242 3185 vero

134 3197 238 3256 erinde
257 3209 332 3270 erat,
354 3197 548 3261 acsilndaeos
567 3217 691 3277 prorsus
706 3191 764 3256 sibi
783 3195 920 3256 addicens
938 3206 1052 3256 vetaret
1071 3196 1193 3279 posthac
1211 3197 1244 3258 in
1270 3211 1271 3216 ’

109 3217 168 3332 bei
188 3273 302 3354 populo
324 3266 586 3346 censert''“Quum
606 3273 645 3332 ita
665 3271 701 3331 ad
721 3272 851 3333 ultimam
871 3272 1105 3352 desperationem
1124 3286 1246 3336 ventum
1282 3339 1285 3352 ‚

112 3361 175 3424 est,
201 3359 233 3409 et
253 3350 389 3409 videntur
419 3349 520 3411 ludaei
553 3348 583 3408 in
614 3359 790 3429 perpetuum
819 3349 913 3410 aDei
939 3349 1063 3428 imperio
1089 3352 1193 3411 resecti
1214 3363 1245 3412 et
1298 3377 1305 3384 ·

113 3425 231 3486 alienati
257 3447 334 3499 esse,
367 3446 428 3485 non
458 3426 554 3488 solnm
573 3425 654 3486 Deus
682 3437 804 3504 repente
825 3437 856 3485 et
874 3437 993 3506 praeter
1012 3427 1143 3504 omnium
1162 3448 1246 3508 spem

112 3504 278 3562 cenredinm
298 3501 428 3580 adhibet,
447 3503 498 3572 sed
517 3502 607 3581 impia
627 3501 673 3561 illa
693 3503 848 3584 tyrannide
868 3503 903 3562 ad
925 3501 1127 3564 redimendum
1148 3525 1246 3595 popu-
1285 3507 1287 3516 ’

113 3575 280 3640 lumsunm
299 3580 400 3641 utitur.
437 3582 513 3642 Nam
530 3579 651 3641 Praeses
671 3577 733 3656 (vel
753 3579 882 3658 quisquis
902 3579 958 3640 luit
976 3579 1026 3640 ille
1039 3579 1169 3640 Caesaris
1189 3581 1246 3645 nri.

114 3655 231 3731 nister),
251 3656 321 3715 dum
341 3658 522 3747 exsequitur,
542 3655 622 3790 (pund
640 3654 697 3715 sibi
716 3655 883 3718 mandatum
905 3669 964 3730 est,
983 3678 1104 3717 arcanus
1125 3667 1170 3716 est
1187 3657 1247 3718 net

115 3751 239 3810 praeco,
269 3733 319 3812 qui
346 3735 466 3794 Mariam
493 3735 524 3794 in
567 3743 654 3792 ocutn
680 3731 817 3794 divinitus
842 3731 1010 3794 ordinatum
1035 3744 1168 3796 arcessat.
1206 3735 1247 3800 Et

7 3841 8 3850 ι
117 3819 196 3866 certe
217 3809 274 3868 huc
293 3819 488 3889 spectattota
502 3809 605 3870 ‘Lucae
626 3809 771 3882 narratio,
791 3820 823 3868 ut
842 3821 1002 3892 agnoscant
1021 3806 1136 3882 fideles,
1158 3808 1246 3871 Chri-

118 3895 192 3946 stum
212 3905 228 3943 a
248 3887 306 3946 sois
327 3886 472 3946 natalibus
491 3885 549 3944 Dei
569 3905 657 3944 uranu
678 3885 855 3965 productum
875 3907 946 3948 esse.
984 3887 1090 3974 Neqrpe
1110 3885 1188 3945 enim
1209 3886 1246 3947 ad

7 4035 8 4040 ἵ
118 3957 186 4030 fidei
205 3963 413 4024 certitudinem
432 3963 490 4026 hoc
516 3983 619 4041 parum
644 3961 727 4035 lacit,
758 3963 838 4041 quod
857 3961 956 4024 subito
978 3973 1008 4021 et
1026 3972 1143 4041 praeter
1162 3984 1246 4024 sunm

118 4034 269 4096 arbitrium
293 4051 386 4115 tracta
411 4040 467 4100 fuit
485 4038 578 4103 Maria
600 4039 631 4096 in
651 4037 841 4116 Bethlehem,
869 4049 903 4100 ut
931 4037 1003 4098 inde
1031 4035 1162 4117 prodiret
1184 4038 1248 4100 tle-

121 4108 268 4192 denlptor,
287 4115 371 4176 sicuti
391 4116 463 4188 olim
482 4113 640 4200 promissus
661 4126 732 4174 erat.
1270 4154 1273 4168 ι

193 4196 222 4252 d.
258 4191 357 4252 'Totus
375 4191 461 4252 orbis.
501 4193 582 4251 Haec
611 4189 811 4270 synecdoche,
853 4195 926 4250 'uum
972 4188 1056 4252 assim
1081 4189 1186 4258 usitata
1209 4193 1250 4256 sit
1360 4195 1362 4206 ’

112 4257 260 4328 ‘Romanis
282 4269 492 4350 scriptoribus,
522 4268 595 4327 dura
614 4266 707 4326 videri
727 4288 787 4328 non
808 4267 845 4326 dc
869 4277 907 4324 et.
984 4285 1017 4327 ec
1040 4266 1157 4346 dubito,
1176 4273 1248 4360 quin

125 4340 259 4404 cunibus
278 4345 438 4444 propinetis
457 4342 623 4408 eommunis
647 4342 738 4404 luerit
761 4344 808 4406 bia
827 4363 947 4422 census,
972 4345 1114 4430 armagis
1139 4349 1250 4412 tolera-

1108 4543 1124 4576 0
