2824 4756
199 307 240 370 62
304 289 309 367 ff
359 255 541 368 Ἰ8ΕοΤΙΟ
562 299 619 362 111.
658 273 901 364 insusurrans
922 318 1150 366 saturanum.

202 449 310 523 cimur,
334 445 392 509 nisi
416 457 447 507 et
470 443 557 508 lidem
583 457 615 506 et
637 445 766 506 studium
789 445 927 506 laudandi
945 447 1004 508 Dei
1028 448 1059 507 in
1086 449 1173 524 nobis
1199 452 1332 512 accendit

160 557 164 564 ·
201 525 359 598 canticum,
380 523 460 604 quod
479 543 541 584 uuo
561 535 709 584 concentu
728 522 870 598 modulati
889 535 958 586 sunt
974 525 1022 584 An
1048 525 1094 602 eli,
1114 537 1147 586 ut
1166 527 1255 590 rerba
1274 549 1328 589 uo.

199 603 253 665 bis·
268 602 428 683 praeirent.
465 598 568 675 Adde,
595 599 676 680 quod
700 598 759 659 boc
782 598 918 690 coelestis
944 541 1089 664 melodiae
1109 604 1242 684 exemplo
1262 605 1328 666 fidei

182 680 344 741 ¹unitatem
370 676 578 738 commendare
602 672 688 735 nobis
710 674 804 736 rolmt
826 675 991 754 Domrnus,
1022 691 1053 740 et
1079 679 1117 743 ad
1144 679 1243 742 laudes
1267 704 1328 744 suas

198 775 347 818 consensu
366 775 428 815 uno
446 754 479 816 in
497 764 576 813 terra
596 751 738 812 canendas
759 751 880 812 hortari.
1192 813 1194 818 ,

276 841 325 900 14.
355 831 463 891 Gloria
479 833 512 889 in
529 829 684 890 almanus.
709 827 862 909 Incipiunt
871 826 981 910 Augeli
1000 849 1016 892 a
1058 833 1194 894 ratianum
1215 837 1327 896 actione

199 910 248 974 vel
266 929 283 971 a
302 908 361 969 Dei
380 908 528 979 laudibus,
552 906 620 986 quia
640 915 671 964 et
689 903 841 984 Scriptura
860 911 965 986 passim
983 907 1016 968 iu
1034 851 1114 970 dunc
1132 911 1222 973 finem
1240 932 1294 972 nos
1312 934 1328 976 a

198 999 300 1049 morte
323 985 492 1065 redemptos
516 983 604 1043 luisse
626 979 783 1056 admonet,
808 992 842 1041 ut
863 994 926 1042 tam
951 983 992 1044 lin
1016 1009 1051 1047 ua
1080 1007 1166 1080 quam
1191 988 1327 1070 operibns
1401 1002 1403 1013 '

198 1076 332 1126 nostram
363 1081 444 1144 erga,
458 1061 556 1120 Deum
582 1057 789 1141 gratitudinem
815 1069 964 1120 testemur.
1041 1083 1227 1126 emmerrmus
1257 1085 1326 1148 ergo

198 1141 320 1202 finalem
344 1139 419 1199 bane
443 1137 531 1197 fuisse
554 1155 687 1208 causam,
711 1156 765 1196 cur
781 1134 864 1196 Deus
887 1157 942 1198 uos
968 1139 1024 1200 sibi
1046 1141 1254 1202 reconciliaret
1276 1162 1328 1221 per

198 1217 307 1278 Filium
326 1212 537 1308 unigenitum,¹
548 1223 582 1272 ut
600 1213 754 1292 patefactis
772 1211 882 1294 gratiae
902 1234 971 1274 suae
991 1229 1023 1277 et
1040 1216 1198 1278 immensae
1217 1219 1327 1279 miseri-

199 1295 320 1356 cordiae
339 1291 445 1353 divrtiis
463 1290 624 1352 illustraret
642 1309 752 1350 nomeu
771 1311 864 1349 suum.
902 1291 943 1350 Et
954 1291 1042 1354 bodie
1054 1307 1195 1374 quantum
1230 1295 1328 1386 uisque

198 1375 334 1432 nostrum
354 1370 499 1430 animatur
518 1387 552 1426 er
571 1366 682 1447 gratiae
708 1365 814 1440 notitia
834 1365 870 1426 ad
890 1367 1093 1430 celebrandam
1112 1371 1172 1442 Dei
1191 1317 1327 1454 gloriam,
1406 1405 1407 1410 κ

197 1460 315 1510 tantum
345 1447 376 1506 in
401 1446 459 1505 fide
486 1443 596 1505 Christi
620 1443 757 1523 proiecit.
801 1443 867 1502 Imo
895 1446 1011 1523 quoties
1035 1448 1069 1507 lit
1092 1447 1205 1508 mentio
1231 1447 1328 1508 salutis

197 1535 329 1600 nostrae,
348 1523 497 1585 sciendum
519 1532 574 1594 est,
592 1541 647 1581 uos
666 1519 748 1600 quasi
767 1517 835 1580 dato
854 1522 877 1580 si
899 1543 939 1582 no
959 1523 995 1583 ad
1007 1525 1164 1606 gratiarum
1183 1525 1328 1585 actionem

199 1613 231 1663 et
248 1601 311 1660 Dei
333 1601 434 1662 laudes
452 1598 579 1660 incitari.
617 1587 756 1656 lislam
768 1617 849 1672 pax·
918 1618 970 1660 aec
993 1600 1083 1682 magis
1102 1614 1222 1682 recepta
1240 1601 1328 1662 lectio

198 1688 253 1749 est,
273 1687 308 1739 ut
327 1677 433 1739 deinde
452 1686 593 1756 sequatur
609 1674 730 1735 tertium
748 1672 924 1751 membrum,
942 1677 978 1737 In
999 1677 1165 1740 bominibus
1185 1677 1264 1738 bona
1276 1701 1327 1739 vo-

198 1755 305 1816 luutas.
337 1755 646 1834 ¹Quanquamautem
670 1751 706 1811 ad
730 1770 871 1811 summam
895 1752 939 1812 rei
962 1774 1024 1814 nou
1048 1755 1328 1830 multominterest,
1405 1813 1407 1818 .

196 1833 340 1892 utrumvis
359 1832 456 1914 legas,
468 1829 585 1888 videtur
601 1839 699 1896 tameo
720 1827 848 1887 diversus
868 1840 1020 1891 contextus
1038 1832 1141 1892 melius
1154 1851 1327 1914 congruere,
1401 1841 1406 1867 ²

218 1909 267 1969 uia
287 1908 410 1968 minime
430 1905 552 1966 dubium
572 1915 627 1979 est,
646 1903 717 1984 quin
737 1904 796 1965 duo
817 1903 889 1982 baec
907 1907 1039 1970 membra
1056 1909 1136 1970 inter
1154 1929 1186 1970 se
1205 1929 1327 1988 respon·
1402 1940 1405 1988 ς

197 1929 306 2064 deant,
332 1985 437 2046 Gloria
463 1983 493 2042 in
513 1980 657 2042 altissimis
676 1981 760 2054 Deo,
786 1989 816 2039 et
835 1980 872 2041 in
886 1993 963 2044 terra
980 2005 1047 2076 pax.
1085 1986 1177 2122 Atqui
1197 1986 1252 2045 nisi
1271 1985 1326 2044 bo·
1403 1988 1404 2006 ¹

196 2064 292 2123 mines
311 2063 380 2122 Deo
401 2079 552 2141 opponas,
571 2077 634 2117 non
654 2056 801 2118 constabit
819 2058 907 2194 plena
927 2061 1087 2124 antithesis.
1151 2073 1215 2124 orte
1234 2062 1326 2122 inter-

124 2137 129 2148 ’
195 2149 297 2231 pretes
316 2136 425 2200 fefellit
443 2135 624 2218 praepositio
645 2137 690 2204 ἐν,
711 2134 779 2213 quia
797 2154 816 2195 o
839 2156 940 2197 scurus
960 2150 1022 2199 erat
1039 2139 1198 2201 verborum
1216 2158 1326 2212 seusus,

196 2219 298 2278 drccre
325 2219 360 2277 in
388 2211 558 2276 bominibus
582 2231 645 2272 esse
674 2228 786 2292 pacem.
826 2212 886 2272 Sed
916 2232 1014 2292 quum
1036 2215 1135 2276 multis
1160 2217 1327 2295 Scripturae
1400 2267 1404 2274 .

159 2317 160 2320 ¹
194 2294 269 2356 locis
288 2311 468 2376 supervacua
486 2290 539 2366 sit,
565 2309 628 2350 non
648 2299 693 2348 est
711 2309 764 2349 cur
782 2287 812 2348 id
831 2309 887 2350 nos
906 2291 1056 2372 impediat
1094 2293 1128 2353 Si
1146 2293 1209 2373 quis
1228 2303 1326 2352 tamen
1403 2309 1404 2316 ¹

194 2375 235 2450 in,
267 2384 429 2432 ostremum
448 2367 612 2430 membrum
632 2365 755 2426 reiicere
773 2365 871 2442 malit,
894 2366 974 2428 idem
992 2369 1127 2430 mauebit
1149 2390 1264 2442 sensus,
1288 2367 1326 2428 si·

194 2460 256 2540 quta
276 2448 467 2508 mordicum.
505 2444 592 2505 Nunc
610 2443 768 2503 videndum
788 2453 846 2518 est,
872 2444 941 2524 quid
959 2450 1047 2523 pacis
1070 2446 1193 2508 nomine
1216 2443 1329 2525 intelli-¹
1404 2455 1405 2460 ’

194 2540 270 2610 gant
280 2523 397 2608 Angeli.
438 2522 601 2583 Certenon
621 2519 784 2611 loquuntur
803 2519 840 2579 de
861 2533 979 2583 externa
997 2543 1081 2604 pace,
1119 2523 1276 2614 uamdinter
1293 2543 1341 2591 se,

193 2605 300 2666 colunt
320 2602 464 2673 homines,
482 2599 534 2660 sed
553 2609 661 2674 terram
680 2597 784 2657 drcuot
802 2607 933 2677 pacatam
952 2607 1025 2677 ess'c,
1043 2601 1095 2661 ubi
1135 2619 1246 2661 ommes
1257 2599 1326 2658 Deo
1406 2647 1407 2656 ,

192 2679 379 2742 reconciliati
403 2679 481 2735 intus
499 2673 651 2752 tranquilli
670 2685 739 2734 suut
762 2674 916 2736 inanimis
939 2678 1006 2738 suis.
1046 2678 1161 2738 Scimus
1185 2697 1240 2736 nos
1264 2678 1325 2736 irae

193 2757 273 2818 lilios
293 2754 386 2826 nasci,
406 2763 437 2811 et
456 2762 560 2810 natura
580 2769 642 2810 esse
660 2748 728 2809 Deo
749 2749 898 2812 inimicos:
918 2752 1030 2815 interea
1050 2775 1104 2814 nos
1120 2752 1257 2812 -borribili
1277 2753 1326 2811 iu·

195 2831 371 2911 quietudine
389 2827 486 2888 vexari
506 2846 628 2888 necesse
648 2835 703 2899 est,
722 2843 806 2904 quam
828 2827 1035 2892 d'iu‘sentimus
1054 2831 1151 2890 Deum
1171 2827 1258 2889 uobis
1277 2829 1346 2888 in-¹

193 2911 321 2970 sensnm.
360 2905 434 2965 Ideo
455 2903 550 2962 brevis
571 2914 601 2962 ct
621 2901 695 2963 clara
715 2901 795 2981 pacis
813 2902 946 2967 delinitio
971 2928 1006 2966 ex
1026 2907 1178 2969 contrariis
1196 2905 1325 2985 paenda

193 2997 255 3048 est:
281 3003 388 3062 nempe
415 3000 450 3040 ex
472 2981 516 3040 ira
539 2979 598 3038 Dei
623 2990 654 3038 et
676 2975 781 3037 mortis
806 2991 931 3042 terrore.
969 2983 1069 3066 Atque
1090 2981 1261 3074 ita-duplex
1280 2993 1334 3043 est·
1406 3029 1407 3048 ,

191 3061 313 3124 relatio.
350 3058 453 3118 Altera
471 3056 584 3118 scilieet
608 3055 645 3115 ad
670 3053 783 3128 Deum,
815 3053 905 3117 altera
928 3059 964 3118 ad
989 3061 1138 3134 homines,
1162 3081 1229 3139 quta
1251 3071 1326 3120 tunc

191 3139 285 3200 nobis
295 3147 411 3197 constat
428 3156 484 3216 pax
493 3155 560 3195 cum
571 3133 650 3207 Deo,
670 3153 759 3212 quum
770 3133 833 3212 ipse
844 3132 958 3196 abolito
969 3150 1053 3199 reatu
1069 3149 1099 3198 et
1108 3148 1226 3218 peccata
1236 3136 1325 3196 nobis

191 3235 255 3276 non
275 3213 448 3294 imputando
468 3211 612 3292 propitius
633 3229 694 3270 esse
713 3210 828 3290 incipit,
849 3221 880 3269 et
899 3231 953 3274 nos
972 3215 1003 3274 in
1023 3226 1145 3296 paterna
1156 3213 1217 3274 eius
1231 3213 1325 3272 bene-

93 3309 97 3316 ·
190 3290 330 3353 volentia
341 3311 375 3349 ac
397 3293 560 3349 uiesceutcs
581 3297 661 3347 certa
684 3285 788 3348 fiducia
810 3288 893 3348 illum
911 3289 1096 3366 invocamus,
1122 3303 1154 3350 et
1175 3290 1326 3371 intrepide

192 3367 357 3450 gloriamur
376 3311 413 3426 de
433 3364 525 3425 salute
537 3363 787 3444 uobispromissa.
814 3365 955 3439 Quamvis
967 3380 1064 3429 autem
1077 3368 1145 3430 alibi
1158 3367 1325 3448 (Iob.7,1.)

84 3455 98 3471 ⁶
190 3448 253 3504 rita
278 3442 406 3503 bor'ninis
430 3453 652 3522 superterram
676 3452 800 3502 vocetur
824 3445 965 3504 continua
989 3429 1107 3520 militib,
1137 3456 1168 3503 et
1190 3465 1240 3504 res
1260 3443 1326 3524 ipsa

182 3520 338 3596 declarat,
364 3519 443 3578 nihil
459 3539 521 3578 esse
545 3520 635 3601 magis
654 3517 858 3578 turbulentum
876 3531 960 3580 statu·
973 3533 1094 3596 nostro,
1113 3542 1200 3602 quam
1221 3521 1271 3579 diu
1291 3521 1325 3578 iu

191 3599 306 3658 mrrudo
331 3597 458 3678 agimus,
484 3595 591 3656 diserte
614 3607 713 3655 tamen
731 3595 841 3676 Augcli
865 3617 967 3678 pacem
990 3597 1021 3658 in
1045 3609 1124 3658 terra
1147 3598 1263 3672 locant,
1289 3607 1326 3656 ut

121 3697 125 3706 “
190 3676 330 3749 sciamus,
354 3672 453 3736 nullas
468 3672 569 3744 turbas
588 3673 676 3732 nobis
696 3671 831 3746 obstare,
855 3675 926 3752 quin
947 3673 1016 3734 freti
1037 3671 1151 3736 Christi·
1165 3673 1256 3756 gratia
1275 3693 1326 3733 se-

190 3751 265 3816 datis
284 3761 316 3810 et
334 3748 497 3829 tranquillis
516 3749 604 3810 simus
622 3748 779 3810 mentibus.
817 3750 1038 3812 Meminerimus
1057 3771 1141 3834 ergo,
1160 3751 1239 3811 inter
1258 3770 1324 3808 me-

189 3831 249 3890 dias
268 3827 468 3888 tentationum
487 3825 649 3906 procellas,
674 3827 754 3896 inter
773 3825 849 3886 varia
874 3828 1054 3904 discrimina,
1078 3828 1158 3888 iuter
1174 3825 1325 3900 violentos
1406 3869 1407 3886 r

182 3916 304 3979 motus,
318 3904 397 3963 inter
407 3923 520 3994 pugnas
531 3912 561 3962 et
568 3903 692 3963 timores
701 3903 841 3963 constitui
857 3905 957 3964 sedem
969 3906 1064 3986 pacis,
1089 3926 1128 3964 ne
1139 3904 1210 3964 fides
1222 3915 1325 3976 nostra
1406 3927 1407 3982 j

188 3982 256 4042 ullis
268 3979 412 4042 machinis
424 3971 548 4060 rmpulsa
559 3979 673 4040 vacillet
681 3992 737 4040 *aut
755 3979 891 4040 labascat.
917 3981 1136 4056 Beneplndtum
1150 3977 1325 4040 bontinibus.

189 4057 279 4118 Unde
299 4059 409 4118 sactum
423 4056 471 4130 sit,
482 4069 515 4116 ut
527 4056 687 4136 obreperet
705 4057 850 4138 genitinis
862 4079 953 4132 casus,
973 4060 1083 4120 nescio.
1124 4059 1214 4121 Certe
1229 4055 1325 4116 lectio

188 4133 307 4215 vulgata
327 4153 401 4214 quae
421 4133 528 4206 babet,
555 4132 721 4193 bominibus
743 4133 840 4193 bouac
859 4132 1034 4210 voluntatis,
1059 4157 1120 4196 uon
1142 4135 1232 4195 modo
1254 4145 1324 4194 tan-

66 4209 91 4307 v’
189 4223 273 4304 quam
296 4209 459 4270 adulterina
477 4209 626 4291 repudiari
645 4210 746 4285 debet,
763 4211 898 4302 sedquia
911 4224 1006 4272 totum
1019 4233 1135 4274 sensum
1147 4213 1324 4290 corrumpit.

187 4285 261 4344 lurra
283 4297 298 4346 t
321 4299 420 4348 tamen
446 4286 537 4348 etiam*
563 4283 719 4362 nonnulli,
762 4287 791 4347 ui
816 4309 847 4346 m
871 4281 1053 4349 nominatiro
1079 4311 1147 4350 casu
1172 4289 1323 4369 legentes,

186 4359 275 4420 Boua
295 4362 447 4437 voluntas,
474 4365 512 4424 ad
544 4364 678 4426 homines
704 4309 853 4439 rellsrunt,
872 4366 964 4446 quasi
989 4367 1155 4432 erbortatio
1181 4375 1258 4424 essct
1283 4367 1323 4424 ad

185 4435 402 4533 amplexanqam
422 4440 480 4502 De'i
498 4443 631 4524 gratiam.
670 4441 780 4504 Fateor
792 4441 921 4522 quidem,
939 4462 1002 4504 nou
1021 4443 1108 4504 aliter
1131 4435 1223 4502 ratam
1244 4461 1323 4518 esse,
1397 4492 1401 4500 .
