2824 4756
492 308 731 388 (aesomnium
750 309 889 392 losephi.)
1018 395 1020 402 γ
1116 275 1119 285 i
1200 321 1252 386 “hl

82 463 86 474 “
120 475 236 518 versum
258 453 410 530 iudicium,
429 447 462 512 nl
479 473 531 512 sua
548 451 613 532 ipse
625 471 698 520 voce
719 473 783 512 eum
803 454 834 514 in
851 456 924 516 viam
943 457 1107 520 reduceret.
1146 459 1251 522 Scien-

6 581 8 590 ,
121 533 193 592 dum
212 551 285 593 vero
308 543 366 608 est,
396 530 487 611 magis
510 529 540 588 id
564 539 665 590 nostra
691 530 821 590 omniurn
841 551 925 610 quam
973 535 1060 596 rivata
1080 536 1141 598 eins
1165 557 1250 601 causa

6 599 8 614 '
39 626 43 638 ’
120 607 234 670 lactum
255 629 331 670 esser
357 627 457 670 cavere
478 607 555 666 enim
575 606 670 666 modis
690 607 938 689 omnibuspvoluit
986 631 1053 687 eus,
1076 634 1191 694 nequa
1210 614 1250 674 si-

122 685 217 746 nistra
245 685 371 765 suspicio
395 685 426 744 in
457 683 607 745 oraculum
637 682 763 744 caderet.
809 682 911 757 Quum
929 683 1058 767 Angelus
1082 692 1251 772 aggreditur
1308 701 1312 714 ⁸

122 759 350 842 Iosep'h'totius
374 761 467 822 adhuc
492 758 606 841 negotii
629 760 770 834 inscium,
794 780 856 819 non
882 759 993 822 bahent
1016 765 1142 844 improbi
1167 768 1249 848 quad
1317 768 1321 774 ’

116 833 347 910 calumnientur,
365 839 435 918 quin
448 836 483 896 ad
493 837 590 896 Deum
601 836 777 897 audiendum
788 835 906 918 integer
916 841 1076 900 accesserit.
1113 844 1183 906 Non
1195 844 1251 906 tn't

122 914 386 998 uxoris-blanditiis
406 912 564 994 pellectus,
590 911 925 980 uou'obtcstationihus
947 933 1062 996 excussa
1089 917 1144 978 luit
1164 941 1249 1000 qua-m

115 1003 302 1070 ‚conceperat
321 991 442 1072 opinio,
473 1011 536 1049 non
561 989 693 1051 humanis
717 989 881 1068 rationibus
906 990 997 1051 llexus
1021 990 1052 1052 in
1077 997 1250 1058 contrariam

145 1079 248 1128 artem:
273 1069 342 1154 sed,
371 1089 461 1148 quum
481 1067 512 1124 in
532 1066 630 1127 animo
651 1067 710 1127 cius
731 1066 866 1128 haereret
889 1067 993 1128 falsum
1011 1070 1109 1130 uxoris
1122 1071 1250 1150 'crimem

154 1163 203 1203 ens
222 1165 253 1204 se
273 1145 351 1206 inter
374 1146 468 1218 osuit,
493 1164 552 1222 quo
573 1142 663 1226 magis
682 1143 806 1204 idoneus
831 1143 918 1212 nobis
938 1156 1015 1205 esset
1032 1147 1114 1206 testie
1135 1149 1251 1226 acplus

119 1222 301 1282 auctoritatis
321 1165 459 1294 baberet,
482 1231 620 1298 tanquam
644 1219 679 1280 ad
705 1240 796 1280 noae
817 1219 903 1280 coelo
924 1221 1073 1284 demissus.
1113 1223 1252 1286 Videmus
1281 1292 1289 1298 ,

121 1308 155 1355 ut
174 1297 257 1370 Deus
284 1318 339 1378 per
357 1296 507 1380 Angelum
525 1295 653 1378 voluerit
667 1296 780 1356 docere
799 1307 914 1358 servum
937 1321 1022 1358 suum
1042 1299 1167 1380 Ioseph,
1192 1323 1252 1382 quo

51 1385 55 1394 ‘
119 1371 188 1433 aliis*
204 1373 341 1434 coelestis
363 1385 440 1435 esset
458 1392 582 1456 praeco,
602 1393 664 1432 non
684 1383 779 1434 autem
799 1387 952 1455 acceptum
972 1375 1018 1434 vel
1038 1377 1073 1436 ah
1095 1397 1186 1436 uxore
1206 1379 1252 1436 vel

121 1469 309 1530 aquoquam
341 1451 508 1510 mortalium
532 1469 700 1510 sermonem
731 1461 873 1520 narraret.
917 1451 1009 1526 Quod
1034 1474 1096 1512 nou
1120 1452 1253 1534 plurib-us

121 1529 219 1588 statim
240 1516 416 1606 palefactum
437 1527 494 1588 suit
511 1526 699 1605 mysterium,
720 1526 796 1587 ‘haec
821 1527 908 1588 l'uisse
928 1528 1044 1602 videtur
1067 1531 1158 1590 ratior
1185 1529 1254 1612 quia

57 1630 67 1639 e
121 1601 384 1683 incomparabilem
411 1602 493 1677 ,hunc
523 1603 701 1663 thesaurum
723 1603 1057 1681 absconditumlatere,
1086 1608 1157 1668 solis
1180 1628 1252 1669 vero

122 1680 182 1740 Dei
201 1679 266 1741 filiis
286 1693 386 1760 patere
406 1680 538 1740 decebat.
576 1677 694 1740 Deinde
714 1680 787 1740 nihil
807 1680 942 1753 absurdi,
967 1679 991 1742 si
1009 1683 1155 1746 Dominus
1182 1705 1252 1746 suo-

114 1779 187 1818 rum
214 1757 305 1818 fidem
338 1769 369 1818 et
398 1751 617 1830 obedientiam,
646 1769 680 1817 ut
710 1749 884 1837 plerumque
907 1757 1010 1820 solitus
1036 1771 1093 1834 est,
1145 1761 1253 1822 robare

84 1871 87 1877 Α
121 1834 257 1894 voluerit.
297 1833 388 1902 Certe
407 1833 464 1895 nisi
477 1835 548 1914 quis
567 1834 694 1916 maligne
714 1835 781 1895 Deo
803 1835 940 1911 credere,
959 1844 1050 1928 seque
1069 1837 1112 1897 illi
1125 1781 1201 1912 blare
1220 1839 1252 1900 iu

122 1909 296 1991 obsequium
317 1912 476 1984 detrectet,
504 1912 695 1991 testimoniis,
711 1911 831 1991 .quibus
856 1913 914 1974 hoc
938 1912 1007 1973 fider
1027 1915 1149 1995 nostrae‘
1165 1927 1253 1996 caput

80 1991 88 1998 “
123 1989 278 2068 probatum
300 2000 360 2062 est,
380 1989 497 2048 abunde
518 2001 675 2052 contentus
695 1991 761 2050 erit.
801 1989 909 2052 Eadem
931 1991 1018 2050 etiam
1039 2013 1123 2052 causa
1143 1991 1252 2052 lactum

122 2077 177 2140 est,
198 2078 231 2125 ut
250 2067 371 2126 Mariam
391 2065 504 2137 nubere
517 2066 670 2129 'Dominus
689 2067 889 2147 permitteret,
908 2078 941 2126 ut
959 2067 1012 2127 sub
1034 2068 1164 2150 coniugii
1185 2068 1255 2128 velo*

122 2142 214 2222 usque
234 2142 271 2203 ad
291 2154 434 2203 maturum
455 2141 643 2204 revelationis
662 2153 777 2234 tempus
797 2144 933 2204 coelestis
953 2144 1072 2226 virginis
1093 2146 1276 2226 conceptio„
1300 2143 1305 2150 ’
1405 2151 1406 2218 f

123 2217 241 2278 lateret:
262 2220 376 2278 interea
395 2219 481 2279 celati
500 2231 569 2280 sunt
587 2218 744 2296 increduli,
763 2231 797 2278 ut
816 2220 984 2282 merebatur
1004 2241 1108 2282 corum
1127 2221 1252 2304 ingrati-

122 2295 197 2356 tudo
219 2307 250 2354 et
268 2295 387 2354 malitia.
478 2323 479 2328 ι
789 2328 791 2334 ·
1007 2343 1009 2348 .
1305 2369 1308 2374 Α

116 2388 119 2396 ·
159 2395 164 2405 ’
199 2377 247 2436 20.
286 2371 375 2430 anc
392 2391 425 2430 eo
443 2373 594 2446 cogitctnte.
630 2371 688 2432 Hic
708 2372 909 2463 perspicimus,
929 2383 962 2431 ut
974 2372 1120 2434 Dominus
1139 2383 1254 2453 tempe-

123 2449 197 2508 stive
218 2459 248 2506 et
271 2447 301 2504 in
329 2447 410 2526 ipso,
464 2446 524 2506 uod
543 2447 640 2521 aiunt,
667 2448 791 2508 articulo
817 2450 874 2508 suis
898 2447 999 2508 adesse
1024 2447 1127 2509 soleat.
1166 2450 1254 2510 Unde
1296 2493 1300 2499 -

124 2525 214 2584 etiam
240 2522 421 2602 colligimus,
443 2467 514 2584 bum
539 2522 575 2580 ad
601 2526 715 2582 nostras
741 2527 823 2583 o'ucas
849 2535 878 2582 et
903 2523 1061 2583 anxietates
1086 2525 1254 2601 dissimulat,

125 2621 180 2660 nos
202 2597 356 2658 tamenab
377 2598 442 2678 ipso
463 2597 584 2678 respici:
616 2599 668 2658 sed
687 2600 729 2659 ita
748 2599 861 2660 scilicet
879 2621 910 2659 se
931 2599 1075 2676 occultat,
1100 2613 1130 2660 et
1150 2602 1253 2663 tacitus

124 2676 268 2758 quiescit,
287 2675 400 2749 donec,
418 2675 518 2736 habito
538 2675 695 2753 patientiae
715 2687 833 2754 nostrae
853 2679 998 2751 exaurire,
1027 2689 1164 2758 tempore
1188 2699 1204 2739 a
1223 2700 1254 2744 sc

124 2753 288 2814 constituto
310 2769 365 2812 nos
385 2753 473 2814 iuvet.
513 2748 605 2812 Certe
622 2753 809 2832 quantumvis
833 2751 944 2816 lentum
964 2776 998 2816 ac
1016 2775 1120 2816 serum¹
1133 2767 1254 2836 putetur

124 2831 186 2892 eius
213 2825 364 2902 auxilium,
390 2830 462 2890 utile
486 2840 585 2896 tamen
617 2843 661 2890 est
681 2831 722 2912 ita
749 2831 872 2894 dilserri.
895 2855 898 2860 ·
918 2831 1009 2906 Quod
1034 2851 1088 2913 per
1106 2833 1253 2896 somnium

124 2909 258 2988 apparuit
276 2906 423 2988 Angelus,
443 2907 490 2966 hic
510 2906 585 2966 alter
605 2906 660 2968 luit
679 2928 713 2968 ex
733 2907 848 2968 duobus
868 2909 1023 2970 ordinariis
1043 2909 1254 2988 revelationum

123 2985 232 3057 modis,
252 3005 378 3063 quorum
397 2984 430 3043 fit
448 2984 561 3044 mentio
577 2985 774 3046 Numc‘rorum
796 2986 1005 3065 capite12‚7.‚
1023 2986 1075 3048 ubi
1094 2986 1135 3046 sic
1155 2985 1271 3065 loqui-v

123 3075 173 3124 tur
191 3061 287 3121 Deus:
312 3061 487 3142 Prophetis,
512 3061 562 3140 qui
583 3063 731 3134 intervos
752 3075 854 3136 erunt,
879 3064 925 3123 vel
950 3083 1003 3143 per
1020 3063 1180 3140 visionem,
1207 3064 1254 3144 vel

6 3199 7 3202 ,
147 3159 179 3197 er
199 3137 344 3198 somnium
365 3158 411 3198 me
431 3139 575 3218 aperiam=
606 3151 636 3199 at
654 3160 716 3199 oon
736 3140 778 3199 sic
798 3160 863 3198 cum
883 3161 968 3200 servo
985 3159 1056 3200 'meo
1075 3141 1176 3214 Mose,
1207 3141 1280 3202 cui-

84 3261 89 3266 -
124 3162 200 3276 iacis
221 3212 256 3274 ad
277 3215 382 3274 faciem
401 3235 450 3274 me
469 3215 604 3275 ostendo.
655 3217 816 3276 Sciendum
842 3228 938 3278 autem
959 3228 1023 3296 est,
1053 3217 1117 3276 eius
1138 3218 1254 3298 generis

124 3291 238 3365 somnia
253 3291 377 3350 multum
396 3312 413 3352 a
432 3291 612 3356 naturalibus
625 3291 760 3352 differret
780 3293 848 3372 qnia
867 3293 1172 3386 insculptam‘hahent
1191 3315 1256 3370 cer-

123 3367 256 3429 titudinis
276 3379 394 3444 notam‚
423 3377 453 3426 et
472 3367 610 3428 divinitus
629 3369 840 3452 obsignantur,
869 3382 902 3429 ut
927 3371 1046 3430 minime
1066 3369 1201 3452 ambigua
1219 3372 1257 3441 sit
1282 3424 1285 3428 .
1330 3371 1336 3378 ’

124 3465 228 3506 eorum
247 3442 364 3504 veritas.
402 3444 524 3504 Somnia
544 3465 619 3524 quae
639 3445 836 3506 communiter
854 3447 1021 3508 hominibus
1041 3447 1190 3522 eveniunt,
1209 3449 1256 3508 vel
1294 3467 1298 3474 ·

126 3543 161 3582 cx
180 3519 410 3602 cogitationibus
423 3519 544 3598 diurnis,
565 3522 612 3582 vel
633 3543 667 3581 ex
686 3535 805 3588 naturae
826 3525 1047 3602 constitutione,
1066 3523 1167 3593 velex
1187 3545 1255 3592 cnr-

126 3597 249 3680 poribus
268 3598 343 3657 male
364 3598 494 3670 affectis,
522 3597 569 3670 pel
593 3599 736 3660 similibus
749 3599 849 3660 'causis
868 3602 952 3662 oriri'
965 3601 1076 3662 solent:
1101 3599 1135 3660 ad
1158 3601 1256 3660 diviua

125 3687 224 3738 autem
248 3675 362 3735 somnia
386 3675 500 3736 aceedit
524 3675 642 3734 interim
663 3675 790 3755 Spiritus
814 3677 1032 3753 testimonium,
1064 3675 1145 3755 quod
1171 3687 1253 3742 certo

126 3752 299 3826 confirmet,
318 3752 416 3812 Deum
437 3770 499 3812 esse
520 3752 569 3830 qui
589 3752 729 3832 loquitur.
767 3751 1155 3828 menandrianorum.
1195 3751 1255 3811 Ista
1299 3801 1302 3824 ‚

125 3826 234 3909 Angeli
248 3827 412 3890 exhortatio
432 3827 589 3910 significat,
608 3830 722 3890 anxium
742 3830 832 3890 animi
852 3832 939 3892 luisse
951 3828 1071 3910 loseph,
1091 3847 1130 3886 ne
1150 3843 1211 3906 qua‘
1226 3848 1257 3888 se
1274 3839 1299 3891 ,ὃ

125 3904 305 3996 contagione
338 3905 485 3986 pollueret
509 3905 682 3965 adulterium
707 3907 805 3968 uxoris
835 3909 1000 3968 tolerando.
1052 3905 1151 3979 Quam
1184 3911 1257 3985 ergo
1299 3939 1301 3944 -
1400 3939 1403 3973 ι

125 3981 245 4046 sceleris
266 3993 445 4063 conceperat
464 3983 635 4062 opinionem
656 3982 744 4057 tollit,
764 3996 798 4044 ut
815 3980 1170 4065 tranquilla'conscieotia
1191 4001 1261 4040 cum
1401 3978 1403 3994 '

125 4078 218 4120 uxore
238 4058 359 4120 habitet.
397 4059 560 4139 Epitheton
572 4059 646 4119 Fata
657 4059 783 4121 Dandae
800 4064 909 4142 aptarit
928 4061 964 4120 ad
983 4068 1168 4140 praesentem
1189 4077 1258 4116 cau-

126 4157 203 4210 sam,
223 4147 267 4212 ιιιῐ
290 4135 351 4196 eius
377 4135 506 4196 mentem
530 4136 560 4194 in
580 4137 704 4198 sublime
722 4137 794 4198 illud
815 4137 985 4220 mysterium
1005 4133 1169 4208 attolleret:
1190 4134 1258 4225 quia

126 4225 204 4273 esset
223 4233 257 4272 cx
276 4233 310 4272 ea
330 4213 448 4288 familia,
468 4224 498 4270 et
510 4212 628 4292 quidem
638 4227 783 4294 superstes
804 4237 870 4275 curn
891 4214 998 4293 paucis,
1018 4209 1096 4270 unde
1117 4229 1258 4291 promissa
1306 4233 1310 4252 ι
1342 4263 1344 4270 ,

127 4302 189 4350 erat
208 4271 319 4349 mirndo
345 4288 435 4350 salus..
468 4289 576 4370 Ioseph
601 4292 699 4370 itaque
725 4291 827 4353 audito'
851 4290 971 4349 Davidis
998 4287 1133 4361 nomine,
1149 4310 1172 4349 ‘a
1197 4307 1257 4424 pun

127 4365 388 4446 genusducebat,
416 4377 555 4428 revocare
581 4368 612 4428 in
637 4373 810 4431 memoriam
836 4365 940 4426 debuit
963 4367 1080 4446 insigne
1103 4365 1177 4428 illud
1213 4364 1267 4423 lei'

130 4456 246 4521 pactum
257 4443 292 4503 de
304 4441 515 4507 instauratione
524 4447 619 4528 regni,
628 4459 660 4505 ut
673 4443 813 4505 nihiliam
821 4463 928 4580 novurp
940 4443 999 4559 {ibi
1009 4443 1064 4506 dici
1076 4450 1258 4525 agnosceret.

488 4651 508 4694 Ι
540 4661 543 4668 ,
