2824 4756
148 255 213 338 ⁴w
247 285 251 296 ·
356 244 508 310 SEGTIO
529 246 585 340 tlt.
619 213 699 306 'Isso
718 255 868 316 neruos
886 259 928 306 ea
947 229 1116 308 turanum.

174 397 305 466 nntms
331 388 368 459 ee
397 395 482 461 luter
505 394 670 480 pr’nrcipes
694 390 790 457 luda:
826 413 865 458 er
890 402 924 459 to
951 393 1036 460 enin
1061 385 1208 482 prodibit
1235 391 1310 475 dor,

175 499 232 592 qul
250 503 364 588 pascet
384 493 541 600 populum
562 511 668 562 meum
686 489 851 560 lsraelem.
1042 479 1047 498 '

192 755 197 780 ·.
230 713 278 783 :t
307 709 584 794 (lomenensis
592 709 684 770 Isset.
722 708 961 786 Quaoccasione
974 688 1309 772 natusiuetitChristus
1409 677 1410 714 Ξ

173 793 205 853 id
223 787 414 862 Bethlehem,
437 797 517 858 tacet
535 788 708 849 Matthaeus.
747 787 874 848 Videtur
892 792 988 845 tutem
1009 786 1135 866 Spiritus
1152 785 1228 862 Dei,
1254 787 1307 867 qui

174 864 375 952 Euangelistas
398 863 455 926 sibi
481 865 646 926 inscribas
671 857 881 936 destinaverat,
906 861 1042 922 consulto
1067 881 1172 924 eorum
1198 862 1307 943 stylum

172 945 215 1006 ita
233 955 297 1032 esse
314 936 547 1032 moderaturum
564 961 651 1002 unam
671 949 702 1000 et
721 940 845 1032 'eandem
864 938 1014 1000 historiam
1025 940 1138 1034 optime
1149 959 1307 1034 eonsenpu,

175 1018 294 1083 diuersis
312 1028 411 1086 tameo
430 1018 542 1094 modis,
567 1017 869 1078 omnes-scriberent:
896 1035 956 1095 quo
981 1027 1093 1077 certror
1112 1028 1143 1076 et
1161 1017 1307 1078 illustrior

174 1107 252 1160 esset
270 1094 329 1155 Del
346 1098 468 1175 veritas,
488 1109 576 1175 quum
587 1093 692 1232 palato
712 1103 875 1167 constaret,
896 1093 958 1152 elus
976 1103 1066 1154 testes
1085 1111 1147 1153 non
1168 1114 1202 1153 ex
1221 1113 1306 1154 coma
1407 1103 1408 1110 ’

174 1175 273 1258 posito
292 1172 433 1253 loqnutos
454 1190 532 1246 esse,
554 1189 585 1232 se
633 1181 780 1253 quemque
806 1189 954 1242 seorsum,
980 1188 1043 1230 non
1064 1168 1166 1231 habito
1185 1169 1306 1234 alterius

172 1257 326 1333 respectu,
349 1242 522 1330 simpliciter
545 1268 579 1309 ac
595 1246 693 1322 ,tibere
717 1247 884 1328 scripsisse,
908 1245 989 1327 quod
1015 1247 1037 1306 S
1059 1246 1143 1307 'ritus
1167 1246 1304 1308 dictabat·
1409 1283 1410 1290 ι

170 1329 269 1390 Porro
294 1323 493 1386 memorabilis
519 1323 566 1417 bip
590 1335 726 1385 narratur
749 1323 891 1400 historia,
922 1321 1024 1402 quod·
1057 1341 1107 1383 eus
1136 1341 1239 1406 magos
1268 1343 1304 1386 ex

173 1401 321 1468 Chaldaea
340 1400 484 1478 asciverit,
504 1421 555 1480 qur
574 1400 716 1463 adorandi
728 1401 838 1462 Cbristi
858 1419 942 1460 causa
960 1399 1140 1460 inludaeam
1158 1395 1304 1478 venirent,
1409 1451 1410 1470 2

171 1481 224 1542 ubi
250 1474 394 1560 inglorius
424 1479 457 1537 'et
481 1489 669 1560 contemptus
699 1479 730 1537 in
754 1476 872 1538 stabulo
898 1475 1021 1544 iacebat.
1065 1475 1204 1545 Mirabile
1232 1498 1304 1538 sane
1409 1479 1410 1522 l

170 1551 230 1618 Dei
249 1551 413 1628 consilium,
430 1553 514 1636 ¹quod
533 1553 644 1617 Filium
663 1563 746 1616 suum
764 1553 848 1614 Deus
867 1553 921 1619 snb
942 1551 1076 1620 obscura¹
1087 1552 1250 1614 bumilitate
1269 1556 1302 1614 in
1409 1579 1410 1612 ι

170 1627 312 1695 nundum
335 1631 458 1712 prodire
481 1629 589 1692 voluit:
617 1642 649 1691 et
671 1642 769 1692 tamen
794 1641 861 1690 eum
885 1640 945 1690 tant
965 1629 1107 1694 encomiis
1132 1639 1219 1710 quatu
1238 1629 1302 1706 aliis¹

169 1707 225 1772 insi
247 1704 332 1768 nibus
358 1727 370 1768 s
391 1707 511 1768 lendide
535 1710 665 1784 ornavit,
687 1707 817 1788 nequid
837 1707 873 1766 ad
893 1706 1101 1767 divinam-eius
1120 1701 1303 1784 maiestatem

169 1729 353 1869 proiandam
372 1729 444 1845 idei
462 1777 580 1848 nostrie
605 1785 729 1844 deesset
765 1783 926 1844 ‘Concinna
950 1795 1048 1846 tamen
1074 1783 1104 1842 in
1129 1782 1183 1845 bae
1202 1785 1304 1865 specio

170 1859 385 2000 repopoantiae
408 1861 563 1922 hannonia
585 1859 717 1921 notanda
739 1869 795 1920 est.
834 1859 928 1920 Stella
952 1879 970 1918 e
994 1859 1080 1920 coelo
1099 1859 1213 1996 Reqem
1237 1879 1301 1922 esse

192 1951 241 1999 rae
263 1939 330 2013 icat,
350 1937 432 1999 cuius
451 1937 559 1998 solium
578 1935 623 1998 est
640 1949 783 2018 pecorum
803 1939 956 2016 praesepe,
976 1935 1043 2016 qnia
1054 1935 1136 1996 loeus
1147 1943 1156 1996 i
1169 1934 1202 1997 lis
1214 1939 1301 1998 etiam

168 2027 248 2078 inter
265 2013 399 2108 plebeios
418 2013 553 2076 homines
572 2026 706 2096 negatur.
735 2013 771 2072 In
783 2013 910 2074 Oriente
930 2013 1059 2148 reiulqet
1077 2005 1300 2092 eimsmaiestas,

190 2097 245 2153 uae
264 2113 297 2154 rn
316 2092 425 2152 Iudaea
443 2100 506 2151 n'on
525 2091 617 2151 modo
637 2089 717 2151 nulla
736 2099 867 2170 apparet,
887 2086 938 2152 sed
957 2111 1007 2148 mu
1019 2090 1056 2150 tis
1076 2090 1162 2150 etiam
1181 2090 1300 2171 probris

168 2109 286 2230 ioedata
306 2179 358 2230 est
398 2165 550 2242 Quorsum
569 2167 618 2228 td?
637 2173 744 2248 nempe
762 2167 858 2228 voluit
876 2165 1012 2228 eoelestis
1031 2167 1121 2227 Pater
1140 2178 1170 2226 et
1187 2166 1301 2228 stellam

168 2257 200 2308 et
216 2260 319 2328 magos
339 2243 522 2308 constituere
540 2241 629 2306 nobis
650 2242 754 2320 duces,
781 2245 833 2324 qui
852 2255 933 2304 recta
953 2263 1010 2304 nos
1031 2243 1068 2303 ad
1087 2242 1193 2304 Filium
1215 2263 1298 2304 suum
1407 2293 1408 2300 ,

169 2317 359 2386 deducerent.
409 2317 469 2381 Sed
493 2321 613 2384 interim
636 2327 704 2380 euin
729 2321 851 2381 nudavit
877 2321 960 2380 omni
987 2331 1108 2380 terreno
1133 2320 1300 2402 splendore,

167 2393 370 2474 nesciremus,
389 2395 540 2478 spirituale
560 2416 622 2459 esse
643 2397 704 2458 eius
723 2415 856 2478 regnum.
897 2397 999 2471 Quare
1018 2415 1079 2458 oon
1099 2395 1167 2457 ideo
1186 2408 1300 2457 tantum

167 2475 247 2538 utilis
267 2488 311 2536 est
330 2475 403 2536 haec
422 2470 563 2548 historia,
582 2475 663 2558 qnod
681 2488 783 2557 magns
802 2474 902 2546 Dens,
921 2485 1060 2554 tanquam
1080 2472 1221 2533 Gentium
1239 2473 1299 2555 pri·
1406 2493 1407 2498 ¹

168 2553 262 2614 mitias
282 2553 361 2614 Filio
386 2570 440 2614 suo
460 2551 592 2612 ¹adduxit:
619 2551 671 2614 'sed
691 2553 780 2612 etiam
805 2552 871 2632 quia
891 2551 959 2611 Filii
978 2552 1022 2611 sui
1040 2569 1164 2632 regnum
1183 2562 1243 2610 tam
1261 2550 1298 2610 il-

68 2677 71 2685 .
167 2631 265 2690 lorum
286 2635 372 2710 quain
397 2627 499 2691 stellae
523 2627 625 2710 elogio
654 2626 797 2688 celebrari
817 2628 912 2689 voluit
934 2628 967 2688 in
991 2625 1064 2687 fidei
1087 2639 1205 2688 nostrae
1226 2647 1299 2708 pro-

165 2704 293 2779 iectum,
319 2725 360 2764 ne
377 2721 445 2764 eom
464 2703 551 2766 nobis
572 2704 828 2785 contemptibilem
848 2710 951 2786 pratris
976 2725 1010 2764 ac
1034 2702 1183 2797 malignus·
1202 2703 1312 2786 gentis,

85 2841 88 2848 ,
167 2773 235 2842 s'irae
255 2781 408 2861 despectus
427 2779 575 2839 redderet
612 2780 717 2862 Magos
736 2780 832 2840 Persis
851 2799 885 2840 ae
906 2780 1060 2842 Chaldaeis
1085 2797 1183 2841 voearr
1204 2793 1297 2841 astro-

168 2857 256 2938 logos
276 2867 306 2932 et
326 2851 522 2936 philosophos*
543 2855 610 2916 satis
630 2860 734 2920 notum
762 2867 820 2916 est:
840 2857 920 2916 unde
940 2857 1034 2918 facilis
1054 2857 1227 2918 coniectura
1243 2869 1298 2937 est,

165 2953 200 2992 er
218 2929 339 2992 Perside
358 2929 431 2992 istos
449 2931 571 2996 venisse.
611 2931 708 2994 Porro
736 2943 811 3010 quot
836 2933 947 2993 luerint
972 2953 1114 3008 numero,
1139 2935 1207 3013 quia
1233 2953 1295 2994 non

165 3006 300 3089 exprimit
318 3001 522 3144 Erangplista,
540 3008 654 3068 nescire
673 3019 818 3088 praestat,
837 3030 925 3088 quam
943 3021 1056 3070 temere
1074 3031 1131 3090 pro
1150 3023 1232 3072 certo
1251 3031 1298 3070 as-

164 3099 265 3145 serere
275 3085 356 3164 qut‘d
374 3083 415 3144 tin·
436 3085 496 3144 ium
509 3096 562 3144 est.
602 3079 745 3165 Papistas,
762 3095 797 3144 ut
816 3097 876 3146 tres
895 3086 1054 3168 fingerent,
1092 3085 1190 3148 uerilis
1211 3098 1296 3147 error

163 3161 291 3237 induxit,
316 3163 385 3242 quia
404 3159 476 3222 dicit
494 3157 657 3222 Matthias
674 3176 729 3222 eos
751 3160 892 3223 obtulisse
912 3183 1034 3241 aurum,
1059 3107 1143 3238 tius,
1167 3175 1199 3224 et
1216 3185 1295 3244 myr-

163 3237 262 3318 rham,
289 3235 388 3312 ‘Quasi
407 3255 478 3299 vero
500 3232 635 3299 distincte
653 3237 777 3320 singulis
797 3241 949 3330 proprium
969 3255 1075 3301 munus
1095 3244 1237 3322 assignet,
1262 3258 1297 3301 ac

163 3334 225 3373 non
246 3315 344 3393 potius
371 3316 520 3394 exprimat,
544 3315 616 3376 haee
635 3316 692 3375 tria
716 3328 911 3386 communiter
930 3316 966 3379 ab
992 3317 1049 3377 illis
1074 3316 1161 3378 luisse
1186 3316 1294 3378 oblata.

163 3389 306 3472 Quisquis
325 3389 375 3450 ille
395 3393 450 3451 luit
468 3405 551 3454 vetus
576 3391 719 3472 scriptor,
746 3392 827 3453 cuius
855 3395 1082 3454 commentarius
1107 3393 1296 3473 imperfectus

162 3467 194 3525 in
206 3463 386 3527 Matthaenm
400 3469 569 3530 nomenti
606 3468 728 3529 sostotni
741 3469 913 3550 inscriptum
932 3469 1032 3539 habet,
1048 3489 1086 3529 ac
1105 3468 1184 3530 inter
1203 3485 1295 3550 opera

162 3541 368 3626 Chrysostomi
387 3542 523 3624 habmus,
535 3546 590 3607 :die
604 3545 859 3626 tqutluordetim
874 3547 970 3616 [uisse
1010 3544 1102 3620 Quod
1118 3545 1212 3606 nihilo
1228 3545 1295 3627 plus

161 3618 251 3686 habet
269 3617 391 3700 eoloris,
409 3621 466 3680 nisi
484 3621 562 3682 forte
581 3643 617 3682 ex
628 3622 748 3684 Patrum
766 3622 927 3686 traditione
946 3623 1073 3700 fluxerit,
1093 3622 1173 3701 quod
1194 3634 1293 3692 tamen

161 3693 174 3754 i
192 3713 255 3758 sum
275 3717 395 3780 quoque
414 3695 488 3757 nihil
507 3695 583 3758 firmi
602 3696 700 3760 h'abet.
726 3696 884 3760 Caeterum
903 3699 967 3780 plus
988 3698 1209 3794 quam'ddicud
1225 3709 1294 3760 sunt

203 3773 311 3855 pistae,
337 3771 417 3854 quod
441 3791 526 3858 reges
551 3775 606 3835 sibi
623 3775 821 3850 fabilea'runt,
845 3778 912 3856 qnia
936 3775 1007 3838 alibi
1033 3774 1120 3853 (Psoi.
1146 3781 1201 3853 72,
1230 3776 1295 3854 itt)

161 3849 342 3930 praedictum
362 3848 518 3932 legebant,
541 3863 684 3916 venturns
701 3866 786 3936 reges
804 3852 903 3918 Tarsis
924 3853 1135 3916 stimulamur
1156 3865 1187 3912 et
1205 3851 1296 3926 Sata,

160 3924 213 4006 qui
232 3947 354 3992 munera
371 3926 504 4004 Domino
526 3927 681 3991 offerrent
719 3930 870 4012 ingeniosi
889 3929 1013 3992 artifices
1033 3929 1155 4010 scilicet,
1175 3929 1240 4012 qui,
1261 3940 1296 3988 ut

157 4022 264 4069 novam
283 4001 451 4070 hominibus
471 4002 595 4064 formam
615 4002 765 4082 darent‘a
784 4005 888 4068 mundi
900 4003 1095 4068 conversione
1107 4015 1289 4086 coeperunt:

160 4081 229 4138 nam
249 4093 283 4138 ex
302 4080 425 4140 meridie
445 4090 476 4138 et
494 4076 648 4142 oocidente
667 4081 803 4142 lecerunt
821 4084 974 4143 orientem.
999 4083 1063 4144 Nec
1078 4093 1152 4147 vero
1169 4077 1297 4144 dubium·
1409 4143 1410 4160 ,

159 4163 213 4226 est,
236 4155 311 4238 quin
335 4156 410 4220 iusta
428 4155 487 4217 Dei
504 4157 633 4219 -vindieta
656 4159 699 4220 sie
720 4159 920 4240 ‘obstupefacti
944 4160 1070 4237 suerint,
1095 4173 1130 4222 ut
1158 4159 1292 4220 omniarm

156 4227 287 4294 ludibrio
304 4244 420 4311 pateret
437 4253 532 4300 crassa
550 4253 653 4300 eorum
672 4235 802 4314 inscitia,
827 4236 932 4372 quibus
952 4235 1011 4296 Dei
1029 4239 1186 4298 veritatem
1205 4233 1290 4295 aclul-
1351 4301 1356 4310 ,

137 4306 253 4394 ,Ιῑςιιὶε
273 4319 303 4396 et
321 4309 352 4367 in
371 4309 554 4373 mendacium
572 4323 687 4373 vertere
706 4311 786 4374 nulla
804 4333 837 4372 re
850 4313 916 4402 igiq
931 4311 994 4374 fuit.
1034 4313 1096 4373 Sed
1120 4309 1171 4372 bic
1197 4328 1289 4394 quae-

156 4390 231 4439 ntur
246 4401 389 4463 primum,
406 4395 451 4448 tan
475 4387 557 4474 stella
577 4387 648 4451 llaec
674 4406 731 4450 una
756 4389 846 4451 luerit
869 4410 905 4452 ex
925 4410 1024 4451 earum
1044 4409 1189 4465 nrunero,
1214 4407 1289 4468 quas
