2808 4748
431 259 859 354 (st-st.1esustenatur.)
946 352 949 364 Ι
1151 266 1209 330 111

11 403 13 424 ⁵
80 411 215 497 celsum,
244 419 277 474 et
304 403 447 493 ostendit
472 403 523 472 illi
545 407 654 473 omnia
674 403 885 491 regna'orbis
905 409 1066 505 terracin
1086 381 1208 494 puncto

44 556 47 574 .
80 513 244 600 temporis.
271 509 301 574 6.
322 507 365 573 Et
385 508 429 596 ait
449 504 503 570 illi
520 503 682 585 diabolus,
704 505 783 572 'l'ibi
805 504 893 571 dabo
914 517 1103 594 potestatem
1125 509 1210 576 hanc

80 615 263 680 universam
285 619 317 678 et
338 606 474 694 gloriam
494 605 635 687 illorum,
655 609 732 694 quia
751 607 831 674 mibi
845 605 960 676 tradita
978 620 1069 676 sunt:
1089 621 1122 676 et
1142 614 1210 676 cui·
1300 593 1319 622 ⁵
1342 613 1347 620 ’

79 715 209 800 cunque
229 709 317 788 volo,
335 706 501 782 duilium.
541 709 570 774 7.
592 706 645 772 Tu
665 727 743 791 ergo
764 709 793 773 si
812 705 999 774 adoraveris
1017 697 1209 796 prouolutus

80 835 196 898 coram·
211 833 278 889 me,
308 818 402 876 erunt
425 819 479 874 tua
506 809 622 873 omnia.
663 806 693 872 Β.
719 805 763 871 Ει
788 807 992 893 respondens
1015 809 1105 875 lesus
1129 809 1209 900 dixit

80 913 140 992 illi,
156 899 313 1000 Abipost
333 907 533 991 me‚Sataua,
552 909 705 1006 spriptum
728 915 777 972 cst
799 910 892 988 eninr,
910 907 1084 994 Adorabis.
1096 909 1214 977 Domi

40 1081 43 1088 ⁴
78 1036 155 1080 num
176 1011 283 1082 Deum
303 1021 409 1089 tuum,
436 1005 581 1074 etillum
601 1006 707 1092 solum
733 1005 831 1074 coles.
856 1007 906 1072 ι9.
937 1007 980 1077 Ει
1010 1008 1099 1077 duxit
1118 1008 1210 1078 illurn
1287 1087 1295 1094 ἦ

78 1110 350 1208 Hierosolymam,
370 1110 546 1196 statuitque
567 1128 640 1172 eum
660 1127 759 1196 super
777 1111 910 1202 pinnam
934 1108 1067 1197 templis
1081 1121 1115 1178 et
1134 1111 1213 1202 dixit
1296 1094 1302 1105 l

79 1213 138 1292 illi,
155 1213 195 1278 Si
215 1210 320 1278 Filius
340 1211 408 1277 Dei
429 1230 473 1290 es,
494 1209 584 1272 mitte
605 1209 761 1295 teipsum
781 1209 858 1274 binc
874 1209 1035 1276 deorsum.
1062 1211 1112 1277 to.
1128 1211 1213 1279 Scri-

76 1315 166 1402 ptuni
184 1323 233 1381 est
253 1315 348 1390 euim,
368 1307 459 1398 quod
482 1307 605 1394 angelis
625 1310 694 1374 suis
713 1299 880 1396 mandabit
901 1309 943 1378 de
966 1319 1008 1390 te,
1028 1321 1068 1378 ut
1082 1323 1213 1380 servent
1312 1351 1315 1368 ·

77 1428 125 1498 te:
146 1427 155 1442 ”
166 1414 218 1493 ll.
235 1414 278 1478 Et
299 1413 390 1498 quod
408 1413 444 1476 in
462 1408 611 1475 manibus
630 1408 750 1476 tollant
768 1418 811 1488 ιε,
831 1431 874 1475 ne
896 1410 1047 1481 offendas
1064 1413 1112 1480 ud
1129 1411 1212 1502 lapi-

77 1517 154 1582 dem
174 1512 294 1603 pedem
314 1521 413 1576 tuum.
455 1510 506 1576 12.
532 1509 574 1574 Et
594 1508 799 1597 respondens
819 1509 897 1576 dixit
917 1510 980 1592 illi,
1001 1513 1132 1579 Dictum
1153 1525 1213 1596 est,
1253 1576 1257 1580 .

78 1618 158 1684 Non
188 1610 330 1680 tentabis
356 1610 534 1676 Dominum
561 1611 669 1676 Deum
696 1619 795 1676 tuum.
820 1609 892 1676 .13.
925 1609 968 1677 Ει
994 1625 1213 1696 consummata
1305 1633 1309 1639 ’

78 1717 171 1785 omni
191 1717 384 1792 tentatione,
402 1709 563 1790 diabolus
583 1714 719 1778 recessit
739 1708 782 1775 ib
803 1731 845 1777 eo
867 1731 970 1813 usque
992 1712 1035 1780 ad
1055 1723 1190 1806 tempus

160 1878 312 1943 Matthia
352 1877 441 1938 Turro
458 1879 579 1950 mensuit
595 1875 735 1942 diabolus.
773 1876 843 1938 Non
861 1877 961 1962 magui
980 1879 1113 1958 interest,
1132 1883 1215 1963 quod
1296 1877 1309 1890 ’“

78 1961 172 2020 Lucis
191 1955 321 2020 secundo
341 1951 410 2017 loco
429 1953 626 2018 tentationem
646 1957 761 2040 recitat,
780 1975 855 2036 quae
874 1955 906 2015 in
916 1968 1100 2036 postremum
1113 1960 1212 2021 locum
1278 1977 1279 1982 ’

77 2057 94 2096 a
113 2031 427 2111 Matthaeor'eiiciturz
452 2052 550 2112 neque
570 2033 648 2092 enirn
668 2032 852 2113 propositum
871 2032 1064 2116 Evangelistis
1090 2035 1146 2097 fuit
1165 2035 1214 2104 hi-

77 2113 188 2174 storiae
207 2110 287 2170 filum
311 2109 353 2190 sie
378 2119 553 2184 contexere,
576 2122 610 2169 ut
633 2109 776 2189 temporis
800 2109 946 2170 rationem
969 2130 1087 2192 semper
1111 2125 1213 2174 exacte

77 2199 244 2261 servarent,
270 2187 322 2246 sed
345 2205 444 2244 rerum
463 2183 763 2266 summascolligere,
786 2187 870 2245 utin
895 2186 1016 2265 speculo
1040 2189 1087 2249 vel
1110 2190 1212 2253 tabula

34 2285 36 2290 ’
76 2273 295 2345 proponerent,
315 2279 389 2345 quae
409 2261 446 2319 de
466 2260 586 2334 Christo
605 2261 828 2320 maximeutilia
847 2271 916 2321 sunt
934 2263 1066 2344 cognitu.
1091 2267 1212 2328 Tenere

79 2363 154 2424 crgo
174 2339 316 2412 sufficiat,
338 2335 493 2398 Christum
515 2333 611 2398 tribus
629 2337 724 2397 modis
744 2336 833 2398 fuisse
851 2347 1005 2397 tentatum.
1046 2341 1139 2414 Quod
1158 2363 1213 2402 au..

77 2429 142 2478 tem
160 2417 208 2479 rel
226 2413 385 2476 secundum
404 2412 451 2473 vel
468 2413 590 2472 tertium
609 2412 706 2472 fuerit.
719 2424 883 2485 certarnen,
906 2433 967 2471 non
993 2425 1037 2473 εει
1056 2415 1110 2475 ct'rr
1128 2419 1214 2479 anxie

78 2495 259 2554 laboremus.
301 2487 338 2547 ln
369 2488 552 2567 expositione
578 2507 685 2568 sequar
708 2489 850 2548 Matthaei
874 2499 1051 2548 contextum.
1093 2491 1213 2554 Dicitur

79 2565 218 2633 Christus
243 2565 354 2625 locatus
376 2583 466 2643 super
486 2563 606 2642 pinnam
631 2563 743 2644 templi.
786 2563 950 2640 Quaeritur
973 2576 1085 2643 autem,
1113 2588 1151 2628 an
1177 2587 1213 2631 re

77 2647 142 2728 ipsa
163 2654 280 2704 evectus
300 2642 438 2700 fueritin
457 2639 593 2715 sublime,
611 2661 648 2700 an
670 2659 740 2701 vero
760 2660 814 2721 per
832 2641 975 2702 visionem
991 2641 1021 2704 id
1035 2643 1145 2704 factum
1164 2647 1211 2707 sic
1306 2698 1307 2702 ,

77 2721 221 2801 Plerique
253 2717 444 2800 pertinaciter
471 2729 618 2792 asserunt,
648 2738 750 2780 verum
775 2730 806 2779 et
830 2715 938 2778 realem
964 2727 1011 2793 (ut
1034 2719 1213 2804 loquuntur)

11 2837 12 2858 r
80 2799 171 2862 fuisse
191 2794 325 2876 corporis
345 2805 475 2874 raptum,
501 2793 567 2886 quia
592 2793 747 2878 indignum
770 2806 888 2876 putant,
914 2795 1064 2857 Christum
1084 2798 1211 2862 Satanae
1267 2797 1269 2804 '

78 2875 244 2956 praestigiis
263 2869 389 2932 reddere
409 2871 577 2931 obnoxium.
616 2872 707 2951 Atqui
733 2871 819 2932 facile
845 2872 965 2932 diluitur
988 2875 1042 2934 ieta
1067 2871 1211 2952 obiectio,

79 2951 153 3013 nihil
175 2969 238 3012 esse
257 2947 496 3020 absurdi'inliei
515 2947 657 3028 permissu
678 2960 710 3009 et
718 2949 882 3012 voluntaria
892 2948 1077 3022 subiectione
1089 2952 1210 3030 Christi,

11 3059 12 3062 ¹
78 3029 173 3090 modo
193 3025 342 3105 peintus,
374 3024 431 3085 boc
451 3036 496 3085 εει
521 3029 551 3084 in
574 3037 675 3086 mente
698 3037 729 3086 ει
753 3027 865 3102 anima,
896 3027 1049 3107 quicquam
1074 3040 1213 3110 putemus
1278 3067 1282 3078 «

100 3126 196 3168 assum
228 3103 324 3162 luisse.
360 3100 401 3160 Et
431 3100 512 3181 quod
539 3114 642 3182 postea
672 3102 840 3179 subiicitur,
867 3103 901 3163 in
925 3116 1085 3184 conspectu
1101 3107 1212 3184 *posita

77 3127 207 3244 1Christo
227 3180 314 3242 luisse
333 3177 433 3238 omnia
452 3197 543 3260 regna
563 3177 678 3238 mundi:
697 3180 770 3240 item
790 3179 871 3260 quod
888 3178 992 3241 scribit
1010 3181 1114 3259 Lucas,
1133 3177 1214 3245 tem-'

58 3263 61 3273 ¹
102 3259 162 3320 oris
188 3266 341 3317 momento
366 3252 471 3346 procul
497 3255 585 3316 fuisse
607 3255 790 3334 traductum,
815 3256 921 3318 visioni
945 3261 1036 3340 magis
1061 3263 1209 3322 convenit.

79 3281 117 3396 ln
137 3355 172 3395 re
191 3345 290 3394 tamen
310 3329 415 3405 dubra,
439 3342 470 3391 et
493 3352 579 3410 quarn
604 3329 714 3412 absque
734 3333 869 3414 periculo·
890 3334 1006 3396 nescire
1023 3333 1107 3416 lieet,
1130 3341 1209 3400 malo
1288 3375 1302 3386 ι-

77 3406 441 3489 iudicium‹'suspendere,
469 3428 556 3486 quam
582 3409 774 3478 contentiosis
786 3409 931 3491 praebere
947 3411 1082 3494 litigandi
1102 3435 1210 3477 ansam.-

78 3490 160 3549 Fieri
181 3487 268 3547 etiam
281 3495 403 3565 potest,
422 3493 456 3542 ut
473 3484 604 3560 secundi,
620 3487 746 3548 tentatio
767 3509 828 3546 non
848 3489 886 3546 sit
905 3491 1047 3550 continuo
1065 3502 1126 3553 tern
1149 3494 1209 3554 oris

77 3584 216 3628 successu
234 3564 358 3646 primam
376 3571 514 3650 sequuta,
538 3580 595 3622 uec
613 3563 777 3640 secundam,
789 3563 890 3638 tertia,
917 3564 969 3624 sed
988 3566 1096 3646 aliquid
1130 3569 1208 3628 uerit
1316 3589 1320 3598 ’

79 3641 248 3717 distantiae,
268 3640 358 3732 idque
376 3657 469 3718 magis
508 3637 642 3697 robabile
662 3633 731 3701 esti
755 3661 919 3721 quanquam
941 3657 975 3700 ex
993 3643 1089 3704 verbis
1109 3644 1209 3707 Lucae

79 3719 208 3792 elicitur,
227 3738 289 3778 non
309 3714 475 3775 interfuisse
487 3657 771 3796 longamspatium,
791 3718 859 3797 quia
875 3716 948 3778 dicit
966 3719 1061 3780 datam
1077 3720 1113 3780 ad
1132 3709 1216 3780 tem)

77 3817 132 3878 pus
153 3795 283 3876 quietem
303 3791 553 3858 fuisseChristo.¹
579 3791 647 3852 Hoc
665 3814 736 3858 vero
755 3796 830 3862 scire
854 3795 974 3856 adrem
997 3796 1119 3856 maxime
1159 3817 1208 3870 er-

77 3871 176 3946 tinet,
200 3870 270 3952 quid
294 3869 454 3949 captaverit
480 3867 569 3929 Satan
594 3866 626 3928 in
653 3868 706 3930 hac
730 3871 901 3932 tentationis
924 3873 1037 3952 specie,
1055 3817 1157 3951 equodj
1174 3893 1208 3936 ex
1233 3873 1234 3880 '

79 3947 194 4011 Christi
212 3965 354 4027 responso
374 3943 543 4005 discendum
564 3956 618 4021 est,
638 3946 724 4007 sicuti
743 3947 830 4028 paulo
850 3959 917 4013 ante
936 3948 1085 4008 admonui.
1118 3949 1208 4012 Chri-

79 4038 158 4099 stus,
183 4035 217 4084 ut
243 4023 337 4084 host'd
357 4023 478 4084 astutiae
498 4033 633 4084 occurrat
659 4034 689 4083 et
707 4023 861 4107 propulset
888 4023 1126 4106 eiusimpetuiu,
1171 4031 1207 4088 r'o

80 4101 188 4182 clypeo
209 4122 248 4181 op
271 4102 352 4174 onit,
375 4118 436 4158 non
461 4097 634 4159 te'nta'udum
658 4119 720 4161 csse
739 4101 846 4162 Deum.
884 4101 974 4161 Unde
991 4115 1127 4182 apparet,
1149 4047 1169 4166 h

80 4189 228 4258 spectasse
293 4179 343 4237 stis
366 4175 499 4262 insidias,
529 4186 562 4234 ut
585 4189 758 4257 repraeter
788 4179 895 4240 iustum
926 4177 1046 4238 modurn
1077 4180 1209 4244 efferens

79 4265 186 4314 eontm
208 4255 307 4316 Deum
333 4265 446 4312 temera
468 4252 548 4313 insur
569 4266 641 4314 eret.
680 4254 764 4316 Prius
789 4255 939 4316 Christum
964 4267 1086 4316 conatus
1110 4258 1208 4321 iuerat
1305 4299 1310 4303 -

47 4367 49 4374 ,
79 4331 173 4391 Satan
198 4335 229 4391 in
255 4330 487 4411 desperationem
512 4271 646 4405 trrrlrcre,
671 4332 738 4411 quia
763 4333 843 4392 victu
869 4342 899 4388 ει
924 4330 1078 4393 ordinariis
1100 4333 1207 4400 mediis

78 4407 310 4472 destituebatur:
331 4428 409 4493 nunc
429 4407 465 4468 ad
485 4406 602 4470 inanem
623 4422 653 4471 ct
673 4419 822 4472 ventosam
833 4407 1042 4470 confidentiam
1059 4429 1126 4476 cunr
1144 4415 1206 4480 rol-

355 4545 474 4618 ro'
583 4533 642 4576 ‚¹
758 4561 813 4599 Ι,

1171 4123 1208 4168 ilc
1309 4120 1313 4130 “
