2786 4742
188 79 204 112 l.

356 243 358 246 ·
438 225 499 294 (82.
521 223 603 312 Grau
623 224 890 308 Gergesenorum.)
985 180 991 193 x
1103 287 1110 294 .
1174 231 1231 296 tat

95 349 1057 453 factumfugerunt,etnuutiareruntineiritatometinvillas.
1077 351 1229 441 sensti

91 477 171 531 runt
184 466 290 531 autem
299 468 415 534 ridere
428 468 558 549 lactum,
577 482 614 536 et
620 485 781 541 venerumt
797 474 840 540 ad
853 477 967 558 lesum,
984 488 1017 544 et
1031 479 1228 542 invenerunt

92 566 263 634 sedentem
275 566 446 648 hominem,
465 593 562 661 aquo
577 571 748 650 daemonia
760 577 912 660 exierant,
930 569 1077 648 vestitum
1097 569 1226 645 aesone
1262 625 1297 660 r:

93 678 204 734 mente
217 668 259 735 ad
273 669 376 756 pedes
386 672 474 740 Iesu:
486 683 517 740 et
527 659 714 752 'timuerunt
735 677 1033 762 :mundaremur
1045 676 1226 746 autemillis
1258 663 1273 714 ⁴*

92 771 152 854 qui
164 769 318 850 viderant,
338 773 505 858 quomodo
518 783 649 842 sanatus
662 787 747 844 esset
761 763 999 845 daemoniacus.
1021 779 1072 844 ³7.
1082 779 1124 844 Et
1133 799 1227 867 roga·

90 882 211 936 verunt
223 871 313 939 illum
325 877 429 940 omnis
446 868 617 943 multitudo
635 881 777 964 regionis
792 877 1048 960 Gadarenorum,
1067 875 1102 946 ut
1123 877 1226 947 disce·
1311 916 1315 925 =

11 1058 14 1062 p
91 971 189 1038 deret
209 971 250 1040 ab
262 976 350 1062 ipsis,
371 978 447 1063 quia
458 998 575 1062 magno
588 979 704 1047 timore
716 978 927 1048 tenebantur:
947 980 1018 1068 ipse
1029 989 1136 1070 autem
1149 999 1226 1046 oon·
1270 1043 1273 1054 ,

88 1097 205 1142 seensa
219 1078 453 1166 narireversus
466 1087 522 1144 est
542 1079 593 1144 38.
606 1080 857 1167 Rogavitautem
868 1083 929 1159 vir,
943 1103 961 1145 a
974 1100 1040 1168 quo
1053 1079 1225 1146 daemonia

88 1179 246 1257 exierant,
256 1187 294 1244 ut
301 1200 372 1245 eum
381 1189 530 1244 coesset:
543 1178 603 1245 sed
614 1179 733 1251 dimisit
746 1183 922 1263 eumlesus,
935 1181 1057 1260 dicens,
1074 1181 1126 1245 39.
1137 1175 1225 1244 Redi
1243 1236 1251 1246 ,
1273 1189 1275 1195 “

86 1277 223 1344 domum
243 1290 339 1358 tuam,
360 1289 392 1346 et
408 1299 505 1346 narra
526 1301 740 1370 quaecunque
760 1281 821 1350 tibi
842 1283 921 1350 facit
939 1282 1041 1348 Deus.
1081 1279 1124 1352 Et
1144 1276 1226 1349 abiit
1288 1293 1292 1301 '

83 1400 150 1466 per
168 1381 267 1446 totam
285 1381 454 1466 civitatem,
471 1381 665 1468 praedicans
680 1405 895 1473 quaeeunque
910 1382 974 1452 sibi
985 1381 1115 1450 tuomet
1126 1381 1225 1448 lesus.

165 1577 227 1640 lam
258 1577 338 1662 prius
363 1567 468 1641 eorum
492 1579 795 1658 erroremrefutari,
826 1582 877 1664 qui
895 1584 1027 1646 Marcum
1058 1591 1090 1644 et
1111 1579 1223 1642 Lucam

82 1653 168 1718 aliud
186 1656 358 1721 miraculum
377 1657 491 1718 referre
503 1656 616 1724 volunt
654 1659 730 1720 Nam
750 1681 839 1741 quum
860 1661 962 1722 eadem
981 1681 998 1722 a
1016 1659 1111 1722 tribus
1123 1657 1222 1716 Eran-

81 1733 199 1818 gelistis
218 1743 341 1822 nptetur
359 1734 444 1818 regio
458 1733 609 1796 Galilaeae
629 1734 775 1817 opposita,
794 1736 881 1798 sicuti
901 1737 991 1798 etiam
1008 1737 1104 1798 Lucas
1124 1733 1221 1872 expri-

79 1811 151 1887 mit,
170 1822 201 1872 et
220 1810 400 1872 conveniant
414 1830 521 1874 'omues
533 1811 782 1874 circumstantiae:
795 1813 843 1876 cui
862 1813 1097 1897 persuadebitur,
1116 1831 1151 1874 ea

79 1889 158 1950 baec
178 1889 279 1949 omnia
297 1887 416 1950 diversis
435 1889 619 1970 temporibus
638 1887 796 1954 accidisse?
878 1881 884 1904 ¹
920 1899 937 1947 t

160 1963 266 2027 Mattb.
286 1969 334 2031 28.
376 1963 877 2030 occuwmmretctudaemontact
916 1967 984 2030 Hoc
1003 1985 1094 2030 uuum
1115 1963 1219 2026 discri-

78 2063 153 2103 men
175 2063 289 2104 causam
310 2041 418 2103 erroris
438 2043 576 2122 praebuit
595 2043 673 2106 inter
695 2044 821 2118 retibus,
841 2057 875 2108 ut
894 2045 1076 2108 Matthaeurn
1096 2041 1132 2110 ab
1153 2035 1218 2104 aliis
1250 2059 1254 2064 ·
1328 2073 1332 2078 ·
1371 2039 1373 2048 '

78 2119 180 2182 disiun
204 2127 306 2193 erent,
357 2118 405 2178 uia
429 2117 479 2179 bic
504 2065 746 2198 duos-nominat,
780 2121 829 2182 alii
843 2121 991 2184 'duntaxat
1015 2142 1117 2180 uuum.
1156 2116 1218 2180 Sed

77 2139 247 2278 probabilis
273 2203 318 2255 est
336 2139 493 2275 bugustini
516 2194 702 2266 coniectura,
723 2196 773 2277 qui
799 2197 871 2260 duos
896 2197 987 2270 fuisse
1012 2198 1158 2272 sentiens,
1179 2195 1217 2259 de

77 2293 146 2336 uno
171 2284 286 2333 tantum
309 2269 359 2330 hic
384 2269 474 2330 verba
498 2269 562 2346 fieri
587 2283 717 2346 excusat,
751 2273 831 2363 quod
863 2277 953 2356 magis
978 2273 1104 2336 famosus
1129 2282 1217 2348 esset,

76 2363 109 2412 at
134 2359 174 2409 u'e
192 2348 233 2409 ita
274 2359 377 2427 repter
395 2345 465 2406 mali
484 2347 667 2407 atrocitatem
687 2369 732 2410 ma
755 2371 777 2409 rs
789 2341 901 2410 illustre
921 2350 1011 2411 luerit
1029 2351 1059 2410 in
1073 2370 1110 2410 eo
1129 2349 1216 2410 mira·

77 2372 193 2490 cuium.
258 2434 272 2485 t
296 2435 377 2485 certe
399 2421 531 2484 ridemus
555 2422 665 2490 Lucam
690 2436 721 2485 et
777 2445 877 2486 arcum
904 2427 935 2486 in
960 2425 1079 2500 saevitia
1103 2423 1216 2486 diaboli

76 2499 286 2584 amplificanda
305 2498 404 2561 multis
423 2498 521 2560 verbis
540 2498 692 2574 insistere,
711 2513 745 2562 ut
764 2513 881 2562 constet
898 2503 1036 2576 miserum
1055 2500 1137 2561 illum
1158 2499 1215 2562 lm·
1249 2561 1252 2571 ,

75 2581 209 2658 minem,
236 2575 272 2638 de
292 2597 352 2658 quo
372 2576 560 2657 loquuntur,
575 2573 641 2655 plus
661 2598 747 2658 quam
766 2579 946 2658 impotenter
965 2577 1053 2638 luisse
1069 2586 1213 2649 vexatum.

76 2655 177 2734 Quod
197 2674 269 2736 ergo
290 2676 381 2714 unum
400 2652 515 2734 insigne
535 2651 696 2734 exemplum
718 2653 835 2716 divinae
854 2654 964 2718 Christi
1012 2667 1142 2718 otcnaae
1162 2672 1214 2714 ce-

73 2735 214 2806 lebrant,
241 2754 259 2794 a
277 2730 420 2794 Matthaei
438 2728 606 2790 narratione
627 2751 689 2790 nou
714 2730 848 2808 dissidet,
894 2752 948 2794 uae
970 2675 1095 2792 aiterum
1115 2729 1211 2797 homi-

74 2832 168 2886 nem,
199 2809 268 2872 licet
293 2809 388 2878 miuus
420 2809 587 2901 cognitum,
609 2805 752 2900 pdluugit
802 2754 894 2886 Quoi
919 2809 1013 2872 Lucas
1040 2807 1126 2884 dicit,
1155 2828 1212 2868 oc-

74 2889 205 2950 currisse
230 2887 381 2950 hominem
405 2905 422 2944 e
449 2884 582 2960 cavitate,
607 2896 753 2958 incertum
778 2898 837 2961 est,
863 2887 995 2950 civemne
1021 2883 1238 2947 Gadarenum'

73 2965 168 3028 inim
187 2959 350 3046 intelligat,
374 2983 411 3024 an
434 2961 516 3022 illinc
534 2959 701 3044 profectum
723 2961 843 3026 Christo
865 2964 952 3030 luisse
972 2962 1097 3032 obviarn.
1134 2963 1212 3027 Nam

74 3063 170 3136 quum
190 3041 283 3104 iussus
304 3051 389 3113 esset,
409 3038 529 3113 domum
549 3037 630 3100 abire
650 3049 681 3099 et
698 3040 777 3120 inter
795 3062 864 3102 suos
883 3041 1052 3123 praedicare
1062 3037 1121 3100 Del
1139 3046 1209 3122 grass
1261 3063 1262 3075 ¹

73 3132 161 3195 nam,
179 3118 297 3184 Marcus
317 3117 398 3192 dicit,
418 3116 535 3176 eumin
555 3113 635 3176 Deea
659 3115 700 3176 oli
719 3116 777 3178 hoc
796 3117 916 3191 iecisse,
957 3137 1012 3179 uae
1029 3117 1125 3179 vicina
1145 3125 1209 3183 erat

73 3197 162 3280 regin
182 3195 214 3254 in
235 3192 399 3256 Galilaeam
417 3211 558 3274 vergens:
583 3213 622 3252 un
646 3212 661 3252 e
684 3194 857 3271 coniicitur,
882 3139 1007 3256 Gatiaris
1031 3215 1092 3256 uon
1118 3191 1209 3254 fuisse

72 3287 189 3333 uatum.
228 3272 325 3332 Porro
345 3291 408 3332 non
429 3288 575 3360 egressum
596 3267 690 3330 fuisse
710 3290 744 3335 ex
763 3270 838 3332 urbe
857 3272 1021 3333 Matthaeus
1042 3284 1073 3332 et
1092 3269 1208 3332 Marcus

73 3351 187 3410 diserte
205 3358 361 3420 testantur,
379 3345 431 3408 sed
451 3366 485 3406 ex
503 3345 717 3422 monumentis,
739 3357 770 3408 et
786 3347 881 3410 Lucas
900 3349 962 3428 ipse
981 3361 1047 3410 toto
1068 3359 1209 3412 contextu

72 3425 224 3508 significat
246 3425 279 3486 in
302 3422 461 3490 solitudine
485 3423 596 3484 vixisse.
641 3420 728 3486 llaec
752 3424 843 3507 igitur
866 3427 974 3501 rerba,
1006 3423 1142 3488 Occurrit
1162 3425 1209 3482 tris·

71 3501 196 3583 modam
214 3511 231 3562 e
247 3503 370 3579 ciuiuus,
389 3499 430 3562 sic
448 3499 640 3580 interpretor,
661 3499 751 3580 quod,
770 3501 937 3582 priusquam
954 3503 1109 3564 accederet
1119 3499 1208 3562 Chri·

71 3591 135 3644 stus
160 3578 199 3642 ad
222 3577 345 3655 urbem,
379 3577 416 3640 ab
442 3595 477 3638 ea
504 3588 588 3658 parte
612 3595 644 3638 se
670 3577 800 3640 medium
825 3578 967 3640 obtulerit
990 3577 1208 3640 daemoniacus.

73 3658 236 3719 Caeterum
257 3654 309 3736 qui
332 3664 451 3736 putant,
479 3653 510 3713 ln
533 3653 674 3735 sepulcris
698 3654 842 3716 habitasse
872 3656 1039 3732 huminem,
1070 3654 1138 3734 quia
1157 3649 1207 3716 vel

74 3734 171 3794 odore
197 3732 370 3796 cadaverum
395 3730 593 3805 delectantur,
623 3729 670 3791 rel
696 3729 880 3792 oblationum
911 3733 1016 3794 nidore
1039 3731 1208 3792 mulcentur

73 3809 253 3886 daemones,
276 3809 324 3870 vel
343 3809 411 3888 quia
430 3807 538 3868 animas
558 3818 691 3886 captent,
711 3827 785 3887 quae
804 3809 863 3869 suis
883 3808 1058 3891 corporibus
1081 3806 1208 3944 propin-

74 3906 150 3978 quae
166 3905 234 3948 esse
252 3897 411 3967 appetunt,
432 3884 538 3946 frivola
558 3895 618 3959 est,
641 3884 701 3945 imo
725 3883 813 3946 stulta
824 3905 936 3947 eorum
957 3883 1108 3946 divinatio.
1172 3903 1208 3950 o,-

73 3972 131 4024 taus
150 3962 290 4029 miserum
311 3962 388 4024 hunc
408 3960 558 4026 hominem
577 3961 607 4022 in
626 3961 767 4040 sepulcris
786 3961 913 4023 detinuit
938 3959 1104 4024 immundus
1122 3981 1136 4020 e
1157 3958 1212 4022 iri,-

73 4037 138 4127 tus',
163 4053 196 4100 ut
215 4038 358 4102 continuo
379 4059 445 4100 eum
465 4051 581 4100 terrore
602 4031 641 4099 ob
662 4038 775 4099 tristem
800 4039 902 4100 mortis
926 4049 1117 4117 conspectum
1137 3981 1226 4100 lan?

74 4128 203 4193 amaret,
230 4117 289 4178 acsi
321 4121 470 4196 exemptus
501 4135 518 4176 e
543 4135 667 4178 numero
697 4115 848 4177 hominum
878 4116 933 4176 iam
964 4115 1046 4178 inter
1070 4115 1206 4176 mortuos

73 4202 186 4270 ageret.
218 4194 308 4258 ‘Adde
320 4193 400 4273 quod
420 4192 488 4252 binc
507 4189 655 4268 discimus,
674 4190 824 4254 diabolum
838 4212 901 4254 nou
920 4192 1050 4256 cruciare
1065 4191 1100 4254 in
1120 4209 1207 4272 prae·
1251 4199 1261 4241 t

74 4267 152 4328 senti
169 4280 282 4334 tantum
300 4271 362 4333 rita
381 4267 531 4345 homines,
553 4269 604 4332 sed
625 4267 661 4330 ad
680 4280 806 4335 mortem
827 4287 918 4356 usque
937 4268 1100 4358 pe‘rsequi,
1114 4267 1205 4340 adeo·

76 4359 134 4426 (Μ
153 4365 276 4434 reguum
298 4348 358 4417 eiua
377 4347 408 4416 is
427 4357 526 4416 morte
545 4347 654 4435 rigere.
