<?xml version="1.0" encoding="UTF-8"?>
<!DOCTYPE html PUBLIC "-//W3C//DTD XHTML 1.0 Transitional//EN"
    "http://www.w3.org/TR/xhtml1/DTD/xhtml1-transitional.dtd">
<html xmlns="http://www.w3.org/1999/xhtml" xml:lang="en" lang="en">
 <head>
  <title>
</title>
<meta http-equiv="Content-Type" content="text/html;charset=utf-8" />
  <meta name='ocr-system' content='tesseract 3.04.00' />
  <meta name='ocr-capabilities' content='ocr_page ocr_carea ocr_par ocr_line ocrx_word'/>
</head>
<body>
  <div class='ocr_page' id='page_1' title='image "./innovumtestamen01tholgoog_0148.png"; bbox 0 0 2824 4756; ppageno 0'>
   <div class='ocr_carea' id='block_1_1' title="bbox 533 183 1231 300">
    <p class='ocr_par' dir='ltr' id='par_1_1' title="bbox 533 183 1231 300">
     <span class='ocr_line' id='line_1_1' title="bbox 533 183 1231 300; baseline -0.017 -22"><span class='ocrx_word' id='word_1_1' title='bbox 533 207 678 280; x_wconf 65' lang='lat' dir='ltr'>(ld-20·</span> <span class='ocrx_word' id='word_1_2' title='bbox 697 208 802 300; x_wconf 76' lang='lat' dir='ltr'>Magi.)</span> <span class='ocrx_word' id='word_1_3' title='bbox 1090 183 1098 194; x_wconf 48' lang='grc'>”</span> <span class='ocrx_word' id='word_1_4' title='bbox 1192 215 1231 298; x_wconf 72' lang='lat'>⁰⁷.</span> 
     </span>
    </p>
   </div>
   <div class='ocr_carea' id='block_1_2' title="bbox 1 347 1290 2050">
    <p class='ocr_par' dir='ltr' id='par_1_2' title="bbox 18 347 1290 1650">
     <span class='ocr_line' id='line_1_2' title="bbox 100 347 1231 430; baseline 0.002 -16"><span class='ocrx_word' id='word_1_5' title='bbox 100 352 249 416; x_wconf 77' lang='lat' dir='ltr'>Dominus</span> <span class='ocrx_word' id='word_1_6' title='bbox 267 351 300 414; x_wconf 91' lang='lat' dir='ltr'>ln</span> <span class='ocrx_word' id='word_1_7' title='bbox 320 348 398 414; x_wconf 81' lang='lat' dir='ltr'>coeli</span> <span class='ocrx_word' id='word_1_8' title='bbox 416 355 552 420; x_wconf 74' lang='lat' dir='ltr'>orclatum</span> <span class='ocrx_word' id='word_1_9' title='bbox 572 350 658 412; x_wconf 83' lang='lat' dir='ltr'>initio</span> <span class='ocrx_word' id='word_1_10' title='bbox 684 351 806 414; x_wconf 80' lang='lat' dir='ltr'>creavit:</span> <span class='ocrx_word' id='word_1_11' title='bbox 831 347 954 430; x_wconf 83' lang='lat' dir='ltr'>delude,</span> <span class='ocrx_word' id='word_1_12' title='bbox 971 373 1009 416; x_wconf 85' lang='lat' dir='ltr'>an</span> <span class='ocrx_word' id='word_1_13' title='bbox 1029 352 1086 416; x_wconf 90' lang='lat' dir='ltr'>huc</span> <span class='ocrx_word' id='word_1_14' title='bbox 1104 353 1231 416; x_wconf 89' lang='lat' dir='ltr'>astrolo-</span> 
     </span>
     <span class='ocr_line' id='line_1_3' title="bbox 101 425 1232 513; baseline 0.002 -23"><span class='ocrx_word' id='word_1_15' title='bbox 101 429 170 513; x_wconf 79' lang='lat' dir='ltr'>giae</span> <span class='ocrx_word' id='word_1_16' title='bbox 190 430 265 490; x_wconf 87' lang='lat' dir='ltr'>ratio</span> <span class='ocrx_word' id='word_1_17' title='bbox 285 448 388 508; x_wconf 83' lang='lat' dir='ltr'>magos</span> <span class='ocrx_word' id='word_1_18' title='bbox 405 425 590 510; x_wconf 82' lang='lat' dir='ltr'>perduxerit,</span> <span class='ocrx_word' id='word_1_19' title='bbox 615 439 649 488; x_wconf 91' lang='lat' dir='ltr'>ut</span> <span class='ocrx_word' id='word_1_20' title='bbox 673 427 743 488; x_wconf 89' lang='lat' dir='ltr'>inde</span> <span class='ocrx_word' id='word_1_21' title='bbox 763 427 874 490; x_wconf 76' lang='lat' dir='ltr'>Christi</span> <span class='ocrx_word' id='word_1_22' title='bbox 897 430 1018 510; x_wconf 77' lang='lat' dir='ltr'>genesin</span> <span class='ocrx_word' id='word_1_23' title='bbox 1037 442 1139 492; x_wconf 89' lang='lat' dir='ltr'>mente</span> <span class='ocrx_word' id='word_1_24' title='bbox 1157 453 1232 494; x_wconf 90' lang='lat' dir='ltr'>con-</span> 
     </span>
     <span class='ocr_line' id='line_1_4' title="bbox 102 503 1190 586; baseline 0.003 -19"><span class='ocrx_word' id='word_1_25' title='bbox 102 509 247 586; x_wconf 82' lang='lat' dir='ltr'>ciperent.</span> <span class='ocrx_word' id='word_1_26' title='bbox 286 505 350 564; x_wconf 86' lang='lat' dir='ltr'>Etsi</span> <span class='ocrx_word' id='word_1_27' title='bbox 375 517 471 564; x_wconf 86' lang='lat' dir='ltr'>autem</span> <span class='ocrx_word' id='word_1_28' title='bbox 490 503 534 564; x_wconf 91' lang='lat' dir='ltr'>his</span> <span class='ocrx_word' id='word_1_29' title='bbox 560 503 705 566; x_wconf 82' lang='lat' dir='ltr'>derebus</span> <span class='ocrx_word' id='word_1_30' title='bbox 724 523 786 564; x_wconf 89' lang='lat' dir='ltr'>uou</span> <span class='ocrx_word' id='word_1_31' title='bbox 807 514 851 565; x_wconf 88' lang='lat' dir='ltr'>est</span> <span class='ocrx_word' id='word_1_32' title='bbox 870 507 1052 568; x_wconf 78' lang='lat' dir='ltr'><strong>contentiose</strong></span> <span class='ocrx_word' id='word_1_33' title='bbox 1070 509 1190 570; x_wconf 80' lang='lat' dir='ltr'>rixandu</span> 
     </span>
     <span class='ocr_line' id='line_1_5' title="bbox 101 529 1232 665; baseline 0.004 -21"><span class='ocrx_word' id='word_1_34' title='bbox 101 595 204 646; x_wconf 87' lang='lat' dir='ltr'>tamen</span> <span class='ocrx_word' id='word_1_35' title='bbox 237 601 272 650; x_wconf 77' lang='lat' dir='ltr'>ers</span> <span class='ocrx_word' id='word_1_36' title='bbox 295 579 435 642; x_wconf 85' lang='lat' dir='ltr'>Matthaei</span> <span class='ocrx_word' id='word_1_37' title='bbox 458 579 555 642; x_wconf 90' lang='lat' dir='ltr'>verbis</span> <span class='ocrx_word' id='word_1_38' title='bbox 581 579 745 662; x_wconf 77' lang='lat' dir='ltr'>colligitur,</span> <span class='ocrx_word' id='word_1_39' title='bbox 774 601 835 640; x_wconf 90' lang='lat' dir='ltr'>non</span> <span class='ocrx_word' id='word_1_40' title='bbox 863 579 950 640; x_wconf 82' lang='lat' dir='ltr'>fuisse</span> <span class='ocrx_word' id='word_1_41' title='bbox 975 583 1151 665; x_wconf 86' lang='lat' dir='ltr'>naturalem,</span> <span class='ocrx_word' id='word_1_42' title='bbox 1178 529 1232 648; x_wconf 57' lang='lat' dir='ltr'>sill</span> 
     </span>
     <span class='ocr_line' id='line_1_6' title="bbox 101 655 1231 742; baseline -0.006 -20"><span class='ocrx_word' id='word_1_43' title='bbox 101 657 379 733; x_wconf 76' lang='lat' dir='ltr'>extraordinariam,</span> <span class='ocrx_word' id='word_1_44' title='bbox 403 676 501 738; x_wconf 86' lang='lat' dir='ltr'>neque</span> <span class='ocrx_word' id='word_1_45' title='bbox 522 657 600 720; x_wconf 88' lang='lat' dir='ltr'>enim</span> <span class='ocrx_word' id='word_1_46' title='bbox 621 677 660 718; x_wconf 81' lang='lat' dir='ltr'>ex</span> <span class='ocrx_word' id='word_1_47' title='bbox 680 657 784 720; x_wconf 84' lang='lat' dir='ltr'>ordine</span> <span class='ocrx_word' id='word_1_48' title='bbox 804 668 926 720; x_wconf 84' lang='lat' dir='ltr'>naturae</span> <span class='ocrx_word' id='word_1_49' title='bbox 946 655 1015 732; x_wconf 83' lang='lat' dir='ltr'>snit,</span> <span class='ocrx_word' id='word_1_50' title='bbox 1034 661 1114 738; x_wconf 89' lang='lat' dir='ltr'>quod</span> <span class='ocrx_word' id='word_1_51' title='bbox 1134 661 1231 742; x_wconf 70' lang='lat' dir='ltr'>dispa-</span> 
     </span>
     <span class='ocr_line' id='line_1_7' title="bbox 18 731 1228 818; baseline 0.002 -21"><span class='ocrx_word' id='word_1_52' title='bbox 18 742 27 761; x_wconf 81' lang='lat'><strong><em>¹</em></strong></span> <span class='ocrx_word' id='word_1_53' title='bbox 101 736 164 798; x_wconf 90' lang='lat' dir='ltr'>ruit</span> <span class='ocrx_word' id='word_1_54' title='bbox 183 734 274 802; x_wconf 82' lang='lat' dir='ltr'>,certis</span> <span class='ocrx_word' id='word_1_55' title='bbox 298 733 495 814; x_wconf 82' lang='lat' dir='ltr'><strong>temporibus,</strong></span> <span class='ocrx_word' id='word_1_56' title='bbox 529 745 558 792; x_wconf 91' lang='lat' dir='ltr'>et</span> <span class='ocrx_word' id='word_1_57' title='bbox 585 745 688 816; x_wconf 84' lang='lat' dir='ltr'>postea</span> <span class='ocrx_word' id='word_1_58' title='bbox 714 745 838 814; x_wconf 88' lang='lat' dir='ltr'>repente</span> <span class='ocrx_word' id='word_1_59' title='bbox 864 731 971 792; x_wconf 85' lang='lat' dir='ltr'>illuxit:</span> <span class='ocrx_word' id='word_1_60' title='bbox 998 734 1118 810; x_wconf 86' lang='lat' dir='ltr'>deinde,</span> <span class='ocrx_word' id='word_1_61' title='bbox 1147 737 1228 818; x_wconf 86' lang='lat' dir='ltr'>quod</span> 
     </span>
     <span class='ocr_line' id='line_1_8' title="bbox 102 809 1232 893; baseline 0.001 -19"><span class='ocrx_word' id='word_1_62' title='bbox 102 823 190 874; x_wconf 83' lang='lat' dir='ltr'>recte</span> <span class='ocrx_word' id='word_1_63' title='bbox 211 833 296 875; x_wconf 87' lang='lat' dir='ltr'>cursu</span> <span class='ocrx_word' id='word_1_64' title='bbox 313 829 470 893; x_wconf 79' lang='lat' dir='ltr'>progressa</span> <span class='ocrx_word' id='word_1_65' title='bbox 489 809 664 872; x_wconf 83' lang='lat' dir='ltr'><strong>Bethlehem</strong></span> <span class='ocrx_word' id='word_1_66' title='bbox 682 831 782 872; x_wconf 88' lang='lat' dir='ltr'>versus</span> <span class='ocrx_word' id='word_1_67' title='bbox 800 809 1083 890; x_wconf 49' lang='lat' dir='ltr'>tandemquessupra</span> <span class='ocrx_word' id='word_1_68' title='bbox 1102 813 1232 889; x_wconf 89' lang='lat' dir='ltr'>domum,</span> 
     </span>
     <span class='ocr_line' id='line_1_9' title="bbox 102 882 1233 968; baseline 0.003 -20"><span class='ocrx_word' id='word_1_69' title='bbox 102 890 137 950; x_wconf 88' lang='lat' dir='ltr'>in</span> <span class='ocrx_word' id='word_1_70' title='bbox 158 906 215 968; x_wconf 87' lang='lat' dir='ltr'>qua</span> <span class='ocrx_word' id='word_1_71' title='bbox 236 887 368 950; x_wconf 87' lang='lat' dir='ltr'>Christus</span> <span class='ocrx_word' id='word_1_72' title='bbox 389 899 461 962; x_wconf 87' lang='lat' dir='ltr'>erat,</span> <span class='ocrx_word' id='word_1_73' title='bbox 480 885 534 948; x_wconf 83' lang='lat' dir='ltr'>fixa</span> <span class='ocrx_word' id='word_1_74' title='bbox 552 887 683 948; x_wconf 87' lang='lat' dir='ltr'>steterit:</span> <span class='ocrx_word' id='word_1_75' title='bbox 703 907 830 967; x_wconf 86' lang='lat' dir='ltr'>quorum</span> <span class='ocrx_word' id='word_1_76' title='bbox 850 882 924 946; x_wconf 92' lang='lat' dir='ltr'>nibil</span> <span class='ocrx_word' id='word_1_77' title='bbox 937 887 1076 946; x_wconf 90' lang='lat' dir='ltr'>convenit</span> <span class='ocrx_word' id='word_1_78' title='bbox 1094 889 1233 951; x_wconf 88' lang='lat' dir='ltr'>naturali-</span> 
     </span>
     <span class='ocr_line' id='line_1_10' title="bbox 104 960 1232 1046; baseline 0 -20"><span class='ocrx_word' id='word_1_79' title='bbox 104 965 162 1027; x_wconf 90' lang='lat' dir='ltr'>bus</span> <span class='ocrx_word' id='word_1_80' title='bbox 180 960 280 1026; x_wconf 88' lang='lat' dir='ltr'>stellis.</span> <span class='ocrx_word' id='word_1_81' title='bbox 318 964 413 1046; x_wconf 84' lang='lat' dir='ltr'>Magis</span> <span class='ocrx_word' id='word_1_82' title='bbox 437 962 593 1044; x_wconf 73' lang='lat' dir='ltr'>probabile</span> <span class='ocrx_word' id='word_1_83' title='bbox 616 975 663 1026; x_wconf 84' lang='lat' dir='ltr'>est</span> <span class='ocrx_word' id='word_1_84' title='bbox 685 963 807 1038; x_wconf 77' lang='lat' dir='ltr'>similem</span> <span class='ocrx_word' id='word_1_85' title='bbox 833 961 923 1026; x_wconf 88' lang='lat' dir='ltr'>fuisse</span> <span class='ocrx_word' id='word_1_86' title='bbox 941 974 1093 1038; x_wconf 84' lang='lat' dir='ltr'>cometae,</span> <span class='ocrx_word' id='word_1_87' title='bbox 1115 965 1145 1024; x_wconf 90' lang='lat' dir='ltr'>in</span> <span class='ocrx_word' id='word_1_88' title='bbox 1164 971 1232 1026; x_wconf 65' lang='lat' dir='ltr'>atre</span> 
     </span>
     <span class='ocr_line' id='line_1_11' title="bbox 102 1038 1233 1122; baseline -0.001 -20"><span class='ocrx_word' id='word_1_89' title='bbox 102 1041 298 1122; x_wconf 85' lang='lat' dir='ltr'>potiusquam</span> <span class='ocrx_word' id='word_1_90' title='bbox 310 1041 343 1100; x_wconf 88' lang='lat' dir='ltr'>in</span> <span class='ocrx_word' id='word_1_91' title='bbox 352 1040 440 1110; x_wconf 87' lang='lat' dir='ltr'>coelo</span> <span class='ocrx_word' id='word_1_92' title='bbox 452 1052 649 1120; x_wconf 83' lang='lat' dir='ltr'><strong>conspectam.</strong></span> <span class='ocrx_word' id='word_1_93' title='bbox 676 1040 757 1101; x_wconf 91' lang='lat' dir='ltr'>Nihil</span> <span class='ocrx_word' id='word_1_94' title='bbox 767 1049 864 1100; x_wconf 89' lang='lat' dir='ltr'>autem</span> <span class='ocrx_word' id='word_1_95' title='bbox 876 1038 994 1100; x_wconf 83' lang='lat' dir='ltr'>absurdi</span> <span class='ocrx_word' id='word_1_96' title='bbox 1007 1051 1061 1115; x_wconf 84' lang='lat' dir='ltr'>est,</span> <span class='ocrx_word' id='word_1_97' title='bbox 1091 1041 1233 1102; x_wconf 85' lang='lat' dir='ltr'>uodMat·</span> 
     </span>
     <span class='ocr_line' id='line_1_12' title="bbox 100 1115 1235 1198; baseline 0 -20"><span class='ocrx_word' id='word_1_98' title='bbox 100 1119 209 1178; x_wconf 87' lang='lat' dir='ltr'>thaeus</span> <span class='ocrx_word' id='word_1_99' title='bbox 240 1116 424 1198; x_wconf 82' lang='lat' dir='ltr'>populariter</span> <span class='ocrx_word' id='word_1_100' title='bbox 447 1116 572 1196; x_wconf 88' lang='lat' dir='ltr'>loquens</span> <span class='ocrx_word' id='word_1_101' title='bbox 601 1116 713 1178; x_wconf 71' lang='lat' dir='ltr'>oollam</span> <span class='ocrx_word' id='word_1_102' title='bbox 739 1115 901 1198; x_wconf 86' lang='lat' dir='ltr'>improprie</span> <span class='ocrx_word' id='word_1_103' title='bbox 935 1126 1030 1178; x_wconf 87' lang='lat' dir='ltr'>vocat.</span> <span class='ocrx_word' id='word_1_104' title='bbox 1101 1116 1148 1190; x_wconf 87' lang='lat' dir='ltr'>&#39;nc</span> <span class='ocrx_word' id='word_1_105' title='bbox 1171 1115 1235 1178; x_wconf 86' lang='lat' dir='ltr'>lere</span> 
     </span>
     <span class='ocr_line' id='line_1_13' title="bbox 101 1192 1234 1274; baseline -0.001 -19"><span class='ocrx_word' id='word_1_106' title='bbox 101 1192 220 1262; x_wconf 74' lang='lat' dir='ltr'>elicitur</span> <span class='ocrx_word' id='word_1_107' title='bbox 237 1193 348 1257; x_wconf 86' lang='lat' dir='ltr'>solutio</span> <span class='ocrx_word' id='word_1_108' title='bbox 368 1192 515 1261; x_wconf 86' lang='lat' dir='ltr'>secundae</span> <span class='ocrx_word' id='word_1_109' title='bbox 536 1193 729 1274; x_wconf 86' lang='lat' dir='ltr'>quaestionis:</span> <span class='ocrx_word' id='word_1_110' title='bbox 749 1214 817 1256; x_wconf 87' lang='lat' dir='ltr'>nam</span> <span class='ocrx_word' id='word_1_111' title='bbox 837 1214 927 1272; x_wconf 87' lang='lat' dir='ltr'>quum</span> <span class='ocrx_word' id='word_1_112' title='bbox 946 1195 1119 1268; x_wconf 72' lang='lat' dir='ltr'>certumst,</span> <span class='ocrx_word' id='word_1_113' title='bbox 1138 1204 1234 1254; x_wconf 88' lang='lat' dir='ltr'>astro·</span> 
     </span>
     <span class='ocr_line' id='line_1_14' title="bbox 101 1269 1235 1353; baseline -0.001 -21"><span class='ocrx_word' id='word_1_114' title='bbox 101 1269 212 1353; x_wconf 81' lang='lat' dir='ltr'>logiam</span> <span class='ocrx_word' id='word_1_115' title='bbox 236 1282 361 1330; x_wconf 87' lang='lat' dir='ltr'>naturae</span> <span class='ocrx_word' id='word_1_116' title='bbox 385 1269 494 1332; x_wconf 87' lang='lat' dir='ltr'>finibus</span> <span class='ocrx_word' id='word_1_117' title='bbox 520 1271 684 1346; x_wconf 77' lang='lat' dir='ltr'>contineri,</span> <span class='ocrx_word' id='word_1_118' title='bbox 711 1291 772 1334; x_wconf 86' lang='lat' dir='ltr'>non</span> <span class='ocrx_word' id='word_1_119' title='bbox 797 1281 937 1350; x_wconf 85' lang='lat' dir='ltr'>poterant</span> <span class='ocrx_word' id='word_1_120' title='bbox 965 1269 1031 1332; x_wconf 88' lang='lat' dir='ltr'>solo</span> <span class='ocrx_word' id='word_1_121' title='bbox 1056 1271 1118 1334; x_wconf 85' lang='lat' dir='ltr'>eius</span> <span class='ocrx_word' id='word_1_122' title='bbox 1145 1270 1235 1332; x_wconf 90' lang='lat' dir='ltr'>ductu</span> 
     </span>
     <span class='ocr_line' id='line_1_15' title="bbox 91 1345 1235 1429; baseline 0.001 -20"><span class='ocrx_word' id='word_1_123' title='bbox 91 1347 181 1429; x_wconf 79' lang='lat' dir='ltr'>magi</span> <span class='ocrx_word' id='word_1_124' title='bbox 199 1346 236 1408; x_wconf 91' lang='lat' dir='ltr'>ad</span> <span class='ocrx_word' id='word_1_125' title='bbox 258 1345 409 1407; x_wconf 75' lang='lat' dir='ltr'>Christum</span> <span class='ocrx_word' id='word_1_126' title='bbox 428 1365 521 1426; x_wconf 89' lang='lat' dir='ltr'>usque</span> <span class='ocrx_word' id='word_1_127' title='bbox 567 1348 709 1407; x_wconf 86' lang='lat' dir='ltr'>errenire.</span> <span class='ocrx_word' id='word_1_128' title='bbox 746 1346 864 1408; x_wconf 79' lang='lat' dir='ltr'>Arcana</span> <span class='ocrx_word' id='word_1_129' title='bbox 887 1345 978 1428; x_wconf 83' lang='lat' dir='ltr'>igitur</span> <span class='ocrx_word' id='word_1_130' title='bbox 1002 1345 1129 1427; x_wconf 84' lang='lat' dir='ltr'>Spiritus</span> <span class='ocrx_word' id='word_1_131' title='bbox 1152 1365 1235 1414; x_wconf 80' lang='lat' dir='ltr'>reee-</span> 
     </span>
     <span class='ocr_line' id='line_1_16' title="bbox 100 1421 1290 1505; baseline -0.001 -18"><span class='ocrx_word' id='word_1_132' title='bbox 100 1422 214 1487; x_wconf 84' lang='lat' dir='ltr'>latione</span> <span class='ocrx_word' id='word_1_133' title='bbox 233 1423 326 1484; x_wconf 87' lang='lat' dir='ltr'>iuvari</span> <span class='ocrx_word' id='word_1_134' title='bbox 347 1422 488 1502; x_wconf 82' lang='lat' dir='ltr'>oportuit.</span> <span class='ocrx_word' id='word_1_135' title='bbox 528 1445 529 1448; x_wconf 43' lang='lat'>¹</span> <span class='ocrx_word' id='word_1_136' title='bbox 557 1433 750 1502; x_wconf 72' lang='lat' dir='ltr'>eque‘tarnen</span> <span class='ocrx_word' id='word_1_137' title='bbox 769 1443 864 1505; x_wconf 81' lang='lat' dir='ltr'>nego,</span> <span class='ocrx_word' id='word_1_138' title='bbox 887 1423 957 1502; x_wconf 82' lang='lat' dir='ltr'>quin</span> <span class='ocrx_word' id='word_1_139' title='bbox 978 1421 1099 1502; x_wconf 88' lang='lat' dir='ltr'>aliquod</span> <span class='ocrx_word' id='word_1_140' title='bbox 1118 1443 1154 1482; x_wconf 80' lang='lat' dir='ltr'>ex</span> <span class='ocrx_word' id='word_1_141' title='bbox 1172 1434 1235 1486; x_wconf 82' lang='lat' dir='ltr'>arte</span> <span class='ocrx_word' id='word_1_142' title='bbox 1286 1462 1290 1474; x_wconf 59' lang='grc' dir='ltr'>ι</span> 
     </span>
     <span class='ocr_line' id='line_1_17' title="bbox 102 1497 1235 1582; baseline 0.002 -22"><span class='ocrx_word' id='word_1_143' title='bbox 102 1499 282 1582; x_wconf 86' lang='lat' dir='ltr'>principium</span> <span class='ocrx_word' id='word_1_144' title='bbox 308 1497 355 1565; x_wconf 87' lang='lat' dir='ltr'>vel</span> <span class='ocrx_word' id='word_1_145' title='bbox 379 1517 481 1561; x_wconf 88' lang='lat' dir='ltr'>semen</span> <span class='ocrx_word' id='word_1_146' title='bbox 506 1497 679 1576; x_wconf 84' lang='lat' dir='ltr'>habuerint,</span> <span class='ocrx_word' id='word_1_147' title='bbox 709 1499 761 1560; x_wconf 91' lang='lat' dir='ltr'>sed</span> <span class='ocrx_word' id='word_1_148' title='bbox 781 1498 877 1560; x_wconf 86' lang='lat' dir='ltr'>iuvari</span> <span class='ocrx_word' id='word_1_149' title='bbox 900 1519 1020 1560; x_wconf 87' lang='lat' dir='ltr'>necesse</span> <span class='ocrx_word' id='word_1_150' title='bbox 1047 1499 1137 1564; x_wconf 86' lang='lat' dir='ltr'>fuisse</span> <span class='ocrx_word' id='word_1_151' title='bbox 1166 1499 1235 1565; x_wconf 82' lang='lat' dir='ltr'>dieo</span> 
     </span>
     <span class='ocr_line' id='line_1_18' title="bbox 101 1575 1216 1650; baseline -0.001 -12"><span class='ocrx_word' id='word_1_152' title='bbox 101 1597 180 1638; x_wconf 79' lang='lat' dir='ltr'>noea</span> <span class='ocrx_word' id='word_1_153' title='bbox 199 1587 232 1638; x_wconf 87' lang='lat' dir='ltr'>et</span> <span class='ocrx_word' id='word_1_154' title='bbox 251 1575 480 1637; x_wconf 81' lang='lat' dir='ltr'>extraordinaria</span> <span class='ocrx_word' id='word_1_155' title='bbox 499 1575 694 1650; x_wconf 86' lang='lat' dir='ltr'>revelatione,</span> <span class='ocrx_word' id='word_1_156' title='bbox 713 1596 752 1637; x_wconf 92' lang='lat' dir='ltr'>ne</span> <span class='ocrx_word' id='word_1_157' title='bbox 772 1575 926 1638; x_wconf 84' lang='lat' dir='ltr'>evanidunr</span> <span class='ocrx_word' id='word_1_158' title='bbox 946 1575 1034 1638; x_wconf 78' lang='lat' dir='ltr'>foret</span> <span class='ocrx_word' id='word_1_159' title='bbox 1213 1611 1216 1616; x_wconf 87' lang='lat'><em>·</em></span> 
     </span>
    </p>

    <p class='ocr_par' dir='ltr' id='par_1_3' title="bbox 1 1649 1236 2050">
     <span class='ocr_line' id='line_1_19' title="bbox 169 1649 1234 1744; baseline 0.002 -32"><span class='ocrx_word' id='word_1_160' title='bbox 169 1657 208 1716; x_wconf 68' lang='lat'>2.</span> <span class='ocrx_word' id='word_1_161' title='bbox 256 1649 316 1716; x_wconf 77' lang='lat' dir='ltr'>Ubi</span> <span class='ocrx_word' id='word_1_162' title='bbox 338 1665 380 1710; x_wconf 80' lang='lat' dir='ltr'>ert</span> <span class='ocrx_word' id='word_1_163' title='bbox 393 1654 455 1731; x_wconf 51' lang='lat' dir='ltr'>,pei</span> <span class='ocrx_word' id='word_1_164' title='bbox 477 1667 564 1714; x_wconf 71' lang='lat' dir='ltr'>meurs</span> <span class='ocrx_word' id='word_1_165' title='bbox 586 1667 628 1714; x_wconf 77' lang='lat' dir='ltr'>est</span> <span class='ocrx_word' id='word_1_166' title='bbox 650 1651 732 1714; x_wconf 74' lang='lat' dir='ltr'>Rae.</span> <span class='ocrx_word' id='word_1_167' title='bbox 782 1651 876 1729; x_wconf 87' lang='lat' dir='ltr'>Quod</span> <span class='ocrx_word' id='word_1_168' title='bbox 903 1651 1025 1732; x_wconf 51' lang='lat' dir='ltr'>¹¹quidem</span> <span class='ocrx_word' id='word_1_169' title='bbox 1057 1651 1234 1744; x_wconf 72' lang='lat' dir='ltr'>interpretep</span> 
     </span>
     <span class='ocr_line' id='line_1_20' title="bbox 99 1719 1235 1824; baseline 0.003 -36"><span class='ocrx_word' id='word_1_170' title='bbox 99 1750 199 1806; x_wconf 74' lang='lat' dir='ltr'>sugere</span> <span class='ocrx_word' id='word_1_171' title='bbox 215 1742 316 1789; x_wconf 72' lang='lat' dir='ltr'>eeteros</span> <span class='ocrx_word' id='word_1_172' title='bbox 334 1728 422 1790; x_wconf 87' lang='lat' dir='ltr'>tacite</span> <span class='ocrx_word' id='word_1_173' title='bbox 442 1749 485 1809; x_wconf 90' lang='lat' dir='ltr'>op</span> <span class='ocrx_word' id='word_1_174' title='bbox 526 1731 557 1791; x_wconf 90' lang='lat' dir='ltr'>ni</span> <span class='ocrx_word' id='word_1_175' title='bbox 580 1739 688 1824; x_wconf 85' lang='lat' dir='ltr'>putant</span> <span class='ocrx_word' id='word_1_176' title='bbox 712 1729 792 1790; x_wconf 83' lang='lat' dir='ltr'>lacto</span> <span class='ocrx_word' id='word_1_177' title='bbox 817 1728 865 1792; x_wconf 82' lang='lat' dir='ltr'>vel</span> <span class='ocrx_word' id='word_1_178' title='bbox 889 1739 1005 1802; x_wconf 81' lang='lat' dir='ltr'>creato,</span> <span class='ocrx_word' id='word_1_179' title='bbox 1029 1729 1100 1800; x_wconf 84' lang='lat' dir='ltr'>mihi</span> <span class='ocrx_word' id='word_1_180' title='bbox 1119 1719 1235 1802; x_wconf 80' lang='lat' dir='ltr'>videtur</span> 
     </span>
     <span class='ocr_line' id='line_1_21' title="bbox 69 1805 1235 1899; baseline -0.002 -29"><span class='ocrx_word' id='word_1_181' title='bbox 69 1835 75 1840; x_wconf 92' lang='lat'>·</span> <span class='ocrx_word' id='word_1_182' title='bbox 100 1805 191 1870; x_wconf 73' lang='lat' dir='ltr'>nimis</span> <span class='ocrx_word' id='word_1_183' title='bbox 209 1816 355 1887; x_wconf 74' lang='lat' dir='ltr'>argutum.</span> <span class='ocrx_word' id='word_1_184' title='bbox 395 1805 478 1899; x_wconf 86' lang='lat' dir='ltr'>Simp</span> <span class='ocrx_word' id='word_1_185' title='bbox 490 1808 561 1872; x_wconf 87' lang='lat' dir='ltr'>icius</span> <span class='ocrx_word' id='word_1_186' title='bbox 580 1819 681 1887; x_wconf 78' lang='lat' dir='ltr'>itaque</span> <span class='ocrx_word' id='word_1_187' title='bbox 698 1806 823 1886; x_wconf 85' lang='lat' dir='ltr'>accipio,</span> <span class='ocrx_word' id='word_1_188' title='bbox 843 1805 923 1886; x_wconf 90' lang='lat' dir='ltr'>quod</span> <span class='ocrx_word' id='word_1_189' title='bbox 935 1823 1031 1885; x_wconf 90' lang='lat' dir='ltr'>nuper</span> <span class='ocrx_word' id='word_1_190' title='bbox 1040 1826 1142 1889; x_wconf 79' lang='lat' dir='ltr'>regem</span> <span class='ocrx_word' id='word_1_191' title='bbox 1156 1807 1235 1876; x_wconf 88' lang='lat' dir='ltr'>hunc</span> 
     </span>
     <span class='ocr_line' id='line_1_22' title="bbox 1 1876 1235 1975; baseline -0.002 -29"><span class='ocrx_word' id='word_1_192' title='bbox 1 1876 2 1923; x_wconf 47' lang='grc' dir='ltr'>ἶ</span> <span class='ocrx_word' id='word_1_193' title='bbox 100 1895 203 1946; x_wconf 79' lang='lat' dir='ltr'>natum</span> <span class='ocrx_word' id='word_1_194' title='bbox 222 1901 286 1944; x_wconf 85' lang='lat' dir='ltr'>esse</span> <span class='ocrx_word' id='word_1_195' title='bbox 305 1881 448 1956; x_wconf 76' lang='lat' dir='ltr'>etadbac</span> <span class='ocrx_word' id='word_1_196' title='bbox 467 1884 643 1952; x_wconf 80' lang='lat' dir='ltr'>infantulum</span> <span class='ocrx_word' id='word_1_197' title='bbox 660 1881 829 1966; x_wconf 79' lang='lat' dir='ltr'>significent</span> <span class='ocrx_word' id='word_1_198' title='bbox 847 1881 935 1964; x_wconf 69' lang='lat' dir='ltr'>magi,</span> <span class='ocrx_word' id='word_1_199' title='bbox 954 1895 987 1943; x_wconf 91' lang='lat' dir='ltr'>ut</span> <span class='ocrx_word' id='word_1_200' title='bbox 1007 1903 1023 1943; x_wconf 90' lang='lat' dir='ltr'>a</span> <span class='ocrx_word' id='word_1_201' title='bbox 1041 1903 1114 1966; x_wconf 80' lang='lat' dir='ltr'>rege</span> <span class='ocrx_word' id='word_1_202' title='bbox 1131 1883 1235 1975; x_wconf 66' lang='lat' dir='ltr'>adulep</span> 
     </span>
     <span class='ocr_line' id='line_1_23' title="bbox 100 1958 1236 2050; baseline 0 -30"><span class='ocrx_word' id='word_1_203' title='bbox 100 1958 475 2050; x_wconf 74' lang='lat' dir='ltr'>etpopuligubernacula</span> <span class='ocrx_word' id='word_1_204' title='bbox 499 1973 621 2025; x_wconf 88' lang='lat' dir='ltr'>tenente</span> <span class='ocrx_word' id='word_1_205' title='bbox 646 1981 714 2022; x_wconf 85' lang='lat' dir='ltr'>eum</span> <span class='ocrx_word' id='word_1_206' title='bbox 738 1960 933 2042; x_wconf 82' lang='lat' dir='ltr'>distinguant:</span> <span class='ocrx_word' id='word_1_207' title='bbox 957 1980 1025 2020; x_wconf 90' lang='lat' dir='ltr'>nam</span> <span class='ocrx_word' id='word_1_208' title='bbox 1049 1981 1119 2020; x_wconf 84' lang='lat' dir='ltr'>mcx</span> <span class='ocrx_word' id='word_1_209' title='bbox 1141 1961 1236 2029; x_wconf 83' lang='lat' dir='ltr'>subit-</span> 
     </span>
    </p>
   </div>
   <div class='ocr_carea' id='block_1_3' title="bbox 1 2035 1236 2127">
    <p class='ocr_par' dir='ltr' id='par_1_4' title="bbox 1 2035 1236 2127">
     <span class='ocr_line' id='line_1_24' title="bbox 1 2035 1236 2127; baseline 0.002 -31"><span class='ocrx_word' id='word_1_210' title='bbox 1 2059 2 2074; x_wconf 54' lang='grc' dir='ltr'>ι</span> <span class='ocrx_word' id='word_1_211' title='bbox 101 2047 278 2113; x_wconf 56' lang='lat' dir='ltr'>eumenen</span> <span class='ocrx_word' id='word_1_212' title='bbox 297 2055 397 2096; x_wconf 84' lang='lat' dir='ltr'>rerum</span> <span class='ocrx_word' id='word_1_213' title='bbox 417 2037 478 2098; x_wconf 86' lang='lat' dir='ltr'>eius</span> <span class='ocrx_word' id='word_1_214' title='bbox 497 2051 645 2120; x_wconf 75' lang='lat' dir='ltr'>gestarum</span> <span class='ocrx_word' id='word_1_215' title='bbox 664 2037 751 2112; x_wconf 78' lang='lat' dir='ltr'>fama,</span> <span class='ocrx_word' id='word_1_216' title='bbox 771 2036 818 2098; x_wconf 88' lang='lat' dir='ltr'>vel</span> <span class='ocrx_word' id='word_1_217' title='bbox 836 2037 984 2116; x_wconf 85' lang='lat' dir='ltr'>praesenti</span> <span class='ocrx_word' id='word_1_218' title='bbox 1003 2047 1035 2127; x_wconf 76' lang='lat' dir='ltr'>et</span> <span class='ocrx_word' id='word_1_219' title='bbox 1047 2035 1144 2118; x_wconf 86' lang='lat' dir='ltr'>palam</span> <span class='ocrx_word' id='word_1_220' title='bbox 1162 2047 1236 2107; x_wconf 76' lang='lat' dir='ltr'>nota</span> 
     </span>
    </p>
   </div>
   <div class='ocr_carea' id='block_1_4' title="bbox 1 2112 1332 4042">
    <p class='ocr_par' dir='ltr' id='par_1_5' title="bbox 1 2112 1332 4042">
     <span class='ocr_line' id='line_1_25' title="bbox 98 2112 1236 2194; baseline 0.003 -20"><span class='ocrx_word' id='word_1_221' title='bbox 98 2113 165 2174; x_wconf 80' lang='lat' dir='ltr'>eius</span> <span class='ocrx_word' id='word_1_222' title='bbox 184 2133 229 2174; x_wconf 90' lang='lat' dir='ltr'>ma</span> <span class='ocrx_word' id='word_1_223' title='bbox 253 2112 386 2174; x_wconf 77' lang='lat' dir='ltr'>nibridius</span> <span class='ocrx_word' id='word_1_224' title='bbox 404 2133 436 2174; x_wconf 87' lang='lat' dir='ltr'>se</span> <span class='ocrx_word' id='word_1_225' title='bbox 455 2113 543 2177; x_wconf 83' lang='lat' dir='ltr'>fuisse</span> <span class='ocrx_word' id='word_1_226' title='bbox 570 2117 695 2188; x_wconf 86' lang='lat' dir='ltr'>excitos,</span> <span class='ocrx_word' id='word_1_227' title='bbox 721 2113 915 2174; x_wconf 41' lang='lat' dir='ltr'>sedrcoelesti</span> <span class='ocrx_word' id='word_1_228' title='bbox 935 2112 1026 2175; x_wconf 84' lang='lat' dir='ltr'>luturr</span> <span class='ocrx_word' id='word_1_229' title='bbox 1044 2133 1077 2173; x_wconf 86' lang='lat' dir='ltr'>re</span> <span class='ocrx_word' id='word_1_230' title='bbox 1100 2113 1130 2174; x_wconf 89' lang='lat' dir='ltr'>ni</span> <span class='ocrx_word' id='word_1_231' title='bbox 1150 2133 1236 2194; x_wconf 74' lang='lat' dir='ltr'>prae-</span> 
     </span>
     <span class='ocr_line' id='line_1_26' title="bbox 102 2132 1236 2326; baseline 0.003 -77"><span class='ocrx_word' id='word_1_232' title='bbox 102 2189 195 2270; x_wconf 79' lang='lat' dir='ltr'>sagio.</span> <span class='ocrx_word' id='word_1_233' title='bbox 268 2210 338 2253; x_wconf 82' lang='lat' dir='ltr'>uum</span> <span class='ocrx_word' id='word_1_234' title='bbox 355 2200 456 2266; x_wconf 71' lang='lat' dir='ltr'>eutem</span> <span class='ocrx_word' id='word_1_235' title='bbox 484 2201 543 2255; x_wconf 78' lang='lat' dir='ltr'>tem</span> <span class='ocrx_word' id='word_1_236' title='bbox 569 2190 671 2252; x_wconf 78' lang='lat' dir='ltr'>efficax</span> <span class='ocrx_word' id='word_1_237' title='bbox 690 2189 779 2252; x_wconf 84' lang='lat' dir='ltr'>luerit</span> <span class='ocrx_word' id='word_1_238' title='bbox 802 2189 880 2326; x_wconf 64' lang='lat' dir='ltr'>apud</span> <span class='ocrx_word' id='word_1_239' title='bbox 906 2210 1008 2272; x_wconf 84' lang='lat' dir='ltr'>magos</span> <span class='ocrx_word' id='word_1_240' title='bbox 1033 2132 1138 2252; x_wconf 68' lang='lat' dir='ltr'>stelae</span> <span class='ocrx_word' id='word_1_241' title='bbox 1163 2211 1236 2252; x_wconf 86' lang='lat' dir='ltr'>eon-</span> 
     </span>
     <span class='ocr_line' id='line_1_27' title="bbox 99 2264 1236 2347; baseline -0.001 -19"><span class='ocrx_word' id='word_1_242' title='bbox 99 2278 232 2346; x_wconf 86' lang='lat' dir='ltr'>spectus,</span> <span class='ocrx_word' id='word_1_243' title='bbox 250 2285 302 2326; x_wconf 91' lang='lat' dir='ltr'>vae</span> <span class='ocrx_word' id='word_1_244' title='bbox 321 2264 440 2345; x_wconf 86' lang='lat' dir='ltr'>torpori</span> <span class='ocrx_word' id='word_1_245' title='bbox 459 2279 573 2339; x_wconf 86' lang='lat' dir='ltr'>nostro,</span> <span class='ocrx_word' id='word_1_246' title='bbox 593 2266 645 2345; x_wconf 92' lang='lat' dir='ltr'>qui</span> <span class='ocrx_word' id='word_1_247' title='bbox 657 2264 807 2328; x_wconf 84' lang='lat' dir='ltr'>Christum</span> <span class='ocrx_word' id='word_1_248' title='bbox 825 2321 837 2334; x_wconf 72' lang='grc'>,</span> <span class='ocrx_word' id='word_1_249' title='bbox 848 2264 1039 2347; x_wconf 76' lang='lat' dir='ltr'>egemnobis</span> <span class='ocrx_word' id='word_1_250' title='bbox 1058 2265 1236 2345; x_wconf 76' lang='lat' dir='ltr'>patefactum</span> 
     </span>
     <span class='ocr_line' id='line_1_28' title="bbox 98 2339 1237 2421; baseline 0.002 -19"><span class='ocrx_word' id='word_1_251' title='bbox 98 2353 165 2404; x_wconf 74' lang='lat' dir='ltr'>tam</span> <span class='ocrx_word' id='word_1_252' title='bbox 189 2341 310 2421; x_wconf 62' lang='lat' dir='ltr'>frigidev</span> <span class='ocrx_word' id='word_1_253' title='bbox 324 2341 498 2420; x_wconf 86' lang='lat' dir='ltr'>quaerimus.</span> <span class='ocrx_word' id='word_1_254' title='bbox 550 2341 694 2402; x_wconf 79' lang='lat' dir='ltr'>Venimus</span> <span class='ocrx_word' id='word_1_255' title='bbox 715 2355 747 2400; x_wconf 78' lang='lat' dir='ltr'>ut</span> <span class='ocrx_word' id='word_1_256' title='bbox 771 2339 932 2406; x_wconf 78' lang='lat' dir='ltr'>adorermes.</span> <span class='ocrx_word' id='word_1_257' title='bbox 979 2341 1016 2401; x_wconf 90' lang='lat' dir='ltr'>In</span> <span class='ocrx_word' id='word_1_258' title='bbox 1043 2341 1122 2402; x_wconf 91' lang='lat' dir='ltr'>bunc</span> <span class='ocrx_word' id='word_1_259' title='bbox 1147 2341 1237 2408; x_wconf 78' lang='lat' dir='ltr'>finem</span> 
     </span>
     <span class='ocr_line' id='line_1_29' title="bbox 98 2415 1239 2500; baseline -0.004 -20"><span class='ocrx_word' id='word_1_260' title='bbox 98 2431 224 2484; x_wconf 68' lang='lat' dir='ltr'>emensa</span> <span class='ocrx_word' id='word_1_261' title='bbox 239 2419 338 2478; x_wconf 82' lang='lat' dir='ltr'>fuerat</span> <span class='ocrx_word' id='word_1_262' title='bbox 355 2415 450 2492; x_wconf 83' lang='lat' dir='ltr'>stella,</span> <span class='ocrx_word' id='word_1_263' title='bbox 462 2417 495 2478; x_wconf 85' lang='lat' dir='ltr'>rit</span> <span class='ocrx_word' id='word_1_264' title='bbox 512 2439 615 2500; x_wconf 79' lang='lat' dir='ltr'>magos</span> <span class='ocrx_word' id='word_1_265' title='bbox 628 2417 757 2482; x_wconf 82' lang='lat' dir='ltr'>¹eliceret</span> <span class='ocrx_word' id='word_1_266' title='bbox 775 2417 806 2478; x_wconf 90' lang='lat' dir='ltr'>in</span> <span class='ocrx_word' id='word_1_267' title='bbox 818 2417 968 2489; x_wconf 85' lang='lat' dir='ltr'>Iudaeam,</span> <span class='ocrx_word' id='word_1_268' title='bbox 987 2427 1023 2476; x_wconf 90' lang='lat' dir='ltr'>ut</span> <span class='ocrx_word' id='word_1_269' title='bbox 1033 2426 1127 2477; x_wconf 76' lang='lat' dir='ltr'>,testes</span> <span class='ocrx_word' id='word_1_270' title='bbox 1139 2429 1239 2488; x_wconf 65' lang='lat' dir='ltr'>essm</span> 
     </span>
     <span class='ocr_line' id='line_1_30' title="bbox 101 2492 1238 2575; baseline 0 -19"><span class='ocrx_word' id='word_1_271' title='bbox 101 2515 140 2556; x_wconf 82' lang='lat' dir='ltr'>ac</span> <span class='ocrx_word' id='word_1_272' title='bbox 165 2511 328 2575; x_wconf 86' lang='lat' dir='ltr'>praecones</span> <span class='ocrx_word' id='word_1_273' title='bbox 353 2492 424 2553; x_wconf 80' lang='lat' dir='ltr'>novi</span> <span class='ocrx_word' id='word_1_274' title='bbox 446 2493 546 2574; x_wconf 76' lang='lat' dir='ltr'>Regis.</span> <span class='ocrx_word' id='word_1_275' title='bbox 586 2493 739 2568; x_wconf 87' lang='lat' dir='ltr'>Quantum</span> <span class='ocrx_word' id='word_1_276' title='bbox 762 2511 833 2552; x_wconf 87' lang='lat' dir='ltr'>vero</span> <span class='ocrx_word' id='word_1_277' title='bbox 859 2493 894 2554; x_wconf 88' lang='lat' dir='ltr'>ad</span> <span class='ocrx_word' id='word_1_278' title='bbox 919 2492 999 2570; x_wconf 86' lang='lat' dir='ltr'>ipsos</span> <span class='ocrx_word' id='word_1_279' title='bbox 1024 2500 1150 2570; x_wconf 86' lang='lat' dir='ltr'>spectat,</span> <span class='ocrx_word' id='word_1_280' title='bbox 1175 2513 1238 2562; x_wconf 79' lang='lat' dir='ltr'>neu</span> 
     </span>
     <span class='ocr_line' id='line_1_31' title="bbox 102 2565 1240 2659; baseline -0.003 -28"><span class='ocrx_word' id='word_1_281' title='bbox 102 2579 251 2636; x_wconf 69' lang='lat' dir='ltr'>uenerant</span> <span class='ocrx_word' id='word_1_282' title='bbox 274 2569 310 2629; x_wconf 91' lang='lat' dir='ltr'>ad</span> <span class='ocrx_word' id='word_1_283' title='bbox 336 2565 531 2630; x_wconf 80' lang='lat' dir='ltr'>exhibendum</span> <span class='ocrx_word' id='word_1_284' title='bbox 556 2569 681 2632; x_wconf 62' lang='lat' dir='ltr'>Christo*</span> <span class='ocrx_word' id='word_1_285' title='bbox 703 2567 822 2648; x_wconf 84' lang='lat' dir='ltr'>pietatis</span> <span class='ocrx_word' id='word_1_286' title='bbox 844 2567 970 2641; x_wconf 85' lang='lat' dir='ltr'>cultum,</span> <span class='ocrx_word' id='word_1_287' title='bbox 996 2566 1088 2659; x_wconf 81' lang='lat' dir='ltr'>qualis</span> <span class='ocrx_word' id='word_1_288' title='bbox 1112 2565 1240 2658; x_wconf 73' lang='lat' dir='ltr'>debetqu-</span> 
     </span>
     <span class='ocr_line' id='line_1_32' title="bbox 97 2641 1238 2729; baseline -0.003 -21"><span class='ocrx_word' id='word_1_289' title='bbox 97 2646 185 2708; x_wconf 75' lang='lat' dir='ltr'>Filio</span> <span class='ocrx_word' id='word_1_290' title='bbox 211 2645 287 2720; x_wconf 90' lang='lat' dir='ltr'>Dei,</span> <span class='ocrx_word' id='word_1_291' title='bbox 309 2645 363 2706; x_wconf 87' lang='lat' dir='ltr'>sed</span> <span class='ocrx_word' id='word_1_292' title='bbox 404 2645 497 2708; x_wconf 88' lang='lat' dir='ltr'>ersico</span> <span class='ocrx_word' id='word_1_293' title='bbox 517 2667 602 2708; x_wconf 88' lang='lat' dir='ltr'>more</span> <span class='ocrx_word' id='word_1_294' title='bbox 620 2643 761 2706; x_wconf 83' lang='lat' dir='ltr'>volebant</span> <span class='ocrx_word' id='word_1_295' title='bbox 779 2645 904 2729; x_wconf 82' lang='lat' dir='ltr'>salutare</span> <span class='ocrx_word' id='word_1_296' title='bbox 927 2665 1009 2724; x_wconf 19' lang='lat' dir='ltr'>*qums</span> <span class='ocrx_word' id='word_1_297' title='bbox 1027 2641 1238 2724; x_wconf 65' lang='lat' dir='ltr'>praestantiae}-</span> 
     </span>
     <span class='ocr_line' id='line_1_33' title="bbox 102 2665 1238 2805; baseline 0 -21"><span class='ocrx_word' id='word_1_298' title='bbox 102 2745 197 2786; x_wconf 11' lang='lat' dir='ltr'>mmuh</span> <span class='ocrx_word' id='word_1_299' title='bbox 214 2734 325 2805; x_wconf 78' lang='lat' dir='ltr'>regem.</span> <span class='ocrx_word' id='word_1_300' title='bbox 379 2665 486 2801; x_wconf 67' lang='lat' dir='ltr'>loque</span> <span class='ocrx_word' id='word_1_301' title='bbox 520 2724 599 2786; x_wconf 83' lang='lat' dir='ltr'>euim</span> <span class='ocrx_word' id='word_1_302' title='bbox 632 2722 669 2782; x_wconf 94' lang='lat' dir='ltr'>de</span> <span class='ocrx_word' id='word_1_303' title='bbox 695 2742 731 2784; x_wconf 88' lang='lat' dir='ltr'>eo</span> <span class='ocrx_word' id='word_1_304' title='bbox 756 2721 821 2802; x_wconf 83' lang='lat' dir='ltr'>plns</span> <span class='ocrx_word' id='word_1_305' title='bbox 849 2723 977 2784; x_wconf 83' lang='lat' dir='ltr'>tenuisse</span> <span class='ocrx_word' id='word_1_306' title='bbox 1001 2719 1158 2802; x_wconf 77' lang='lat' dir='ltr'>probabile</span> <span class='ocrx_word' id='word_1_307' title='bbox 1185 2731 1238 2802; x_wconf 69' lang='lat' dir='ltr'>est,</span> 
     </span>
     <span class='ocr_line' id='line_1_34' title="bbox 101 2795 1237 2892; baseline -0.002 -32"><span class='ocrx_word' id='word_1_308' title='bbox 101 2821 192 2880; x_wconf 87' lang='lat' dir='ltr'>quam</span> <span class='ocrx_word' id='word_1_309' title='bbox 217 2797 357 2882; x_wconf 78' lang='lat' dir='ltr'>singulari</span> <span class='ocrx_word' id='word_1_310' title='bbox 375 2800 515 2891; x_wconf 74' lang='lat' dir='ltr'>potentia</span> <span class='ocrx_word' id='word_1_311' title='bbox 540 2811 570 2860; x_wconf 89' lang='lat' dir='ltr'>et</span> <span class='ocrx_word' id='word_1_312' title='bbox 587 2798 737 2892; x_wconf 69' lang='lat' dir='ltr'>rdignitate</span> <span class='ocrx_word' id='word_1_313' title='bbox 759 2799 824 2860; x_wconf 83' lang='lat' dir='ltr'>sore</span> <span class='ocrx_word' id='word_1_314' title='bbox 848 2798 1028 2882; x_wconf 82' lang='lat' dir='ltr'>praeditum,</span> <span class='ocrx_word' id='word_1_315' title='bbox 1052 2808 1087 2858; x_wconf 93' lang='lat' dir='ltr'>ut</span> <span class='ocrx_word' id='word_1_316' title='bbox 1109 2795 1237 2879; x_wconf 72' lang='lat' dir='ltr'>populos</span> 
     </span>
     <span class='ocr_line' id='line_1_35' title="bbox 98 2875 1236 2947; baseline -0.003 -10"><span class='ocrx_word' id='word_1_317' title='bbox 98 2896 208 2937; x_wconf 85' lang='lat' dir='ltr'>omnes</span> <span class='ocrx_word' id='word_1_318' title='bbox 235 2877 343 2936; x_wconf 85' lang='lat' dir='ltr'>merito</span> <span class='ocrx_word' id='word_1_319' title='bbox 371 2898 404 2936; x_wconf 82' lang='lat' dir='ltr'>sn</span> <span class='ocrx_word' id='word_1_320' title='bbox 433 2877 478 2938; x_wconf 83' lang='lat' dir='ltr'>sui</span> <span class='ocrx_word' id='word_1_321' title='bbox 501 2877 725 2940; x_wconf 77' lang='lat' dir='ltr'>admirationem</span> <span class='ocrx_word' id='word_1_322' title='bbox 756 2888 788 2938; x_wconf 90' lang='lat' dir='ltr'>et</span> <span class='ocrx_word' id='word_1_323' title='bbox 814 2875 1010 2941; x_wconf 75' lang='lat' dir='ltr'>reuerentiam</span> <span class='ocrx_word' id='word_1_324' title='bbox 1040 2885 1236 2947; x_wconf 57' lang='lat' dir='ltr'>conuerteret,</span> 
     </span>
     <span class='ocr_line' id='line_1_36' title="bbox 97 2951 1237 3092; baseline 0 -78"><span class='ocrx_word' id='word_1_325' title='bbox 97 2955 185 3021; x_wconf 70' lang='lat' dir='ltr'>,Fieri</span> <span class='ocrx_word' id='word_1_326' title='bbox 203 2954 292 3013; x_wconf 88' lang='lat' dir='ltr'>etiam</span> <span class='ocrx_word' id='word_1_327' title='bbox 312 2963 422 3034; x_wconf 81' lang='lat' dir='ltr'>potest,</span> <span class='ocrx_word' id='word_1_328' title='bbox 441 2964 475 3022; x_wconf 77' lang='lat' dir='ltr'>ut</span> <span class='ocrx_word' id='word_1_329' title='bbox 494 2966 610 3092; x_wconf 75' lang='lat' dir='ltr'>captare</span> <span class='ocrx_word' id='word_1_330' title='bbox 629 2951 778 3014; x_wconf 86' lang='lat' dir='ltr'>voluerint</span> <span class='ocrx_word' id='word_1_331' title='bbox 793 2953 1002 3036; x_wconf 40' lang='lat' dir='ltr'>veiusguatiam</span> <span class='ocrx_word' id='word_1_332' title='bbox 1022 2962 1091 3013; x_wconf 86' lang='lat' dir='ltr'>ante</span> <span class='ocrx_word' id='word_1_333' title='bbox 1110 2963 1237 3037; x_wconf 72' lang='lat' dir='ltr'>tempus,</span> 
     </span>
     <span class='ocr_line' id='line_1_37' title="bbox 99 3028 1237 3112; baseline -0.002 -22"><span class='ocrx_word' id='word_1_334' title='bbox 99 3051 165 3112; x_wconf 79' lang='lat' dir='ltr'>quo</span> <span class='ocrx_word' id='word_1_335' title='bbox 191 3029 248 3090; x_wconf 89' lang='lat' dir='ltr'>sibi</span> <span class='ocrx_word' id='word_1_336' title='bbox 272 3030 434 3110; x_wconf 84' lang='lat' dir='ltr'>propitium</span> <span class='ocrx_word' id='word_1_337' title='bbox 460 3051 494 3092; x_wconf 89' lang='lat' dir='ltr'>ac</span> <span class='ocrx_word' id='word_1_338' title='bbox 531 3043 667 3097; x_wconf 78' lang='lat' dir='ltr'>arentem</span> <span class='ocrx_word' id='word_1_339' title='bbox 680 3030 851 3106; x_wconf 86' lang='lat' dir='ltr'>haberent,</span> <span class='ocrx_word' id='word_1_340' title='bbox 882 3029 909 3092; x_wconf 86' lang='lat' dir='ltr'>si</span> <span class='ocrx_word' id='word_1_341' title='bbox 940 3028 1020 3096; x_wconf 83' lang='lat' dir='ltr'>forte</span> <span class='ocrx_word' id='word_1_342' title='bbox 1046 3028 1237 3111; x_wconf 75' lang='lat' dir='ltr'>contingeret</span> 
     </span>
     <span class='ocr_line' id='line_1_38' title="bbox 99 3100 628 3188; baseline -0.008 -22"><span class='ocrx_word' id='word_1_343' title='bbox 99 3105 244 3168; x_wconf 84' lang='lat' dir='ltr'>orientali</span> <span class='ocrx_word' id='word_1_344' title='bbox 262 3100 388 3186; x_wconf 87' lang='lat' dir='ltr'>imperio</span> <span class='ocrx_word' id='word_1_345' title='bbox 409 3108 595 3188; x_wconf 83' lang='lat' dir='ltr'>eumpotiri.</span> <span class='ocrx_word' id='word_1_346' title='bbox 623 3141 628 3162; x_wconf 56' lang='grc' dir='ltr'>ι</span> 
     </span>
     <span class='ocr_line' id='line_1_39' title="bbox 180 3179 1320 3266; baseline -0.005 -18"><span class='ocrx_word' id='word_1_347' title='bbox 180 3187 209 3248; x_wconf 85' lang='grc'>3.</span> <span class='ocrx_word' id='word_1_348' title='bbox 248 3181 385 3254; x_wconf 79' lang='lat' dir='ltr'>Herodes</span> <span class='ocrx_word' id='word_1_349' title='bbox 401 3204 461 3243; x_wconf 78' lang='lat' dir='ltr'>rear</span> <span class='ocrx_word' id='word_1_350' title='bbox 475 3184 608 3260; x_wconf 63' lang='lat' dir='ltr'>mrtem</span> <span class='ocrx_word' id='word_1_351' title='bbox 624 3197 676 3246; x_wconf 80' lang='lat' dir='ltr'>est.</span> <span class='ocrx_word' id='word_1_352' title='bbox 714 3185 784 3245; x_wconf 89' lang='lat' dir='ltr'>Non</span> <span class='ocrx_word' id='word_1_353' title='bbox 804 3181 907 3266; x_wconf 80' lang='lat' dir='ltr'>ignota</span> <span class='ocrx_word' id='word_1_354' title='bbox 926 3192 1013 3244; x_wconf 88' lang='lat' dir='ltr'>erant</span> <span class='ocrx_word' id='word_1_355' title='bbox 1029 3179 1145 3246; x_wconf 88' lang='lat' dir='ltr'>Herodi</span> <span class='ocrx_word' id='word_1_356' title='bbox 1163 3179 1238 3252; x_wconf 81' lang='lat' dir='ltr'>rati-</span> <span class='ocrx_word' id='word_1_357' title='bbox 1315 3184 1320 3194; x_wconf 92' lang='lat'>&#39;</span> 
     </span>
     <span class='ocr_line' id='line_1_40' title="bbox 77 3257 1332 3341; baseline -0.002 -19"><span class='ocrx_word' id='word_1_358' title='bbox 77 3283 78 3290; x_wconf 54' lang='lat'>¹</span> <span class='ocrx_word' id='word_1_359' title='bbox 99 3259 199 3336; x_wconf 76' lang='lat' dir='ltr'>ciuis,</span> <span class='ocrx_word' id='word_1_360' title='bbox 225 3260 331 3340; x_wconf 83' lang='lat' dir='ltr'>quibus</span> <span class='ocrx_word' id='word_1_361' title='bbox 349 3259 413 3318; x_wconf 81' lang='lat' dir='ltr'>Rex</span> <span class='ocrx_word' id='word_1_362' title='bbox 431 3262 590 3341; x_wconf 85' lang='lat' dir='ltr'>promissus</span> <span class='ocrx_word' id='word_1_363' title='bbox 608 3272 675 3330; x_wconf 84' lang='lat' dir='ltr'>erat</span> <span class='ocrx_word' id='word_1_364' title='bbox 697 3257 829 3336; x_wconf 88' lang='lat' dir='ltr'>ludaeis,</span> <span class='ocrx_word' id='word_1_365' title='bbox 878 3259 908 3319; x_wconf 89' lang='lat' dir='ltr'>ui</span> <span class='ocrx_word' id='word_1_366' title='bbox 926 3279 973 3319; x_wconf 88' lang='lat' dir='ltr'>res</span> <span class='ocrx_word' id='word_1_367' title='bbox 990 3277 1096 3324; x_wconf 76' lang='lat' dir='ltr'>eorum</span> <span class='ocrx_word' id='word_1_368' title='bbox 1113 3257 1239 3324; x_wconf 76' lang='lat' dir='ltr'>afflictas</span> <span class='ocrx_word' id='word_1_369' title='bbox 1327 3297 1332 3308; x_wconf 63' lang='grc' dir='ltr'>ι</span> 
     </span>
     <span class='ocr_line' id='line_1_41' title="bbox 107 3281 1237 3416; baseline -0.004 -18"><span class='ocrx_word' id='word_1_370' title='bbox 107 3351 137 3399; x_wconf 90' lang='lat' dir='ltr'>et</span> <span class='ocrx_word' id='word_1_371' title='bbox 161 3357 275 3398; x_wconf 87' lang='lat' dir='ltr'>eversas</span> <span class='ocrx_word' id='word_1_372' title='bbox 301 3335 334 3398; x_wconf 89' lang='lat' dir='ltr'>in</span> <span class='ocrx_word' id='word_1_373' title='bbox 360 3335 478 3397; x_wconf 88' lang='lat' dir='ltr'>beatum</span> <span class='ocrx_word' id='word_1_374' title='bbox 501 3350 610 3399; x_wconf 90' lang='lat' dir='ltr'>statum</span> <span class='ocrx_word' id='word_1_375' title='bbox 634 3337 811 3398; x_wconf 89' lang='lat' dir='ltr'>restitueret.</span> <span class='ocrx_word' id='word_1_376' title='bbox 848 3281 974 3398; x_wconf 73' lang='lat' dir='ltr'>llixcrat</span> <span class='ocrx_word' id='word_1_377' title='bbox 997 3335 1077 3398; x_wconf 85' lang='lat' dir='ltr'>eoim</span> <span class='ocrx_word' id='word_1_378' title='bbox 1100 3355 1118 3396; x_wconf 87' lang='lat' dir='ltr'>a</span> <span class='ocrx_word' id='word_1_379' title='bbox 1142 3355 1237 3416; x_wconf 88' lang='lat' dir='ltr'>puero</span> 
     </span>
     <span class='ocr_line' id='line_1_42' title="bbox 104 3409 1301 3506; baseline -0.003 -32"><span class='ocrx_word' id='word_1_380' title='bbox 104 3415 138 3482; x_wconf 79' lang='lat' dir='ltr'>in</span> <span class='ocrx_word' id='word_1_381' title='bbox 156 3424 251 3506; x_wconf 58' lang='lat' dir='ltr'>gente</span> <span class='ocrx_word' id='word_1_382' title='bbox 276 3412 342 3488; x_wconf 74' lang='lat' dir='ltr'>illa,</span> <span class='ocrx_word' id='word_1_383' title='bbox 371 3424 402 3478; x_wconf 71' lang='lat' dir='ltr'>et</span> <span class='ocrx_word' id='word_1_384' title='bbox 424 3413 604 3477; x_wconf 77' lang='lat' dir='ltr'>familiariter</span> <span class='ocrx_word' id='word_1_385' title='bbox 631 3426 807 3481; x_wconf 68' lang='lat' dir='ltr'>esseorum</span> <span class='ocrx_word' id='word_1_386' title='bbox 836 3411 985 3478; x_wconf 78' lang='lat' dir='ltr'>didicerat</span> <span class='ocrx_word' id='word_1_387' title='bbox 1041 3409 1129 3474; x_wconf 81' lang='lat' dir='ltr'>Adde</span> <span class='ocrx_word' id='word_1_388' title='bbox 1158 3409 1239 3491; x_wconf 90' lang='lat' dir='ltr'>quod</span> <span class='ocrx_word' id='word_1_389' title='bbox 1293 3476 1301 3499; x_wconf 35' lang='lat' dir='ltr'>x</span> 
     </span>
     <span class='ocr_line' id='line_1_43' title="bbox 127 3486 1281 3572; baseline -0.004 -19"><span class='ocrx_word' id='word_1_390' title='bbox 127 3513 212 3555; x_wconf 75' lang='lat' dir='ltr'>assim</span> <span class='ocrx_word' id='word_1_391' title='bbox 230 3489 364 3572; x_wconf 73' lang='lat' dir='ltr'>vulgatus</span> <span class='ocrx_word' id='word_1_392' title='bbox 384 3502 449 3550; x_wconf 88' lang='lat' dir='ltr'>erat</span> <span class='ocrx_word' id='word_1_393' title='bbox 465 3511 567 3555; x_wconf 80' lang='lat' dir='ltr'>rumor</span> <span class='ocrx_word' id='word_1_394' title='bbox 583 3489 647 3568; x_wconf 83' lang='lat' dir='ltr'>ille,</span> <span class='ocrx_word' id='word_1_395' title='bbox 668 3500 701 3548; x_wconf 92' lang='lat' dir='ltr'>ut</span> <span class='ocrx_word' id='word_1_396' title='bbox 718 3487 833 3552; x_wconf 87' lang='lat' dir='ltr'>viciuos</span> <span class='ocrx_word' id='word_1_397' title='bbox 874 3487 978 3569; x_wconf 80' lang='lat' dir='ltr'>opules</span> <span class='ocrx_word' id='word_1_398' title='bbox 990 3487 1112 3558; x_wconf 81' lang='lat' dir='ltr'>minime</span> <span class='ocrx_word' id='word_1_399' title='bbox 1123 3486 1239 3562; x_wconf 55' lang='lat' dir='ltr'>lateret,</span> <span class='ocrx_word' id='word_1_400' title='bbox 1278 3552 1281 3562; x_wconf 68' lang='grc'><em>,</em></span> 
     </span>
     <span class='ocr_line' id='line_1_44' title="bbox 100 3511 1239 3650; baseline -0.005 -20"><span class='ocrx_word' id='word_1_401' title='bbox 100 3513 258 3632; x_wconf 71' lang='lat' dir='ltr'>lactatur</span> <span class='ocrx_word' id='word_1_402' title='bbox 276 3579 374 3628; x_wconf 88' lang='lat' dir='ltr'>tamen</span> <span class='ocrx_word' id='word_1_403' title='bbox 388 3563 474 3646; x_wconf 30' lang='lat' dir='ltr'>*quasi</span> <span class='ocrx_word' id='word_1_404' title='bbox 493 3587 526 3628; x_wconf 86' lang='lat' dir='ltr'>re</span> <span class='ocrx_word' id='word_1_405' title='bbox 542 3588 621 3629; x_wconf 87' lang='lat' dir='ltr'>nova</span> <span class='ocrx_word' id='word_1_406' title='bbox 641 3577 671 3628; x_wconf 90' lang='lat' dir='ltr'>et</span> <span class='ocrx_word' id='word_1_407' title='bbox 703 3566 761 3626; x_wconf 91' lang='lat' dir='ltr'>rius</span> <span class='ocrx_word' id='word_1_408' title='bbox 773 3511 916 3630; x_wconf 71' lang='lat' dir='ltr'>incudes:</span> <span class='ocrx_word' id='word_1_409' title='bbox 936 3585 1042 3646; x_wconf 87' lang='lat' dir='ltr'>nempe</span> <span class='ocrx_word' id='word_1_410' title='bbox 1054 3563 1131 3650; x_wconf 71' lang='lat' dir='ltr'>¹quia</span> <span class='ocrx_word' id='word_1_411' title='bbox 1150 3560 1239 3624; x_wconf 79' lang='lat' dir='ltr'>fidem</span> 
     </span>
     <span class='ocr_line' id='line_1_45' title="bbox 1 3639 1239 3727; baseline -0.01 -18"><span class='ocrx_word' id='word_1_412' title='bbox 1 3714 2 3717; x_wconf 46' lang='lat'>,</span> <span class='ocrx_word' id='word_1_413' title='bbox 101 3646 254 3727; x_wconf 80' lang='lat' dir='ltr'>abrogans</span> <span class='ocrx_word' id='word_1_414' title='bbox 273 3643 341 3704; x_wconf 85' lang='lat' dir='ltr'>Dec</span> <span class='ocrx_word' id='word_1_415' title='bbox 365 3643 484 3724; x_wconf 87' lang='lat' dir='ltr'>eiusque</span> <span class='ocrx_word' id='word_1_416' title='bbox 504 3643 653 3723; x_wconf 88' lang='lat' dir='ltr'>promissis</span> <span class='ocrx_word' id='word_1_417' title='bbox 701 3643 902 3722; x_wconf 78' lang='lat' dir='ltr'>ademptorem</span> <span class='ocrx_word' id='word_1_418' title='bbox 921 3641 1028 3702; x_wconf 89' lang='lat' dir='ltr'>frustra</span> <span class='ocrx_word' id='word_1_419' title='bbox 1053 3663 1065 3700; x_wconf 93' lang='lat' dir='ltr'>s</span> <span class='ocrx_word' id='word_1_420' title='bbox 1090 3639 1164 3700; x_wconf 87' lang='lat' dir='ltr'>erari</span> <span class='ocrx_word' id='word_1_421' title='bbox 1182 3659 1239 3720; x_wconf 84' lang='lat' dir='ltr'>pu·</span> 
     </span>
     <span class='ocr_line' id='line_1_46' title="bbox 96 3662 1238 3805; baseline -0.011 -20"><span class='ocrx_word' id='word_1_422' title='bbox 96 3721 204 3798; x_wconf 65' lang='lat' dir='ltr'>setar,</span> <span class='ocrx_word' id='word_1_423' title='bbox 217 3718 402 3802; x_wconf 57' lang='lat' dir='ltr'>,praesertim</span> <span class='ocrx_word' id='word_1_424' title='bbox 420 3742 510 3800; x_wconf 85' lang='lat' dir='ltr'>quum</span> <span class='ocrx_word' id='word_1_425' title='bbox 533 3741 658 3804; x_wconf 85' lang='lat' dir='ltr'>regnum</span> <span class='ocrx_word' id='word_1_426' title='bbox 684 3719 741 3786; x_wconf 88' lang='lat' dir='ltr'>sibi</span> <span class='ocrx_word' id='word_1_427' title='bbox 763 3741 796 3781; x_wconf 90' lang='lat' dir='ltr'>ac</span> <span class='ocrx_word' id='word_1_428' title='bbox 819 3719 878 3782; x_wconf 87' lang='lat' dir='ltr'>suis</span> <span class='ocrx_word' id='word_1_429' title='bbox 904 3718 1008 3783; x_wconf 91' lang='lat' dir='ltr'>stabile</span> <span class='ocrx_word' id='word_1_430' title='bbox 1030 3662 1238 3805; x_wconf 34' lang='lat' dir='ltr'>stultanconfi-</span> 
     </span>
     <span class='ocr_line' id='line_1_47' title="bbox 107 3795 1239 3878; baseline -0.012 -16"><span class='ocrx_word' id='word_1_431' title='bbox 107 3798 224 3873; x_wconf 83' lang='lat' dir='ltr'>dentia,</span> <span class='ocrx_word' id='word_1_432' title='bbox 243 3810 276 3858; x_wconf 90' lang='lat' dir='ltr'>ut</span> <span class='ocrx_word' id='word_1_433' title='bbox 293 3797 393 3859; x_wconf 87' lang='lat' dir='ltr'>solent</span> <span class='ocrx_word' id='word_1_434' title='bbox 408 3795 529 3878; x_wconf 87' lang='lat' dir='ltr'>superbi</span> <span class='ocrx_word' id='word_1_435' title='bbox 548 3795 699 3872; x_wconf 86' lang='lat' dir='ltr'>homiues,</span> <span class='ocrx_word' id='word_1_436' title='bbox 722 3795 858 3858; x_wconf 80' lang='lat' dir='ltr'>finxisset</span> <span class='ocrx_word' id='word_1_437' title='bbox 895 3795 959 3856; x_wconf 86' lang='lat' dir='ltr'>&#39;Sed</span> <span class='ocrx_word' id='word_1_438' title='bbox 977 3813 1067 3874; x_wconf 87' lang='lat' dir='ltr'>quum</span> <span class='ocrx_word' id='word_1_439' title='bbox 1087 3812 1168 3871; x_wconf 77' lang='lat' dir='ltr'>prius</span> <span class='ocrx_word' id='word_1_440' title='bbox 1186 3809 1239 3858; x_wconf 77' lang='lat' dir='ltr'>sua</span> 
     </span>
     <span class='ocr_line' id='line_1_48' title="bbox 105 3871 1250 3956; baseline -0.01 -18"><span class='ocrx_word' id='word_1_441' title='bbox 105 3874 249 3938; x_wconf 77' lang='lat' dir='ltr'>felicitate</span> <span class='ocrx_word' id='word_1_442' title='bbox 269 3874 368 3940; x_wconf 77' lang='lat' dir='ltr'>ebaritas</span> <span class='ocrx_word' id='word_1_443' title='bbox 387 3883 489 3938; x_wconf 79' lang='lat' dir='ltr'>secure</span> <span class='ocrx_word' id='word_1_444' title='bbox 509 3885 714 3947; x_wconf 74' lang='lat' dir='ltr'>coptemoeret</span> <span class='ocrx_word' id='word_1_445' title='bbox 732 3871 916 3954; x_wconf 74' lang='lat' dir='ltr'>prophetias,</span> <span class='ocrx_word' id='word_1_446' title='bbox 936 3892 1014 3933; x_wconf 79' lang='lat' dir='ltr'>nunc</span> <span class='ocrx_word' id='word_1_447' title='bbox 1034 3877 1156 3948; x_wconf 87' lang='lat' dir='ltr'>repente</span> <span class='ocrx_word' id='word_1_448' title='bbox 1173 3877 1250 3956; x_wconf 48' lang='lat' dir='ltr'>terr</span> 
     </span>
     <span class='ocr_line' id='line_1_49' title="bbox 107 3939 1241 4042; baseline -0.011 -28"><span class='ocrx_word' id='word_1_449' title='bbox 107 3964 190 4014; x_wconf 87' lang='lat' dir='ltr'>retur</span> <span class='ocrx_word' id='word_1_450' title='bbox 201 3971 301 4015; x_wconf 85' lang='lat' dir='ltr'>earum</span> <span class='ocrx_word' id='word_1_451' title='bbox 309 3949 461 4013; x_wconf 87' lang='lat' dir='ltr'>memoria.</span> <span class='ocrx_word' id='word_1_452' title='bbox 479 3951 585 4042; x_wconf 61' lang='lat' dir='ltr'>licque</span> <span class='ocrx_word' id='word_1_453' title='bbox 598 3950 675 4010; x_wconf 88' lang='lat' dir='ltr'>enim</span> <span class='ocrx_word' id='word_1_454' title='bbox 687 3961 843 4030; x_wconf 87' lang='lat' dir='ltr'>tantopere</span> <span class='ocrx_word' id='word_1_455' title='bbox 855 3957 1020 4012; x_wconf 86' lang='lat' dir='ltr'>commotus</span> <span class='ocrx_word' id='word_1_456' title='bbox 1031 3955 1106 4012; x_wconf 78' lang='lat' dir='ltr'>esset</span> <span class='ocrx_word' id='word_1_457' title='bbox 1114 3939 1241 4032; x_wconf 77' lang='lat' dir='ltr'>simplici</span> 
     </span>
    </p>
   </div>
   <div class='ocr_carea' id='block_1_5' title="bbox 1 4021 1241 4112">
    <p class='ocr_par' dir='ltr' id='par_1_6' title="bbox 1 4021 1241 4112">
     <span class='ocr_line' id='line_1_50' title="bbox 1 4021 1241 4112; baseline -0.01 -22"><span class='ocrx_word' id='word_1_458' title='bbox 1 4075 2 4090; x_wconf 61' lang='grc'>,</span> <span class='ocrx_word' id='word_1_459' title='bbox 107 4050 262 4112; x_wconf 79' lang='lat' dir='ltr'>magorum</span> <span class='ocrx_word' id='word_1_460' title='bbox 285 4047 438 4104; x_wconf 82' lang='lat' dir='ltr'>sennone,</span> <span class='ocrx_word' id='word_1_461' title='bbox 465 4049 520 4088; x_wconf 85' lang='lat' dir='ltr'>nrsr</span> <span class='ocrx_word' id='word_1_462' title='bbox 545 4028 577 4088; x_wconf 87' lang='lat' dir='ltr'>in</span> <span class='ocrx_word' id='word_1_463' title='bbox 594 4039 724 4088; x_wconf 88' lang='lat' dir='ltr'>mentem</span> <span class='ocrx_word' id='word_1_464' title='bbox 744 4026 891 4090; x_wconf 86' lang='lat' dir='ltr'>venisseut</span> <span class='ocrx_word' id='word_1_465' title='bbox 910 4021 1043 4096; x_wconf 91' lang='lat' dir='ltr'>oracula,</span> <span class='ocrx_word' id='word_1_466' title='bbox 1066 4039 1139 4100; x_wconf 86' lang='lat' dir='ltr'>quae</span> <span class='ocrx_word' id='word_1_467' title='bbox 1159 4039 1241 4099; x_wconf 81' lang='lat' dir='ltr'>prcus</span> 
     </span>
    </p>
   </div>
   <div class='ocr_carea' id='block_1_6' title="bbox 106 4097 1240 4186">
    <p class='ocr_par' dir='ltr' id='par_1_7' title="bbox 106 4097 1240 4186">
     <span class='ocr_line' id='line_1_51' title="bbox 106 4097 1240 4186; baseline -0.012 -18"><span class='ocrx_word' id='word_1_468' title='bbox 106 4107 217 4168; x_wconf 83' lang='lat' dir='ltr'>lrasoria</span> <span class='ocrx_word' id='word_1_469' title='bbox 241 4103 407 4186; x_wconf 83' lang='lat' dir='ltr'>nulliusque</span> <span class='ocrx_word' id='word_1_470' title='bbox 430 4101 575 4183; x_wconf 74' lang='lat' dir='ltr'>momenti</span> <span class='ocrx_word' id='word_1_471' title='bbox 599 4123 662 4166; x_wconf 88' lang='lat' dir='ltr'>esse</span> <span class='ocrx_word' id='word_1_472' title='bbox 681 4101 865 4168; x_wconf 69' lang='lat' dir='ltr'>videbatur.</span> <span class='ocrx_word' id='word_1_473' title='bbox 903 4101 950 4160; x_wconf 88' lang='lat' dir='ltr'>Ita</span> <span class='ocrx_word' id='word_1_474' title='bbox 969 4097 1130 4172; x_wconf 89' lang='lat' dir='ltr'>Dominus,</span> <span class='ocrx_word' id='word_1_475' title='bbox 1154 4105 1240 4176; x_wconf 79' lang='lat' dir='ltr'>post-</span> 
     </span>
    </p>
   </div>
   <div class='ocr_carea' id='block_1_7' title="bbox 108 4169 1245 4336">
    <p class='ocr_par' dir='ltr' id='par_1_8' title="bbox 108 4169 1245 4336">
     <span class='ocr_line' id='line_1_52' title="bbox 149 4169 1241 4261; baseline -0.014 -17"><span class='ocrx_word' id='word_1_476' title='bbox 149 4180 386 4244; x_wconf 68' lang='lat' dir='ltr'>amvincredulos</span> <span class='ocrx_word' id='word_1_477' title='bbox 405 4181 535 4242; x_wconf 88' lang='lat' dir='ltr'>dormire</span> <span class='ocrx_word' id='word_1_478' title='bbox 553 4201 651 4261; x_wconf 90' lang='lat' dir='ltr'>passus</span> <span class='ocrx_word' id='word_1_479' title='bbox 673 4191 732 4255; x_wconf 89' lang='lat' dir='ltr'>est,</span> <span class='ocrx_word' id='word_1_480' title='bbox 756 4191 880 4260; x_wconf 83' lang='lat' dir='ltr'>repente</span> <span class='ocrx_word' id='word_1_481' title='bbox 899 4176 956 4236; x_wconf 87' lang='lat' dir='ltr'>illis</span> <span class='ocrx_word' id='word_1_482' title='bbox 976 4174 1105 4254; x_wconf 88' lang='lat' dir='ltr'>quietem</span> <span class='ocrx_word' id='word_1_483' title='bbox 1125 4169 1241 4235; x_wconf 83' lang='lat' dir='ltr'>excutit.</span> 
     </span>
     <span class='ocr_line' id='line_1_53' title="bbox 108 4205 1245 4336; baseline -0.009 -14"><span class='ocrx_word' id='word_1_484' title='bbox 108 4205 204 4336; x_wconf 51' lang='lat' dir='ltr'>guod</span> <span class='ocrx_word' id='word_1_485' title='bbox 242 4258 314 4320; x_wconf 89' lang='lat' dir='ltr'>dicit</span> <span class='ocrx_word' id='word_1_486' title='bbox 343 4257 521 4334; x_wconf 82' lang='lat' dir='ltr'>Matthaeus,</span> <span class='ocrx_word' id='word_1_487' title='bbox 559 4255 794 4334; x_wconf 73' lang='lat' dir='ltr'>Hierosolymam</span> <span class='ocrx_word' id='word_1_488' title='bbox 823 4272 941 4335; x_wconf 89' lang='lat' dir='ltr'>quoque</span> <span class='ocrx_word' id='word_1_489' title='bbox 967 4250 1114 4330; x_wconf 75' lang='lat' dir='ltr'>turbatam</span> <span class='ocrx_word' id='word_1_490' title='bbox 1143 4248 1245 4322; x_wconf 81' lang='lat' dir='ltr'>luisse,</span> 
     </span>
    </p>
   </div>
   <div class='ocr_carea' id='block_1_8' title="bbox 104 4326 1245 4472">
    <p class='ocr_par' dir='ltr' id='par_1_9' title="bbox 104 4326 1245 4472">
     <span class='ocr_line' id='line_1_54' title="bbox 104 4326 1245 4472; baseline -0.015 -71"><span class='ocrx_word' id='word_1_491' title='bbox 104 4333 230 4457; x_wconf 63' lang='lat' dir='ltr'>-dspohus</span> <span class='ocrx_word' id='word_1_492' title='bbox 245 4335 340 4400; x_wconf 82' lang='lat' dir='ltr'>modis</span> <span class='ocrx_word' id='word_1_493' title='bbox 361 4335 467 4416; x_wconf 76' lang='lat' dir='ltr'>erponi</span> <span class='ocrx_word' id='word_1_494' title='bbox 486 4346 597 4414; x_wconf 81' lang='lat' dir='ltr'>potest:</span> <span class='ocrx_word' id='word_1_495' title='bbox 617 4331 664 4397; x_wconf 81' lang='lat' dir='ltr'>vel</span> <span class='ocrx_word' id='word_1_496' title='bbox 684 4333 766 4414; x_wconf 87' lang='lat' dir='ltr'>quod</span> <span class='ocrx_word' id='word_1_497' title='bbox 782 4327 1118 4472; x_wconf 49' lang='lat' dir='ltr'>tumrdtuosecgrpcitati</span> <span class='ocrx_word' id='word_1_498' title='bbox 1133 4326 1245 4392; x_wconf 79' lang='lat' dir='ltr'>luerint</span> 
     </span>
    </p>
   </div>
   <div class='ocr_carea' id='block_1_9' title="bbox 0 0 1417 4756">
    <p class='ocr_par' dir='ltr' id='par_1_10' title="bbox 0 0 1417 4756">
     <span class='ocr_line' id='line_1_55' title="bbox 0 0 1417 4756; baseline 0 0"><span class='ocrx_word' id='word_1_499' title='bbox 0 0 1417 4756; x_wconf 95' lang='lat' dir='ltr'> </span> 
     </span>
    </p>
   </div>
  </div>
 </body>
</html>
