2786 4742
297 157 302 166 l

310 225 371 301 (91.
391 221 519 291 lomnes
539 222 624 303 Bapt.
645 188 760 304 quaerit
779 223 817 286 de
835 225 966 305 Messia.)
1072 245 1074 250 ’
1137 229 1197 294 259

72 384 135 428 esse
152 384 302 446 sponsum.
352 365 395 424 Er
415 385 435 426 o
455 365 536 458 qnod
555 365 647 428 fidelis
666 366 857 449 paranymphi
875 379 934 446 est,
962 381 1070 432 castam
1095 379 1125 428 ει
1148 369 1196 430 in-

69 454 183 526 tegram
202 462 338 522 sponsam
358 463 378 502 o
404 453 450 502 ert
468 443 523 522 rpsi
535 442 664 514 Christo,
703 445 733 502 ui
753 445 855 504 unicus
875 457 919 506 est
938 446 1083 508 Ecclesiae
1103 466 1196 528 spon-

70 534 130 580 sust
180 517 264 578 Idem
288 517 344 579 sibi
369 519 457 580 luisse
481 517 608 580 studium
629 463 735 580 Paulus
761 519 885 580 affirmat
903 521 958 601 (ΙΙ.
979 523 1051 584 Cor.
1068 531 1122 598 11,
1143 530 1195 602 2.),
1217 587 1224 604 .

73 596 454 732 eqlptriusqueexemplum
478 595 515 657 ad
534 596 728 656 imitationem
746 597 926 680 proponitur
945 600 1079 660 omnibus
1098 601 1196 663 Evan·
1226 604 1231 612 ¹

13 719 14 722 ,
122 694 142 731 u
160 683 308 733 narnrstrrs.
894 720 898 726 .
1038 709 1050 724 .

13 807 14 830 ,
47 692 93 755 'g
147 751 175 812 3.
216 746 540 808 Tar-esilloventums.
579 748 639 810 Pro
661 747 796 810 confesso
817 749 904 810 sumit
921 749 1060 827 Ioannes,
1078 753 1195 831 quoda

13 833 15 892 ζ
72 825 171 906 pueris
188 812 339 884 tenebant‘
356 823 498 905 discipuli.
543 824 709 886 Commune
736 826 814 886 enim
839 837 901 887 erat
918 825 1035 888 ludaeis
1059 829 1195 891 omnibus

13 939 15 944 -
72 900 271 960 rudimentum
290 901 422 982 pietatis,
448 921 510 963 esse
528 913 685 962 venturum
705 901 855 964 Christum
878 901 978 964 salutis
998 913 1029 995 e}
1045 903 1196 984 perfectae
1289 946 1292 954 ·

13 987 38 1048 ;“
72 975 259 1038 beatitudinis
289 989 449 1039 auctorem.
501 978 603 1054 Quare
635 979 672 1038 de
704 978 761 1040 boc
786 979 885 1060 capite
908 990 1110 1060 quaestionem
1132 1001 1196 1042 non

71 1065 182 1130 movet,
200 1054 250 1114 sed
270 1065 385 1116 tantum
404 1055 530 1134 quaerit,
548 1077 584 1134 an
604 1056 684 1131 lesus
703 1055 943 1137 sitliede'mptor
960 1055 1010 1116 ille
1029 1057 1196 1137 promissus.

73 1127 101 1189 Ο
125 1129 216 1191 ortuit
235 1131 330 1204 enirn,
352 1141 509 1212 postquam
527 1131 656 1212 persuasi
676 1144 760 1192 erant
785 1133 821 1192 de
841 1133 940 1193 nedem
964 1133 1046 1193 tione
1064 1133 1097 1192 in
1115 1132 1197 1214 Lege

13 1243 16 1282 p
71 1216 102 1266 ct
138 1206 438 1287 ropbetispromissa,
452 1207 535 1280 ,illam
554 1208 585 1268 in
603 1207 715 1269 Christi
753 1215 858 1271 ers'ona
877 1153 1032 1270 exhibitam
1051 1209 1198 1291 amplecti.

72 1282 174 1358 Quum
193 1283 289 1357 addit,
319 1303 360 1343 aas
377 1283 468 1343 ndum
491 1291 711 1360 respuamus?
780 1307 796 1347 c
825 1284 967 1366 particula
986 1284 1109 1366 oblique
1127 1305 1196 1368 per-

71 1359 189 1453 stringit
214 1379 317 1419 eorum
340 1360 520 1437 socordiam,
550 1360 601 1454 qui
625 1360 741 1441 pridem
759 1374 842 1424 certo
863 1360 962 1424 edocti
984 1373 1043 1422 tam
1065 1361 1114 1422 diu
1134 1364 1195 1420 ahr-

15 1445 17 1482 !
70 1435 169 1517 bigurs
189 1435 292 1496 animis
310 1435 495 1498 fluctuarent.
535 1437 630 1496 Srmul
649 1437 736 1497 etiam
757 1438 902 1514 ostendit,
934 1457 1008 1519 quae
1031 1437 1070 1498 sit
1093 1449 1197 1498 natura

13 1545 18 1590 p
71 1523 103 1570 et
122 1512 163 1572 vis
182 1510 266 1586 fidei,
297 1521 404 1592 n'empe
434 1525 467 1572 ut
492 1512 611 1582 lundata
630 1511 662 1572 in
681 1512 740 1572 Dei
760 1514 965 1575 veritate'uon
984 1515 1106 1576 circums
1128 1513 1197 1575 iciat

13 1637 17 1668 ,
70 1587 129 1648 buc
147 1584 195 1650 vel
213 1585 290 1662 illuc,
310 1607 366 1648 nec
381 1589 487 1664 variet,
506 1601 539 1650 ut
557 1588 622 1650 solo¹
635 1588 755 1651 Christo
776 1601 915 1650 contenta
934 1611 995 1651 non
1016 1588 1074 1650 alio
1117 1601 1197 1652 ecta-

13 1669 17 1738 ’ξ
70 1675 140 1736 tur.
165 1661 221 1736 Its,
239 1667 407 1726 morsare.
446 1665 541 1726 Sicuti
551 1665 679 1730 Ioannes
690 1664 819 1734 alienam,
832 1667 863 1726 in
883 1685 916 1728 se
933 1678 1196 1760 personamtrans·

17 1753 18 1758 ’
69 1739 195 1813 tulerat,
219 1741 260 1799 sic
281 1741 308 1800 ei
327 1741 489 1803 renuntiari
508 1743 590 1816 iubet
608 1741 753 1817 Christus,
773 1741 853 1822 qnod
871 1763 916 1803 ma
941 1765 963 1804 rs
983 1743 1197 1805 observandum
1258 1803 1264 1812 ,

71 1827 136 1876 erat
154 1816 216 1876 eins
237 1814 391 1898 discipulis.
432 1818 523 1894 Quod
542 1819 713 1900 simpliciter
729 1825 799 1878 non'
812 1762 985 1899 respondet,
1013 1820 1139 1899 primum
1160 1839 1197 1879 eo
1351 1829 1354 1838 '

70 1893 197 1954 consilio
216 1891 301 1968 lacit,
331 1894 400 1974 qnia
418 1897 506 1957 satius
526 1907 589 1957 erat
608 1915 670 1956 rem
687 1896 779 1974 ipram
801 1893 896 1974 loqui:
929 1895 1035 1956 deinde
1054 1907 1087 1956 ut
1111 1915 1197 1976 prae-

70 1969 140 2030 coni
159 1990 213 2030 suo
237 1968 355 2031 liberius
375 1971 503 2036 docendi
532 1984 736 2056 argumentum
761 1971 877 2033 tradat.¹
913 1973 1018 2107 Neque
1036 1985 1135 2033 tamen
1155 1971 1198 2032 illi

33 2111 40 2120 ⁸
69 2055 184 2107 tantum
202 2047 371 2126 suppeditat
387 2049 495 2109 nudam
515 2062 545 2110 et
564 2051 667 2110 rudem
687 2051 836 2109 materiam
854 2051 965 2110 miracu
977 2052 1015 2126 is,
1039 2049 1089 2110 sed
1109 2047 1220 2109 mira-‘

71 2121 136 2183 cula
161 2134 242 2202 aptat
268 2123 300 2182 in
325 2145 409 2184 suum
433 2125 523 2194 finem
547 2144 581 2185 ex
599 2125 814 2203 Prophetarum
838 2124 973 2186 oraculis.
1022 2124 1198 2186 Praesertim
1253 2117 1259 2130 ’

13 2241 17 2276 ,
69 2217 143 2260 vero
163 2197 262 2258 locum
280 2220 372 2258 unum
392 2219 425 2260 ex
435 2207 482 2266 35.
503 2201 599 2280 capite
618 2201 739 2272 lesaiae,
759 2212 789 2259 et
808 2199 932 2260 alterum
943 2218 977 2260 ex
990 2205 1037 2265 61.
1050 2212 1144 2277 notat,
1163 2213 1197 2261 ut

13 2299 17 2354 ὲ
70 2285 233 2360 agnpscant
252 2273 386 2354 discipuli
404 2275 535 2349 loannis,
554 2275 635 2355 quod
645 2274 794 2353 Propheta
814 2274 852 2334 de
870 2296 966 2359 regno
980 2275 1089 2337 Christi
1108 2288 1197 2337 testa-

13 2401 14 2408 .
70 2363 117 2412 tus
148 2363 192 2412 est
216 2350 395 2432 completum
420 2371 482 2413 esse
509 2363 539 2411 et
562 2351 743 2434 praestitum.
791 2347 898 2411 Priore
929 2352 998 2412 loco
1030 2352 1212 2421 continetur

13 2451 17 2506 3
70 2427 167 2490 deseri
189 2428 231 2488 tio
251 2428 336 2510 regui
357 2427 482 2502 Christi,
500 2425 553 2489 sub
574 2447 634 2508 quo
654 2425 736 2486 Deus
755 2427 795 2486 ita
814 2445 846 2486 se
865 2425 1016 2487 liberalem
1036 2439 1067 2487 et
1086 2427 1198 2486 benefi·
1307 2447 1310 2468 ¹

13 2557 14 2560 ,
71 2525 138 2564 cum
159 2449 225 2564 idre
243 2505 404 2584 promittit,
434 2517 468 2564 ut
486 2523 575 2584 opem
594 2501 815 2583 remediumque
833 2503 944 2563 morbis
964 2502 1101 2563 omnibus
1121 2503 1220 2563 olle-v

13 2579 18 2654 s
71 2592 126 2640 rat
164 2582 229 2641 Nec
248 2580 367 2642 dubium
387 2591 440 2659 est,
500 2580 587 2640 in-de
607 2603 619 2641 s
642 2579 751 2640 irituali
770 2579 888 2652 amalis
908 2580 1044 2641 omnibus
1065 2582 1207 2647 etmisc·¹

14 2702 18 2738 ,
72 2656 123 2718 riis
149 2657 325 2719 liberatione
349 2669 424 2742 agat.
459 2602 584 2733 qilerum
631 2656 739 2717 hristus
771 2654 898 2716 externis
930 2655 1070 2741 symbolis
1094 2655 1199 2736 (sicuti

73 2735 153 2811 prius
174 2735 284 2794 dictum
303 2743 358 2806 est)
379 2753 410 2796 se
430 2730 466 2795 ad
485 2735 624 2796 sanandas
645 2734 754 2794 animas
777 2733 956 2827 spiritualem
971 2732 1087 2798 venisse
1106 2732 1199 2792 medi-

16 2851 19 2860 .
74 2828 141 2870 cum
162 2811 299 2872 ostendit.
337 2810 511 2882 ltelactum
531 2823 592 2887 est,
610 2821 644 2871 ut
664 2809 796 2890 discipuli
815 2809 935 2870 minime
954 2809 1085 2890 perplexi
1105 2809 1198 2870 disce-

29 2951 32 2960 ,
74 2882 197 2963 derent,
229 2887 280 2966 qui
301 2886 410 2948 clarum
436 2898 465 2947 et
490 2885 575 2949 nullis
595 2886 767 2968 ambagibus
789 2885 964 2977 implicitum
982 2885 1132 2946 habebant
1150 2906 1199 2945 re-

16 3007 18 3015 ,
73 2981 222 3039 sonsum.
260 2963 414 3025 Posterior
431 2963 565 3044 locuslin
584 2965 643 3024 boc
666 2963 762 3044 priori
779 2962 897 3039 similis,
923 2962 1002 3041 quod
1026 2962 1059 3020 in
1078 2961 1198 3022 (Ibristo

15 3083 19 3118 ,
72 2982 226 3101 tbesauros
265 3043 356 3101 ratiac
374 3040 433 3100 Dei
451 3039 568 3100 mundo
594 3038 740 3120 expositos
769 3040 836 3099 lore
860 3039 984 3116 docens,
1036 3036 1201 3098 eculiariter

74 3112 210 3196 exprbnit
278 3117 379 3178 ristum
403 3108 542 3178 destinari
566 3116 745 3198 pauperibus
768 3127 800 3176 et
823 3115 948 3176 afflictis.
1024 3112 1199 3176 tconsulto

72 3177 242 3252 vaticinium
263 3194 319 3253 boc
339 3193 458 3254 adducit
477 3191 627 3268 Christus,
646 3193 750 3272 partim
768 3204 803 3252 ut
820 3213 888 3252 suos
909 3210 1010 3252 omnes
1029 3189 1200 3270 humilitatis

13 3264 17 3275 '
72 3263 214 3329 tirocinio
233 3269 357 3344 imbuat,
382 3270 489 3351 partim
508 3282 541 3329 ut
560 3269 758 3330 offensionem
775 3268 878 3345 tollat,
902 3289 989 3349 quam
1009 3279 1108 3348 posset
1126 3289 1200 3329 con-

13 3415 14 3426 ,
73 3341 175 3422 cipere
195 3346 289 3408 camis
307 3365 409 3407 sensus
429 3365 464 3406 ex
481 3345 699 3428 contemptibili
716 3345 779 3418 eius
798 3363 898 3429 grege.
935 3345 1011 3407 Nam
1029 3355 1064 3404 ut
1081 3343 1201 3429 superbi

73 3430 177 3482 natura
197 3444 312 3502 sumus,
332 3420 404 3482 nihil
424 3422 487 3483 fere
505 3423 593 3485 nobis
612 3423 643 3483 in
663 3423 761 3504 pretio
781 3433 835 3497 est,
853 3421 912 3484 nisi
928 3419 1022 3482 multo
1041 3418 1201 3514 splendore

13 3537 19 3580 ἶ
75 3507 212 3568 ornatum
231 3500 277 3559 sit.
325 3498 417 3580 Atqui
436 3499 568 3562 Ecclesia
588 3499 699 3561 Christi
719 3519 809 3578 quum
833 3518 868 3558 ex
890 3497 1074 3591 pauperculis
1090 3495 1200 3558 bomi-

74 3567 162 3633 nibus
182 3573 307 3638 collecta
326 3576 373 3653 sit,
392 3575 465 3636 nihil
485 3587 529 3637 est
547 3596 563 3636 a
582 3575 737 3659 splendido
757 3587 787 3635 et
805 3575 961 3658 magnifico
981 3574 1090 3642 decore
1108 3571 1200 3652 magis
1220 3645 1229 3650 -

14 3697 15 3722 ἦ
76 3650 234 3711 remotum.
260 3651 350 3714 trine
369 3652 468 3714 multis
487 3651 605 3732 obrepit
618 3650 768 3734 Evangelii
785 3661 982 3731 contemptus,
1001 3649 1103 3730 quia'a
1122 3667 1201 3706 sum·
1284 3692 1292 3710 .

75 3721 130 3782 mis
150 3729 315 3810 quibusque
336 3741 366 3790 et
385 3749 489 3824 magna
509 3729 652 3812 dignitate
671 3727 808 3809 praeditis
828 3747 891 3788 non
910 3725 1061 3818 recipitur.
1102 3723 1200 3782 Porro

13 3847 15 3878 ;
76 3815 163 3874 tuam
182 3823 318 3885 perversa
337 3807 375 3868 sit
393 3817 425 3866 et
442 3827 542 3888 susque
571 3805 642 3866 baec
674 3803 851 3894 aestimatio,
885 3823 920 3863 ex
941 3801 1031 3938 ipsius
1049 3797 1204 3890 Evangelii
1379 3887 1380 3894 ἵ

13 3914 16 3946 ε
75 3885 182 3940 natum
201 3882 335 3946 Christus
355 3882 510 3956 admonet,
536 3881 653 3963 quando
674 3901 736 3941 non
755 3880 811 3940 msi
833 3900 955 3962 paupers
979 3898 1011 3948 ns
1032 3886 1062 3936 et
1081 3874 1202 3936 absecto
1304 3937 1307 3944 ,

14 3993 16 4022 ι
78 3945 253 4020 destinatum
280 3972 333 4021 cst.
383 3959 472 4020 Unde
498 3959 645 4040 sequitur,
673 3957 748 4018 nibil
770 3976 880 4017 novum
904 3954 1036 4016 accidere
1055 3951 1102 4012 vel
1122 3949 1203 4088 qnod
1283 4023 1288 4032 ι

78 4039 133 4113 ¹¹9⁸
151 4035 273 4113 turbare
292 4035 413 4111 debeat,
432 4037 457 4099 si
475 4055 492 4096 a
510 4035 621 4118 magnis
640 4033 785 4096 omnibns*
794 4033 958 4114 spernitur,
981 4029 1031 4109 qui
1051 4028 1108 4090 suis
1147 4026 1211 4097 ivi--

47 4173 52 4179 ³
79 4105 129 4158 tus
148 4104 240 4174 inflati
260 4113 372 4178 nullum
392 4113 452 4174 Dei
476 4111 584 4208 gratiae
608 4111 708 4174 locum
727 4130 848 4172 vacuum
877 4106 1064 4187 relinquunt:
1095 4105 1154 4166 imo
1179 4103 1204 4163 si
1291 4165 1300 4178 .

13 4241 14 4248 ,
80 4183 228 4262 respuitur
247 4211 263 4250 a
282 4191 387 4259 maiori
406 4189 556 4252 hommum
575 4199 668 4270 parte,
688 4193 749 4250 non
765 4185 898 4268 estquod
919 4183 1068 4260 miremur,
1087 4177 1205 4263 quando
1300 4217 1303 4220 ·

13 4291 15 4328 r
81 4264 127 4336 '¹3
146 4265 320 4345 teutsinus
340 4267 464 4348 quisque
488 4277 546 4342 est,
577 4265 627 4346 qni
657 4285 719 4325 non
750 4283 836 4346 prava
870 4260 1049 4322 confidentia
1078 4267 1204 4342 turgeat.

13 4343 14 4346 ,
81 4319 177 4390 Sicuti
194 4353 293 4404 antem
307 4343 439 4410 Christus
459 4343 507 4406 bis
525 4341 717 4426 Evangelium
736 4361 818 4404 suum
838 4336 968 4480 pinplicat
986 4358 1002 4400 a
1021 4347 1204 4417 contemptu,
1245 4403 1250 4410 .

286 4448 289 4458 ,
741 4456 750 4472 .,
804 4445 819 4472 ,
857 4421 874 4480 7
