<?xml version="1.0" encoding="UTF-8"?>
<!DOCTYPE html PUBLIC "-//W3C//DTD XHTML 1.0 Transitional//EN"
    "http://www.w3.org/TR/xhtml1/DTD/xhtml1-transitional.dtd">
<html xmlns="http://www.w3.org/1999/xhtml" xml:lang="en" lang="en">
 <head>
  <title>
</title>
<meta http-equiv="Content-Type" content="text/html;charset=utf-8" />
  <meta name='ocr-system' content='tesseract 3.04.00' />
  <meta name='ocr-capabilities' content='ocr_page ocr_carea ocr_par ocr_line ocrx_word'/>
</head>
<body>
  <div class='ocr_page' id='page_1' title='image "./innovumtestamen01tholgoog_0337.png"; bbox 0 0 2786 4742; ppageno 0'>
   <div class='ocr_carea' id='block_1_1' title="bbox 217 153 920 286">
    <p class='ocr_par' dir='ltr' id='par_1_1' title="bbox 217 153 920 286">
     <span class='ocr_line' id='line_1_1' title="bbox 217 153 920 286; baseline -0.003 -18"><span class='ocrx_word' id='word_1_1' title='bbox 217 217 277 280; x_wconf 68' lang='lat' dir='ltr'><strong>sss</strong></span> <span class='ocrx_word' id='word_1_2' title='bbox 346 194 349 204; x_wconf 83' lang='lat'>&#39;</span> <span class='ocrx_word' id='word_1_3' title='bbox 417 153 421 170; x_wconf 49' lang='lat'>⁵</span> <span class='ocrx_word' id='word_1_4' title='bbox 662 203 814 286; x_wconf 76' lang='lat' dir='ltr'><strong>suerro</strong></span> <span class='ocrx_word' id='word_1_5' title='bbox 834 203 920 266; x_wconf 80' lang='lat' dir='ltr'><strong>vus.</strong></span> 
     </span>
    </p>
   </div>
   <div class='ocr_carea' id='block_1_2' title="bbox 171 347 1336 2267">
    <p class='ocr_par' dir='ltr' id='par_1_2' title="bbox 171 347 1336 2267">
     <span class='ocr_line' id='line_1_2' title="bbox 216 347 1333 516; baseline -0.011 -20"><span class='ocrx_word' id='word_1_6' title='bbox 216 347 1333 516; x_wconf 59' lang='lat' dir='ltr'><strong>tt?tttttt¹²33l2tt¹tttftt¹⁰attlt¹⁰c‘tlllt&#39;tssgtttl‘t</strong></span> 
     </span>
     <span class='ocr_line' id='line_1_3' title="bbox 220 501 1293 586; baseline -0.007 -17"><span class='ocrx_word' id='word_1_7' title='bbox 220 521 274 586; x_wconf 82' lang='lat' dir='ltr'><strong>est,</strong></span> <span class='ocrx_word' id='word_1_8' title='bbox 294 509 330 568; x_wconf 91' lang='lat' dir='ltr'><strong>de</strong></span> <span class='ocrx_word' id='word_1_9' title='bbox 350 504 470 566; x_wconf 78' lang='lat' dir='ltr'><strong>ferenda</strong></span> <span class='ocrx_word' id='word_1_10' title='bbox 491 524 578 566; x_wconf 89' lang='lat' dir='ltr'><strong>cruce</strong></span> <span class='ocrx_word' id='word_1_11' title='bbox 596 525 665 566; x_wconf 87' lang='lat' dir='ltr'><strong>suos</strong></span> <span class='ocrx_word' id='word_1_12' title='bbox 684 517 817 579; x_wconf 85' lang='lat' dir='ltr'><strong>monere,</strong></span> <span class='ocrx_word' id='word_1_13' title='bbox 835 515 869 563; x_wconf 89' lang='lat' dir='ltr'><strong>nt</strong></span> <span class='ocrx_word' id='word_1_14' title='bbox 887 523 919 564; x_wconf 90' lang='lat' dir='ltr'><strong>se</strong></span> <span class='ocrx_word' id='word_1_15' title='bbox 937 501 1112 564; x_wconf 79' lang='lat' dir='ltr'><strong>fortitudine</strong></span> <span class='ocrx_word' id='word_1_16' title='bbox 1130 513 1293 585; x_wconf 77' lang='lat' dir='ltr'><strong>accingant.</strong></span> 
     </span>
     <span class='ocr_line' id='line_1_4' title="bbox 294 577 1331 659; baseline -0.007 -15"><span class='ocrx_word' id='word_1_17' title='bbox 294 584 367 644; x_wconf 87' lang='lat' dir='ltr'><strong>Luc.</strong></span> <span class='ocrx_word' id='word_1_18' title='bbox 385 589 432 648; x_wconf 66' lang='lat'><strong>33</strong></span> <span class='ocrx_word' id='word_1_19' title='bbox 471 582 524 642; x_wconf 78' lang='lat' dir='ltr'><strong>Str</strong></span> <span class='ocrx_word' id='word_1_20' title='bbox 541 603 610 658; x_wconf 82' lang='lat' dir='ltr'><strong>ergo</strong></span> <span class='ocrx_word' id='word_1_21' title='bbox 629 585 773 641; x_wconf 73' lang='lat' dir='ltr'><strong>omnim</strong></span> <span class='ocrx_word' id='word_1_22' title='bbox 790 579 877 652; x_wconf 81' lang='lat' dir='ltr'><strong>uobis,</strong></span> <span class='ocrx_word' id='word_1_23' title='bbox 896 583 948 659; x_wconf 79' lang='lat' dir='ltr'><strong>qni</strong></span> <span class='ocrx_word' id='word_1_24' title='bbox 963 602 1024 640; x_wconf 75' lang='lat' dir='ltr'><strong>uon</strong></span> <span class='ocrx_word' id='word_1_25' title='bbox 1037 582 1189 640; x_wconf 66' lang='lat' dir='ltr'><strong>monim.</strong></span> <span class='ocrx_word' id='word_1_26' title='bbox 1230 577 1331 638; x_wconf 89' lang='lat' dir='ltr'><strong>Osten-</strong></span> 
     </span>
     <span class='ocr_line' id='line_1_5' title="bbox 220 657 1332 750; baseline -0.012 -25"><span class='ocrx_word' id='word_1_27' title='bbox 220 665 264 726; x_wconf 91' lang='lat' dir='ltr'><strong>dit</strong></span> <span class='ocrx_word' id='word_1_28' title='bbox 282 661 354 720; x_wconf 86' lang='lat' dir='ltr'><strong>haec</strong></span> <span class='ocrx_word' id='word_1_29' title='bbox 374 657 510 730; x_wconf 78' lang='lat' dir='ltr'><strong>clausula,</strong></span> <span class='ocrx_word' id='word_1_30' title='bbox 529 659 600 740; x_wconf 91' lang='lat' dir='ltr'><strong>qnid</strong></span> <span class='ocrx_word' id='word_1_31' title='bbox 618 657 674 719; x_wconf 88' lang='lat' dir='ltr'><strong>sibi</strong></span> <span class='ocrx_word' id='word_1_32' title='bbox 691 657 763 719; x_wconf 80' lang='lat' dir='ltr'><strong>velit</strong></span> <span class='ocrx_word' id='word_1_33' title='bbox 781 662 945 736; x_wconf 87' lang='lat' dir='ltr'><strong>sumptuum</strong></span> <span class='ocrx_word' id='word_1_34' title='bbox 964 659 1141 750; x_wconf 87' lang='lat' dir='ltr'><strong>supputatio,</strong></span> <span class='ocrx_word' id='word_1_35' title='bbox 1161 678 1177 716; x_wconf 94' lang='lat' dir='ltr'><strong>a</strong></span> <span class='ocrx_word' id='word_1_36' title='bbox 1198 677 1254 748; x_wconf 87' lang='lat' dir='ltr'><strong>qua</strong></span> <span class='ocrx_word' id='word_1_37' title='bbox 1272 675 1332 714; x_wconf 90' lang='lat' dir='ltr'><strong>suos</strong></span> 
     </span>
     <span class='ocr_line' id='line_1_6' title="bbox 218 732 1333 805; baseline -0.013 -3"><span class='ocrx_word' id='word_1_38' title='bbox 218 737 314 802; x_wconf 91' lang='lat' dir='ltr'><strong>ordiri</strong></span> <span class='ocrx_word' id='word_1_39' title='bbox 332 736 416 797; x_wconf 84' lang='lat' dir='ltr'><strong>iubet</strong></span> <span class='ocrx_word' id='word_1_40' title='bbox 437 735 584 798; x_wconf 84' lang='lat' dir='ltr'><strong>Christus:</strong></span> <span class='ocrx_word' id='word_1_41' title='bbox 603 753 676 796; x_wconf 88' lang='lat' dir='ltr'><strong>nem</strong></span> <span class='ocrx_word' id='word_1_42' title='bbox 699 754 716 793; x_wconf 89' lang='lat' dir='ltr'><strong>e</strong></span> <span class='ocrx_word' id='word_1_43' title='bbox 734 744 768 794; x_wconf 90' lang='lat' dir='ltr'><strong>ut</strong></span> <span class='ocrx_word' id='word_1_44' title='bbox 786 733 857 795; x_wconf 91' lang='lat' dir='ltr'><strong>haec</strong></span> <span class='ocrx_word' id='word_1_45' title='bbox 876 732 932 794; x_wconf 91' lang='lat' dir='ltr'><strong>illis</strong></span> <span class='ocrx_word' id='word_1_46' title='bbox 950 735 1090 794; x_wconf 77' lang='lat' dir='ltr'><strong>meditata</strong></span> <span class='ocrx_word' id='word_1_47' title='bbox 1108 734 1146 793; x_wconf 89' lang='lat' dir='ltr'><strong>sit</strong></span> <span class='ocrx_word' id='word_1_48' title='bbox 1164 744 1254 805; x_wconf 87' lang='lat' dir='ltr'><strong>ratro,</strong></span> <span class='ocrx_word' id='word_1_49' title='bbox 1276 751 1333 790; x_wconf 89' lang='lat' dir='ltr'><strong>om-</strong></span> 
     </span>
     <span class='ocr_line' id='line_1_7' title="bbox 179 807 1334 902; baseline -0.01 -24"><span class='ocrx_word' id='word_1_50' title='bbox 179 885 184 898; x_wconf 45' lang='lat'><em>,</em></span> <span class='ocrx_word' id='word_1_51' title='bbox 219 816 306 878; x_wconf 87' lang='lat' dir='ltr'><strong>nibus</strong></span> <span class='ocrx_word' id='word_1_52' title='bbox 324 812 555 900; x_wconf 23' lang='lat' dir='ltr'><strong>renuntiandum*</strong></span> <span class='ocrx_word' id='word_1_53' title='bbox 570 831 641 876; x_wconf 82' lang='lat' dir='ltr'><strong>esse.</strong></span> <span class='ocrx_word' id='word_1_54' title='bbox 710 821 804 902; x_wconf 69' lang='lat' dir='ltr'><strong>tustra</strong></span> <span class='ocrx_word' id='word_1_55' title='bbox 828 809 906 900; x_wconf 73' lang='lat' dir='ltr'><strong>enim</strong></span> <span class='ocrx_word' id='word_1_56' title='bbox 930 830 962 872; x_wconf 88' lang='lat' dir='ltr'><strong>se</strong></span> <span class='ocrx_word' id='word_1_57' title='bbox 984 810 1123 902; x_wconf 73' lang='lat' dir='ltr'><strong>ingerunt</strong></span> <span class='ocrx_word' id='word_1_58' title='bbox 1140 808 1176 870; x_wconf 82' lang='lat' dir='ltr'><strong>ad</strong></span> <span class='ocrx_word' id='word_1_59' title='bbox 1198 807 1334 899; x_wconf 69' lang='lat' dir='ltr'><strong>Christis·</strong></span> 
     </span>
     <span class='ocr_line' id='line_1_8' title="bbox 219 885 1334 1046; baseline -0.012 -16"><span class='ocrx_word' id='word_1_60' title='bbox 219 885 1334 1046; x_wconf 60' lang='lat' dir='ltr'><strong>ttttttt“titt‘&#39;ttnttt,tttttt‘ttttigtfttttttttrttttt</strong></span> 
     </span>
     <span class='ocr_line' id='line_1_9' title="bbox 219 1038 1335 1126; baseline -0.013 -18"><span class='ocrx_word' id='word_1_61' title='bbox 219 1057 297 1111; x_wconf 78' lang='lat' dir='ltr'><strong>stum</strong></span> <span class='ocrx_word' id='word_1_62' title='bbox 317 1042 488 1124; x_wconf 80' lang='lat' dir='ltr'><strong>praeferunt</strong></span> <span class='ocrx_word' id='word_1_63' title='bbox 504 1053 565 1102; x_wconf 85' lang='lat' dir='ltr'><strong>tam</strong></span> <span class='ocrx_word' id='word_1_64' title='bbox 586 1041 725 1124; x_wconf 86' lang='lat' dir='ltr'><strong>propriae</strong></span> <span class='ocrx_word' id='word_1_65' title='bbox 749 1039 840 1115; x_wconf 88' lang='lat' dir='ltr'><strong>vitae,</strong></span> <span class='ocrx_word' id='word_1_66' title='bbox 911 1061 958 1101; x_wconf 88' lang='lat' dir='ltr'><strong>am</strong></span> <span class='ocrx_word' id='word_1_67' title='bbox 983 1039 1117 1100; x_wconf 89' lang='lat' dir='ltr'><strong>omnibus</strong></span> <span class='ocrx_word' id='word_1_68' title='bbox 1141 1039 1237 1099; x_wconf 83' lang='lat' dir='ltr'><strong>carnis</strong></span> <span class='ocrx_word' id='word_1_69' title='bbox 1254 1038 1335 1126; x_wconf 71' lang='lat' dir='ltr'><strong>votis,</strong></span> 
     </span>
     <span class='ocr_line' id='line_1_10' title="bbox 171 1115 1336 1198; baseline -0.011 -13"><span class='ocrx_word' id='word_1_70' title='bbox 171 1145 175 1160; x_wconf 75' lang='lat'>⁴</span> <span class='ocrx_word' id='word_1_71' title='bbox 220 1135 255 1186; x_wconf 92' lang='lat' dir='ltr'><strong>ut</strong></span> <span class='ocrx_word' id='word_1_72' title='bbox 273 1118 347 1180; x_wconf 91' lang='lat' dir='ltr'><strong>nihil</strong></span> <span class='ocrx_word' id='word_1_73' title='bbox 365 1141 381 1180; x_wconf 89' lang='lat' dir='ltr'><strong>a</strong></span> <span class='ocrx_word' id='word_1_74' title='bbox 400 1129 483 1180; x_wconf 90' lang='lat' dir='ltr'><strong>recto</strong></span> <span class='ocrx_word' id='word_1_75' title='bbox 503 1139 589 1178; x_wconf 90' lang='lat' dir='ltr'><strong>cursu</strong></span> <span class='ocrx_word' id='word_1_76' title='bbox 608 1137 659 1178; x_wconf 87' lang='lat' dir='ltr'><strong>eos</strong></span> <span class='ocrx_word' id='word_1_77' title='bbox 678 1115 827 1198; x_wconf 83' lang='lat' dir='ltr'><strong>impediat</strong></span> <span class='ocrx_word' id='word_1_78' title='bbox 903 1129 1069 1196; x_wconf 87' lang='lat' dir='ltr'><strong>raepostere</strong></span> <span class='ocrx_word' id='word_1_79' title='bbox 1088 1116 1165 1175; x_wconf 92' lang='lat' dir='ltr'><strong>enim</strong></span> <span class='ocrx_word' id='word_1_80' title='bbox 1187 1115 1294 1184; x_wconf 83' lang='lat' dir='ltr'><strong>faciet,</strong></span> <span class='ocrx_word' id='word_1_81' title='bbox 1316 1135 1336 1172; x_wconf 80' lang='grc' dir='ltr'><strong>ιι</strong></span> 
     </span>
     <span class='ocr_line' id='line_1_11' title="bbox 220 1189 1336 1284; baseline -0.009 -26"><span class='ocrx_word' id='word_1_82' title='bbox 220 1199 284 1282; x_wconf 87' lang='lat' dir='ltr'><strong>quis</strong></span> <span class='ocrx_word' id='word_1_83' title='bbox 315 1197 428 1257; x_wconf 81' lang='lat' dir='ltr'><strong>literam</strong></span> <span class='ocrx_word' id='word_1_84' title='bbox 457 1194 586 1276; x_wconf 82' lang='lat' dir='ltr'><strong>praecise</strong></span> <span class='ocrx_word' id='word_1_85' title='bbox 613 1205 729 1284; x_wconf 75' lang='lat' dir='ltr'><strong>urgeat:</strong></span> <span class='ocrx_word' id='word_1_86' title='bbox 761 1193 843 1272; x_wconf 82' lang='lat' dir='ltr'><strong>quasi</strong></span> <span class='ocrx_word' id='word_1_87' title='bbox 870 1211 959 1254; x_wconf 89' lang='lat' dir='ltr'><strong>nemo</strong></span> <span class='ocrx_word' id='word_1_88' title='bbox 985 1194 1024 1254; x_wconf 92' lang='lat' dir='ltr'><strong>sit</strong></span> <span class='ocrx_word' id='word_1_89' title='bbox 1041 1192 1152 1254; x_wconf 81' lang='lat' dir='ltr'><strong>Christi</strong></span> <span class='ocrx_word' id='word_1_90' title='bbox 1175 1189 1336 1271; x_wconf 89' lang='lat' dir='ltr'><strong>discipulus,</strong></span> 
     </span>
     <span class='ocr_line' id='line_1_12' title="bbox 219 1267 1336 1414; baseline -0.011 0"><span class='ocrx_word' id='word_1_91' title='bbox 219 1277 277 1414; x_wconf 69' lang='lat' dir='ltr'><strong>l⁵⁸³</strong></span> <span class='ocrx_word' id='word_1_92' title='bbox 297 1276 347 1410; x_wconf 63' lang='lat' dir='ltr'><strong>‘ll</strong></span> <span class='ocrx_word' id='word_1_93' title='bbox 365 1273 396 1333; x_wconf 74' lang='lat'><strong>⁵¹¹</strong></span> <span class='ocrx_word' id='word_1_94' title='bbox 415 1267 1336 1408; x_wconf 60' lang='lat' dir='ltr'><strong>tttttlt‘tt‘titttlt⁰⁵⁵¹ltbtlttttrltt‘ltt</strong></span> 
     </span>
     <span class='ocr_line' id='line_1_13' title="bbox 220 1365 1336 1512; baseline -0.014 -20"><span class='ocrx_word' id='word_1_95' title='bbox 220 1371 515 1492; x_wconf 54' lang='lat' dir='ltr'><strong>neaccelibtnirimiudircti</strong></span> <span class='ocrx_word' id='word_1_96' title='bbox 538 1436 608 1484; x_wconf 88' lang='lat' dir='ltr'><strong>sunt</strong></span> <span class='ocrx_word' id='word_1_97' title='bbox 625 1371 881 1496; x_wconf 65' lang='lat' dir='ltr'><strong>stultivbomines,</strong></span> <span class='ocrx_word' id='word_1_98' title='bbox 910 1417 945 1484; x_wconf 86' lang='lat' dir='ltr'><strong>ut</strong></span> <span class='ocrx_word' id='word_1_99' title='bbox 967 1422 1004 1486; x_wconf 87' lang='lat' dir='ltr'><strong>ad</strong></span> <span class='ocrx_word' id='word_1_100' title='bbox 1028 1365 1177 1512; x_wconf 65' lang='lat' dir='ltr'><strong>Chiistum</strong></span> <span class='ocrx_word' id='word_1_101' title='bbox 1199 1420 1336 1510; x_wconf 73' lang='lat' dir='ltr'><strong>accedere</strong></span> 
     </span>
     <span class='ocr_line' id='line_1_14' title="bbox 221 1498 1336 1580; baseline -0.011 -14"><span class='ocrx_word' id='word_1_102' title='bbox 221 1499 355 1570; x_wconf 76' lang='lat' dir='ltr'><strong>rolent&#39;es</strong></span> <span class='ocrx_word' id='word_1_103' title='bbox 374 1502 411 1562; x_wconf 86' lang='lat' dir='ltr'><strong>ab</strong></span> <span class='ocrx_word' id='word_1_104' title='bbox 435 1501 615 1562; x_wconf 74' lang='lat' dir='ltr'><strong>humanitate</strong></span> <span class='ocrx_word' id='word_1_105' title='bbox 638 1500 806 1561; x_wconf 88' lang='lat' dir='ltr'><strong>delicerent.</strong></span> <span class='ocrx_word' id='word_1_106' title='bbox 852 1498 944 1580; x_wconf 80' lang='lat' dir='ltr'><strong>Atqui</strong></span> <span class='ocrx_word' id='word_1_107' title='bbox 967 1519 1055 1560; x_wconf 88' lang='lat' dir='ltr'><strong>nemo</strong></span> <span class='ocrx_word' id='word_1_108' title='bbox 1073 1519 1169 1566; x_wconf 77' lang='lat' dir='ltr'><strong>versus</strong></span> <span class='ocrx_word' id='word_1_109' title='bbox 1191 1508 1336 1558; x_wconf 75' lang='lat' dir='ltr'><strong>renuntiat</strong></span> 
     </span>
     <span class='ocr_line' id='line_1_15' title="bbox 222 1573 1335 1668; baseline -0.011 -24"><span class='ocrx_word' id='word_1_110' title='bbox 222 1581 359 1646; x_wconf 89' lang='lat' dir='ltr'><strong>omnibus</strong></span> <span class='ocrx_word' id='word_1_111' title='bbox 378 1597 453 1659; x_wconf 90' lang='lat' dir='ltr'><strong>quae</strong></span> <span class='ocrx_word' id='word_1_112' title='bbox 470 1577 616 1661; x_wconf 80' lang='lat' dir='ltr'><strong>possidet,</strong></span> <span class='ocrx_word' id='word_1_113' title='bbox 639 1579 795 1668; x_wconf 73' lang='lat' dir='ltr'><strong>‘l¹¹²¹¹¹.q¹.¹l</strong></span> <span class='ocrx_word' id='word_1_114' title='bbox 813 1575 911 1636; x_wconf 91' lang='lat' dir='ltr'><strong>omnia</strong></span> <span class='ocrx_word' id='word_1_115' title='bbox 934 1575 1054 1656; x_wconf 85' lang='lat' dir='ltr'><strong>singulis</strong></span> <span class='ocrx_word' id='word_1_116' title='bbox 1073 1575 1229 1666; x_wconf 74' lang='lat' dir='ltr'><strong>momentis</strong></span> <span class='ocrx_word' id='word_1_117' title='bbox 1252 1573 1335 1663; x_wconf 81' lang='lat' dir='ltr'><strong>relin-</strong></span> 
     </span>
     <span class='ocr_line' id='line_1_16' title="bbox 178 1651 1335 1810; baseline -0.011 -13"><span class='ocrx_word' id='word_1_118' title='bbox 178 1701 182 1716; x_wconf 90' lang='lat'>&#39;</span> <span class='ocrx_word' id='word_1_119' title='bbox 222 1666 588 1797; x_wconf 63' lang='lat' dir='ltr'><strong>ttttttttttlttt</strong></span> <span class='ocrx_word' id='word_1_120' title='bbox 606 1673 741 1810; x_wconf 62' lang='lat' dir='ltr'><strong>{titt</strong></span> <span class='ocrx_word' id='word_1_121' title='bbox 759 1651 1335 1808; x_wconf 52' lang='lat' dir='ltr'><strong>tltrtl,ttttlttttttttlt</strong></span> 
     </span>
     <span class='ocr_line' id='line_1_17' title="bbox 219 1803 1333 1890; baseline -0.005 -22"><span class='ocrx_word' id='word_1_122' title='bbox 219 1829 288 1874; x_wconf 80' lang='lat' dir='ltr'><strong>vera</strong></span> <span class='ocrx_word' id='word_1_123' title='bbox 308 1809 480 1890; x_wconf 82' lang='lat' dir='ltr'><strong>abnegatio,</strong></span> <span class='ocrx_word' id='word_1_124' title='bbox 505 1825 590 1886; x_wconf 89' lang='lat' dir='ltr'><strong>qnam</strong></span> <span class='ocrx_word' id='word_1_125' title='bbox 609 1824 626 1865; x_wconf 82' lang='lat' dir='ltr'><strong>a</strong></span> <span class='ocrx_word' id='word_1_126' title='bbox 644 1803 703 1864; x_wconf 88' lang='lat' dir='ltr'><strong>suis</strong></span> <span class='ocrx_word' id='word_1_127' title='bbox 722 1805 845 1884; x_wconf 83' lang='lat' dir='ltr'><strong>requirit</strong></span> <span class='ocrx_word' id='word_1_128' title='bbox 864 1805 1026 1881; x_wconf 82' lang='lat' dir='ltr'><strong>Dominus,</strong></span> <span class='ocrx_word' id='word_1_129' title='bbox 1055 1825 1117 1865; x_wconf 95' lang='lat' dir='ltr'><strong>non</strong></span> <span class='ocrx_word' id='word_1_130' title='bbox 1136 1817 1194 1864; x_wconf 90' lang='lat' dir='ltr'><strong>tam</strong></span> <span class='ocrx_word' id='word_1_131' title='bbox 1213 1804 1245 1863; x_wconf 90' lang='lat' dir='ltr'><strong>iu</strong></span> <span class='ocrx_word' id='word_1_132' title='bbox 1265 1817 1333 1874; x_wconf 88' lang='lat' dir='ltr'><strong>actu,</strong></span> 
     </span>
     <span class='ocr_line' id='line_1_18' title="bbox 219 1879 1333 1972; baseline -0.003 -25"><span class='ocrx_word' id='word_1_133' title='bbox 219 1899 253 1948; x_wconf 91' lang='lat' dir='ltr'><strong>ut</strong></span> <span class='ocrx_word' id='word_1_134' title='bbox 272 1886 448 1972; x_wconf 73' lang='lat' dir='ltr'><strong>loquuntur²</strong></span> <span class='ocrx_word' id='word_1_135' title='bbox 473 1902 559 1960; x_wconf 90' lang='lat' dir='ltr'><strong>quam</strong></span> <span class='ocrx_word' id='word_1_136' title='bbox 578 1881 609 1940; x_wconf 93' lang='lat' dir='ltr'><strong>in</strong></span> <span class='ocrx_word' id='word_1_137' title='bbox 629 1879 789 1940; x_wconf 85' lang='lat' dir='ltr'><strong>allectione</strong></span> <span class='ocrx_word' id='word_1_138' title='bbox 807 1882 861 1941; x_wconf 88' lang='lat' dir='ltr'><strong>sita</strong></span> <span class='ocrx_word' id='word_1_139' title='bbox 881 1893 941 1956; x_wconf 90' lang='lat' dir='ltr'><strong>est,</strong></span> <span class='ocrx_word' id='word_1_140' title='bbox 960 1894 993 1942; x_wconf 90' lang='lat' dir='ltr'><strong>ut</strong></span> <span class='ocrx_word' id='word_1_141' title='bbox 1012 1881 1134 1963; x_wconf 89' lang='lat' dir='ltr'><strong>quisque</strong></span> <span class='ocrx_word' id='word_1_142' title='bbox 1151 1882 1183 1942; x_wconf 92' lang='lat' dir='ltr'><strong>in</strong></span> <span class='ocrx_word' id='word_1_143' title='bbox 1201 1880 1280 1941; x_wconf 91' lang='lat' dir='ltr'><strong>diem</strong></span> <span class='ocrx_word' id='word_1_144' title='bbox 1298 1880 1333 1944; x_wconf 81' lang='lat' dir='ltr'><strong>ri·</strong></span> 
     </span>
     <span class='ocr_line' id='line_1_19' title="bbox 219 1955 1219 2036; baseline -0.01 -12"><span class='ocrx_word' id='word_1_145' title='bbox 219 1981 290 2027; x_wconf 85' lang='lat' dir='ltr'><strong>vens</strong></span> <span class='ocrx_word' id='word_1_146' title='bbox 309 1979 371 2020; x_wconf 89' lang='lat' dir='ltr'><strong>uon</strong></span> <span class='ocrx_word' id='word_1_147' title='bbox 390 1969 518 2018; x_wconf 79' lang='lat' dir='ltr'><strong>retineat</strong></span> <span class='ocrx_word' id='word_1_148' title='bbox 536 1955 636 2031; x_wconf 88' lang='lat' dir='ltr'><strong>corde,</strong></span> <span class='ocrx_word' id='word_1_149' title='bbox 655 1955 735 2036; x_wconf 91' lang='lat' dir='ltr'><strong>quod</strong></span> <span class='ocrx_word' id='word_1_150' title='bbox 753 1975 841 2016; x_wconf 87' lang='lat' dir='ltr'><strong>manu</strong></span> <span class='ocrx_word' id='word_1_151' title='bbox 882 1956 1016 2018; x_wconf 82' lang='lat' dir='ltr'><strong>ubernat</strong></span> <span class='ocrx_word' id='word_1_152' title='bbox 1159 2019 1165 2026; x_wconf 68' lang='grc'>,</span> <span class='ocrx_word' id='word_1_153' title='bbox 1216 2007 1219 2014; x_wconf 94' lang='grc'><em>.</em></span> 
     </span>
     <span class='ocr_line' id='line_1_20' title="bbox 298 2033 1332 2117; baseline -0.002 -23"><span class='ocrx_word' id='word_1_154' title='bbox 298 2034 460 2108; x_wconf 73' lang='grc' dir='ltr'>Μιιιιι.4θ.</span> <span class='ocrx_word' id='word_1_155' title='bbox 497 2033 665 2117; x_wconf 75' lang='lat' dir='ltr'><strong>Qnimcipir</strong></span> <span class='ocrx_word' id='word_1_156' title='bbox 682 2053 732 2092; x_wconf 79' lang='lat' dir='ltr'><strong>voa</strong></span> <span class='ocrx_word' id='word_1_157' title='bbox 749 2037 919 2110; x_wconf 72' lang='lat' dir='ltr'><strong>omrerrpir.</strong></span> <span class='ocrx_word' id='word_1_158' title='bbox 957 2034 1057 2095; x_wconf 82' lang='lat' dir='ltr'><strong>Altera</strong></span> <span class='ocrx_word' id='word_1_159' title='bbox 1069 2033 1231 2096; x_wconf 90' lang='lat' dir='ltr'><strong>consolatio</strong></span> <span class='ocrx_word' id='word_1_160' title='bbox 1261 2033 1332 2114; x_wconf 92' lang='lat' dir='ltr'><strong>quod</strong></span> 
     </span>
     <span class='ocr_line' id='line_1_21' title="bbox 219 2077 1333 2192; baseline -0.007 -16"><span class='ocrx_word' id='word_1_161' title='bbox 219 2113 337 2180; x_wconf 86' lang='lat' dir='ltr'><strong>tametsi</strong></span> <span class='ocrx_word' id='word_1_162' title='bbox 361 2111 440 2172; x_wconf 86' lang='lat' dir='ltr'><strong>bona</strong></span> <span class='ocrx_word' id='word_1_163' title='bbox 484 2133 529 2172; x_wconf 86' lang='lat' dir='ltr'><strong>ars</strong></span> <span class='ocrx_word' id='word_1_164' title='bbox 553 2110 656 2170; x_wconf 92' lang='lat' dir='ltr'><strong>mundi</strong></span> <span class='ocrx_word' id='word_1_165' title='bbox 683 2109 797 2170; x_wconf 87' lang='lat' dir='ltr'><strong>iulensa</strong></span> <span class='ocrx_word' id='word_1_166' title='bbox 823 2112 862 2170; x_wconf 90' lang='lat' dir='ltr'><strong>sit</strong></span> <span class='ocrx_word' id='word_1_167' title='bbox 884 2109 994 2173; x_wconf 81' lang='lat' dir='ltr'><strong>Christi</strong></span> <span class='ocrx_word' id='word_1_168' title='bbox 1019 2111 1178 2192; x_wconf 83' lang='lat' dir='ltr'><strong>discipulis,</strong></span> <span class='ocrx_word' id='word_1_169' title='bbox 1207 2077 1333 2192; x_wconf 86' lang='lat' dir='ltr'><strong>adeoque</strong></span> 
     </span>
     <span class='ocr_line' id='line_1_22' title="bbox 220 2132 1332 2267; baseline -0.006 -14"><span class='ocrx_word' id='word_1_170' title='bbox 220 2192 290 2254; x_wconf 84' lang='lat' dir='ltr'><strong>fidei</strong></span> <span class='ocrx_word' id='word_1_171' title='bbox 308 2209 376 2252; x_wconf 89' lang='lat' dir='ltr'><strong>snae</strong></span> <span class='ocrx_word' id='word_1_172' title='bbox 396 2132 581 2250; x_wconf 59' lang='lat' dir='ltr'><strong>comissione</strong></span> <span class='ocrx_word' id='word_1_173' title='bbox 601 2187 731 2248; x_wconf 89' lang='lat' dir='ltr'><strong>omnium</strong></span> <span class='ocrx_word' id='word_1_174' title='bbox 750 2187 782 2245; x_wconf 90' lang='lat' dir='ltr'><strong>in</strong></span> <span class='ocrx_word' id='word_1_175' title='bbox 801 2207 833 2247; x_wconf 86' lang='lat' dir='ltr'><strong>se</strong></span> <span class='ocrx_word' id='word_1_176' title='bbox 853 2187 920 2248; x_wconf 88' lang='lat' dir='ltr'><strong>odia</strong></span> <span class='ocrx_word' id='word_1_177' title='bbox 938 2200 1112 2267; x_wconf 86' lang='lat' dir='ltr'><strong>provocent,</strong></span> <span class='ocrx_word' id='word_1_178' title='bbox 1130 2187 1275 2248; x_wconf 85' lang='lat' dir='ltr'><strong>Dominus</strong></span> <span class='ocrx_word' id='word_1_179' title='bbox 1295 2201 1332 2246; x_wconf 88' lang='lat' dir='ltr'><strong>ta-</strong></span> 
     </span>
    </p>
   </div>
   <div class='ocr_carea' id='block_1_3' title="bbox 220 2262 1332 2404">
    <p class='ocr_par' dir='ltr' id='par_1_3' title="bbox 220 2262 1332 2404">
     <span class='ocr_line' id='line_1_23' title="bbox 220 2262 1332 2404; baseline -0.007 -72"><span class='ocrx_word' id='word_1_180' title='bbox 220 2289 301 2346; x_wconf 89' lang='lat' dir='ltr'><strong>men,</strong></span> <span class='ocrx_word' id='word_1_181' title='bbox 318 2279 353 2327; x_wconf 92' lang='lat' dir='ltr'><strong>ut</strong></span> <span class='ocrx_word' id='word_1_182' title='bbox 357 2287 458 2404; x_wconf 61' lang='lat' dir='ltr'><strong>tqppm</strong></span> <span class='ocrx_word' id='word_1_183' title='bbox 477 2263 618 2347; x_wconf 90' lang='lat' dir='ltr'><strong>plurimos</strong></span> <span class='ocrx_word' id='word_1_184' title='bbox 637 2264 672 2324; x_wconf 87' lang='lat' dir='ltr'><strong>ad</strong></span> <span class='ocrx_word' id='word_1_185' title='bbox 693 2262 927 2336; x_wconf 85' lang='lat' dir='ltr'><strong>benevolentiam</strong></span> <span class='ocrx_word' id='word_1_186' title='bbox 947 2262 1001 2325; x_wconf 87' lang='lat' dir='ltr'><strong>illis</strong></span> <span class='ocrx_word' id='word_1_187' title='bbox 1019 2264 1220 2344; x_wconf 89' lang='lat' dir='ltr'><strong>praestandam</strong></span> <span class='ocrx_word' id='word_1_188' title='bbox 1228 2265 1332 2336; x_wconf 84' lang='lat' dir='ltr'><strong>invitet,</strong></span> 
     </span>
    </p>
   </div>
   <div class='ocr_carea' id='block_1_4' title="bbox 103 2340 1363 4413">
    <p class='ocr_par' dir='ltr' id='par_1_4' title="bbox 103 2340 1363 4413">
     <span class='ocr_line' id='line_1_24' title="bbox 221 2340 1331 2422; baseline -0.007 -14"><span class='ocrx_word' id='word_1_189' title='bbox 221 2347 341 2408; x_wconf 79' lang='lat' dir='ltr'><strong>in‘suas</strong></span> <span class='ocrx_word' id='word_1_190' title='bbox 430 2343 469 2403; x_wconf 86' lang='lat' dir='ltr'><strong>las</strong></span> <span class='ocrx_word' id='word_1_191' title='bbox 488 2354 640 2422; x_wconf 89' lang='lat' dir='ltr'><strong>acceptum</strong></span> <span class='ocrx_word' id='word_1_192' title='bbox 662 2340 738 2400; x_wconf 89' lang='lat' dir='ltr'><strong>lerre</strong></span> <span class='ocrx_word' id='word_1_193' title='bbox 758 2361 819 2400; x_wconf 92' lang='lat' dir='ltr'><strong>non</strong></span> <span class='ocrx_word' id='word_1_194' title='bbox 839 2353 985 2422; x_wconf 85' lang='lat' dir='ltr'><strong>gravatur,</strong></span> <span class='ocrx_word' id='word_1_195' title='bbox 1010 2341 1148 2422; x_wconf 88' lang='lat' dir='ltr'><strong>quicquid</strong></span> <span class='ocrx_word' id='word_1_196' title='bbox 1168 2340 1225 2402; x_wconf 91' lang='lat' dir='ltr'><strong>illis</strong></span> <span class='ocrx_word' id='word_1_197' title='bbox 1243 2342 1331 2402; x_wconf 88' lang='lat' dir='ltr'><strong>datun</strong></span> 
     </span>
     <span class='ocr_line' id='line_1_25' title="bbox 220 2417 1331 2513; baseline -0.008 -29"><span class='ocrx_word' id='word_1_198' title='bbox 220 2423 321 2484; x_wconf 81' lang='lat' dir='ltr'><strong>luerit</strong></span> <span class='ocrx_word' id='word_1_199' title='bbox 359 2419 435 2481; x_wconf 84' lang='lat' dir='ltr'><strong>Nam</strong></span> <span class='ocrx_word' id='word_1_200' title='bbox 452 2420 524 2479; x_wconf 87' lang='lat' dir='ltr'><strong>inde</strong></span> <span class='ocrx_word' id='word_1_201' title='bbox 541 2431 672 2513; x_wconf 88' lang='lat' dir='ltr'><strong>apparet,</strong></span> <span class='ocrx_word' id='word_1_202' title='bbox 691 2439 777 2497; x_wconf 83' lang='lat' dir='ltr'><strong>qnam</strong></span> <span class='ocrx_word' id='word_1_203' title='bbox 796 2437 878 2478; x_wconf 87' lang='lat' dir='ltr'><strong>caros</strong></span> <span class='ocrx_word' id='word_1_204' title='bbox 897 2417 1034 2492; x_wconf 85' lang='lat' dir='ltr'><strong>habebat,</strong></span> <span class='ocrx_word' id='word_1_205' title='bbox 1053 2418 1123 2478; x_wconf 91' lang='lat' dir='ltr'><strong>dum</strong></span> <span class='ocrx_word' id='word_1_206' title='bbox 1135 2417 1191 2478; x_wconf 88' lang='lat' dir='ltr'><strong>sibi</strong></span> <span class='ocrx_word' id='word_1_207' title='bbox 1207 2418 1331 2498; x_wconf 88' lang='lat' dir='ltr'><strong>imputari</strong></span> 
     </span>
     <span class='ocr_line' id='line_1_26' title="bbox 242 2494 1330 2590; baseline -0.008 -29"><span class='ocrx_word' id='word_1_208' title='bbox 242 2501 352 2574; x_wconf 86' lang='lat' dir='ltr'><strong>atitur,</strong></span> <span class='ocrx_word' id='word_1_209' title='bbox 368 2516 560 2590; x_wconf 88' lang='lat' dir='ltr'><strong>quaecunque</strong></span> <span class='ocrx_word' id='word_1_210' title='bbox 579 2495 636 2556; x_wconf 82' lang='lat' dir='ltr'><strong>illis</strong></span> <span class='ocrx_word' id='word_1_211' title='bbox 655 2495 793 2576; x_wconf 90' lang='lat' dir='ltr'><strong>praestita</strong></span> <span class='ocrx_word' id='word_1_212' title='bbox 811 2494 921 2574; x_wconf 72' lang='lat' dir='ltr'><strong>suerint</strong></span> <span class='ocrx_word' id='word_1_213' title='bbox 939 2495 1043 2556; x_wconf 83' lang='lat' dir='ltr'><strong>officia.</strong></span> <span class='ocrx_word' id='word_1_214' title='bbox 1085 2494 1181 2554; x_wconf 86' lang='lat' dir='ltr'><strong>Porro</strong></span> <span class='ocrx_word' id='word_1_215' title='bbox 1201 2517 1263 2556; x_wconf 94' lang='lat' dir='ltr'><strong>non</strong></span> <span class='ocrx_word' id='word_1_216' title='bbox 1281 2507 1330 2553; x_wconf 89' lang='lat' dir='ltr'><strong>tam</strong></span> 
     </span>
     <span class='ocr_line' id='line_1_27' title="bbox 220 2521 1330 2653; baseline -0.007 -15"><span class='ocrx_word' id='word_1_217' title='bbox 220 2521 259 2638; x_wconf 74' lang='lat' dir='ltr'><strong>de</strong></span> <span class='ocrx_word' id='word_1_218' title='bbox 279 2586 452 2653; x_wconf 76' lang='lat' dir='ltr'><strong>receptione</strong></span> <span class='ocrx_word' id='word_1_219' title='bbox 472 2573 626 2633; x_wconf 88' lang='lat' dir='ltr'><strong>doctrinae</strong></span> <span class='ocrx_word' id='word_1_220' title='bbox 644 2570 901 2651; x_wconf 84' lang='lat' dir='ltr'><strong>qnamhominnm</strong></span> <span class='ocrx_word' id='word_1_221' title='bbox 920 2572 1058 2652; x_wconf 89' lang='lat' dir='ltr'><strong>loquitur.</strong></span> <span class='ocrx_word' id='word_1_222' title='bbox 1097 2571 1205 2632; x_wconf 85' lang='lat' dir='ltr'><strong>Fateor</strong></span> <span class='ocrx_word' id='word_1_223' title='bbox 1225 2573 1330 2652; x_wconf 91' lang='lat' dir='ltr'><strong>quiden</strong></span> 
     </span>
     <span class='ocr_line' id='line_1_28' title="bbox 220 2629 1363 2730; baseline -0.006 -18"><span class='ocrx_word' id='word_1_224' title='bbox 220 2653 279 2712; x_wconf 90' lang='lat' dir='ltr'><strong>hoc</strong></span> <span class='ocrx_word' id='word_1_225' title='bbox 297 2649 443 2730; x_wconf 82' lang='lat' dir='ltr'><strong>posterius</strong></span> <span class='ocrx_word' id='word_1_226' title='bbox 462 2647 498 2708; x_wconf 78' lang='lat' dir='ltr'><strong>ab</strong></span> <span class='ocrx_word' id='word_1_227' title='bbox 523 2646 576 2708; x_wconf 89' lang='lat' dir='ltr'><strong>illo</strong></span> <span class='ocrx_word' id='word_1_228' title='bbox 599 2647 746 2728; x_wconf 86' lang='lat' dir='ltr'><strong>pendere,</strong></span> <span class='ocrx_word' id='word_1_229' title='bbox 774 2647 827 2708; x_wconf 91' lang='lat' dir='ltr'><strong>scd</strong></span> <span class='ocrx_word' id='word_1_230' title='bbox 850 2647 1002 2708; x_wconf 86' lang='lat' dir='ltr'><strong>consilium</strong></span> <span class='ocrx_word' id='word_1_231' title='bbox 1021 2647 1132 2709; x_wconf 85' lang='lat' dir='ltr'><strong>Christi</strong></span> <span class='ocrx_word' id='word_1_232' title='bbox 1154 2649 1330 2728; x_wconf 88' lang='lat' dir='ltr'><strong>spectandum</strong></span> <span class='ocrx_word' id='word_1_233' title='bbox 1360 2629 1363 2722; x_wconf 79' lang='lat' dir='ltr'><strong>l</strong></span> 
     </span>
     <span class='ocr_line' id='line_1_29' title="bbox 220 2721 1331 2806; baseline -0.004 -20"><span class='ocrx_word' id='word_1_234' title='bbox 220 2739 280 2786; x_wconf 88' lang='lat' dir='ltr'><strong>est:</strong></span> <span class='ocrx_word' id='word_1_235' title='bbox 307 2745 373 2784; x_wconf 89' lang='lat' dir='ltr'><strong>nam</strong></span> <span class='ocrx_word' id='word_1_236' title='bbox 394 2723 474 2801; x_wconf 91' lang='lat' dir='ltr'><strong>quod</strong></span> <span class='ocrx_word' id='word_1_237' title='bbox 496 2721 688 2786; x_wconf 85' lang='lat' dir='ltr'><strong>sublevandae</strong></span> <span class='ocrx_word' id='word_1_238' title='bbox 709 2742 810 2784; x_wconf 90' lang='lat' dir='ltr'><strong>eorum</strong></span> <span class='ocrx_word' id='word_1_239' title='bbox 833 2724 993 2784; x_wconf 87' lang='lat' dir='ltr'><strong>infirmitati</strong></span> <span class='ocrx_word' id='word_1_240' title='bbox 1015 2723 1137 2791; x_wconf 81' lang='lat' dir='ltr'><strong>maxime</strong></span> <span class='ocrx_word' id='word_1_241' title='bbox 1161 2737 1260 2806; x_wconf 92' lang='lat' dir='ltr'><strong>aptum</strong></span> <span class='ocrx_word' id='word_1_242' title='bbox 1280 2743 1331 2785; x_wconf 85' lang='lat' dir='ltr'><strong>esse</strong></span> 
     </span>
     <span class='ocr_line' id='line_1_30' title="bbox 219 2797 1360 2884; baseline -0.004 -22"><span class='ocrx_word' id='word_1_243' title='bbox 219 2800 349 2875; x_wconf 83' lang='lat' dir='ltr'><strong>videbat,</strong></span> <span class='ocrx_word' id='word_1_244' title='bbox 368 2800 468 2860; x_wconf 89' lang='lat' dir='ltr'><strong>testari</strong></span> <span class='ocrx_word' id='word_1_245' title='bbox 486 2797 596 2872; x_wconf 85' lang='lat' dir='ltr'><strong>voluit,</strong></span> <span class='ocrx_word' id='word_1_246' title='bbox 615 2799 639 2858; x_wconf 90' lang='lat' dir='ltr'><strong>si</strong></span> <span class='ocrx_word' id='word_1_247' title='bbox 658 2800 722 2878; x_wconf 92' lang='lat' dir='ltr'><strong>quis</strong></span> <span class='ocrx_word' id='word_1_248' title='bbox 741 2819 792 2860; x_wconf 91' lang='lat' dir='ltr'><strong>eos</strong></span> <span class='ocrx_word' id='word_1_249' title='bbox 812 2800 978 2860; x_wconf 83' lang='lat' dir='ltr'><strong>humaniter</strong></span> <span class='ocrx_word' id='word_1_250' title='bbox 995 2801 1140 2880; x_wconf 85' lang='lat' dir='ltr'><strong>acciperet</strong></span> <span class='ocrx_word' id='word_1_251' title='bbox 1159 2822 1193 2860; x_wconf 90' lang='lat' dir='ltr'><strong>ac</strong></span> <span class='ocrx_word' id='word_1_252' title='bbox 1214 2800 1330 2884; x_wconf 85' lang='lat' dir='ltr'><strong>benigne</strong></span> <span class='ocrx_word' id='word_1_253' title='bbox 1358 2833 1360 2876; x_wconf 75' lang='lat'><em>5</em></span> 
     </span>
     <span class='ocr_line' id='line_1_31' title="bbox 220 2873 1330 2958; baseline -0.002 -20"><span class='ocrx_word' id='word_1_254' title='bbox 220 2877 342 2951; x_wconf 84' lang='lat' dir='ltr'><strong>iuraret,</strong></span> <span class='ocrx_word' id='word_1_255' title='bbox 362 2875 485 2956; x_wconf 90' lang='lat' dir='ltr'><strong>perinde</strong></span> <span class='ocrx_word' id='word_1_256' title='bbox 503 2873 560 2934; x_wconf 89' lang='lat' dir='ltr'><strong>sibi</strong></span> <span class='ocrx_word' id='word_1_257' title='bbox 579 2885 694 2958; x_wconf 81' lang='lat' dir='ltr'><strong>gratum</strong></span> <span class='ocrx_word' id='word_1_258' title='bbox 706 2875 772 2935; x_wconf 83' lang='lat' dir='ltr'><strong>lore</strong></span> <span class='ocrx_word' id='word_1_259' title='bbox 785 2876 926 2953; x_wconf 84' lang='lat' dir='ltr'><strong>officium,</strong></span> <span class='ocrx_word' id='word_1_260' title='bbox 946 2877 1004 2938; x_wconf 87' lang='lat' dir='ltr'><strong>acsi</strong></span> <span class='ocrx_word' id='word_1_261' title='bbox 1023 2877 1185 2940; x_wconf 82' lang='lat' dir='ltr'><strong>liberaliter</strong></span> <span class='ocrx_word' id='word_1_262' title='bbox 1201 2889 1330 2938; x_wconf 82' lang='lat' dir='ltr'><strong>tractatus</strong></span> 
     </span>
     <span class='ocr_line' id='line_1_32' title="bbox 221 2951 1349 3034; baseline -0.004 -17"><span class='ocrx_word' id='word_1_263' title='bbox 221 2966 299 3016; x_wconf 86' lang='lat' dir='ltr'><strong>esset</strong></span> <span class='ocrx_word' id='word_1_264' title='bbox 317 2951 349 3014; x_wconf 91' lang='lat' dir='ltr'><strong>in</strong></span> <span class='ocrx_word' id='word_1_265' title='bbox 367 2971 471 3013; x_wconf 88' lang='lat' dir='ltr'><strong>eorum</strong></span> <span class='ocrx_word' id='word_1_266' title='bbox 492 2971 631 3032; x_wconf 85' lang='lat' dir='ltr'><strong>persona:</strong></span> <span class='ocrx_word' id='word_1_267' title='bbox 647 2971 755 3032; x_wconf 86' lang='lat' dir='ltr'><strong>neque</strong></span> <span class='ocrx_word' id='word_1_268' title='bbox 780 2951 810 3013; x_wconf 93' lang='lat' dir='ltr'><strong>id</strong></span> <span class='ocrx_word' id='word_1_269' title='bbox 835 2954 943 3030; x_wconf 86' lang='lat' dir='ltr'><strong>modo,</strong></span> <span class='ocrx_word' id='word_1_270' title='bbox 965 2953 1017 3016; x_wconf 89' lang='lat' dir='ltr'><strong>sed</strong></span> <span class='ocrx_word' id='word_1_271' title='bbox 1036 2953 1102 3014; x_wconf 90' lang='lat' dir='ltr'><strong>Deo</strong></span> <span class='ocrx_word' id='word_1_272' title='bbox 1121 2973 1243 3034; x_wconf 90' lang='lat' dir='ltr'><strong>quoque</strong></span> <span class='ocrx_word' id='word_1_273' title='bbox 1261 2953 1349 3014; x_wconf 86' lang='lat' dir='ltr'><strong>Patri·</strong></span> 
     </span>
     <span class='ocr_line' id='line_1_33' title="bbox 220 3018 1351 3094; baseline -0.004 -2"><span class='ocrx_word' id='word_1_274' title='bbox 220 3029 296 3094; x_wconf 92' lang='lat' dir='ltr'><strong>boni</strong></span> <span class='ocrx_word' id='word_1_275' title='bbox 315 3027 416 3091; x_wconf 86' lang='lat' dir='ltr'><strong>odoris</strong></span> <span class='ocrx_word' id='word_1_276' title='bbox 436 3028 540 3090; x_wconf 87' lang='lat' dir='ltr'><strong>ollerri</strong></span> <span class='ocrx_word' id='word_1_277' title='bbox 558 3027 738 3088; x_wconf 87' lang='lat' dir='ltr'><strong>sacrificium.</strong></span> <span class='ocrx_word' id='word_1_278' title='bbox 1343 3018 1351 3069; x_wconf 78' lang='lat' dir='ltr'><strong>l</strong></span> 
     </span>
     <span class='ocr_line' id='line_1_34' title="bbox 175 3100 1352 3193; baseline -0.001 -24"><span class='ocrx_word' id='word_1_279' title='bbox 175 3117 179 3126; x_wconf 89' lang='lat'>&#39;</span> <span class='ocrx_word' id='word_1_280' title='bbox 295 3111 344 3171; x_wconf 77' lang='lat'><strong>41.</strong></span> <span class='ocrx_word' id='word_1_281' title='bbox 386 3103 445 3187; x_wconf 78' lang='lat' dir='ltr'><strong>Qui</strong></span> <span class='ocrx_word' id='word_1_282' title='bbox 461 3105 562 3179; x_wconf 72' lang='lat' dir='ltr'><strong>recipit</strong></span> <span class='ocrx_word' id='word_1_283' title='bbox 574 3100 747 3180; x_wconf 77' lang='lat' dir='ltr'><strong>prophetam</strong></span> <span class='ocrx_word' id='word_1_284' title='bbox 763 3119 814 3166; x_wconf 80' lang='lat' dir='ltr'><strong>etc.</strong></span> <span class='ocrx_word' id='word_1_285' title='bbox 858 3105 967 3189; x_wconf 86' lang='lat' dir='ltr'><strong>Incipit</strong></span> <span class='ocrx_word' id='word_1_286' title='bbox 991 3105 1107 3190; x_wconf 88' lang='lat' dir='ltr'><strong>quidem</strong></span> <span class='ocrx_word' id='word_1_287' title='bbox 1132 3127 1149 3171; x_wconf 77' lang='lat' dir='ltr'><strong>a</strong></span> <span class='ocrx_word' id='word_1_288' title='bbox 1173 3107 1352 3193; x_wconf 67' lang='lat' dir='ltr'><strong>Prophetisl</strong></span> 
     </span>
     <span class='ocr_line' id='line_1_35' title="bbox 218 3179 1354 3278; baseline -0.001 -35"><span class='ocrx_word' id='word_1_289' title='bbox 218 3183 272 3243; x_wconf 88' lang='lat' dir='ltr'><strong>sed</strong></span> <span class='ocrx_word' id='word_1_290' title='bbox 291 3180 410 3242; x_wconf 88' lang='lat' dir='ltr'><strong>tandem</strong></span> <span class='ocrx_word' id='word_1_291' title='bbox 431 3181 468 3242; x_wconf 89' lang='lat' dir='ltr'><strong>ad</strong></span> <span class='ocrx_word' id='word_1_292' title='bbox 487 3179 617 3241; x_wconf 88' lang='lat' dir='ltr'><strong>infimum</strong></span> <span class='ocrx_word' id='word_1_293' title='bbox 635 3181 759 3264; x_wconf 84' lang='lat' dir='ltr'><strong>gradum</strong></span> <span class='ocrx_word' id='word_1_294' title='bbox 780 3183 957 3252; x_wconf 86' lang='lat' dir='ltr'><strong>descendens</strong></span> <span class='ocrx_word' id='word_1_295' title='bbox 976 3205 1044 3245; x_wconf 90' lang='lat' dir='ltr'><strong>snos</strong></span> <span class='ocrx_word' id='word_1_296' title='bbox 1064 3203 1164 3244; x_wconf 89' lang='lat' dir='ltr'><strong>omnes</strong></span> <span class='ocrx_word' id='word_1_297' title='bbox 1185 3183 1354 3278; x_wconf 54' lang='lat' dir='ltr'><strong>discipulos!</strong></span> 
     </span>
     <span class='ocr_line' id='line_1_36' title="bbox 138 3255 1328 3349; baseline 0.003 -34"><span class='ocrx_word' id='word_1_298' title='bbox 138 3273 146 3294; x_wconf 86' lang='lat'><strong>·</strong></span> <span class='ocrx_word' id='word_1_299' title='bbox 219 3256 435 3349; x_wconf 73' lang='lat' dir='ltr'><strong>complectitur.</strong></span> <span class='ocrx_word' id='word_1_300' title='bbox 479 3255 559 3338; x_wconf 83' lang='lat' dir='ltr'><strong>Ergo</strong></span> <span class='ocrx_word' id='word_1_301' title='bbox 582 3259 646 3318; x_wconf 89' lang='lat' dir='ltr'><strong>sine</strong></span> <span class='ocrx_word' id='word_1_302' title='bbox 672 3259 843 3338; x_wconf 79' lang='lat' dir='ltr'><strong>exceptione</strong></span> <span class='ocrx_word' id='word_1_303' title='bbox 861 3281 946 3322; x_wconf 85' lang='lat' dir='ltr'><strong>veros</strong></span> <span class='ocrx_word' id='word_1_304' title='bbox 965 3259 1023 3336; x_wconf 83' lang='lat' dir='ltr'><strong>Dei</strong></span> <span class='ocrx_word' id='word_1_305' title='bbox 1046 3259 1174 3340; x_wconf 77' lang='lat' dir='ltr'><strong>cultores</strong></span> <span class='ocrx_word' id='word_1_306' title='bbox 1197 3272 1229 3320; x_wconf 91' lang='lat' dir='ltr'><strong>et</strong></span> <span class='ocrx_word' id='word_1_307' title='bbox 1247 3261 1328 3321; x_wconf 82' lang='lat' dir='ltr'><strong>bran·</strong></span> 
     </span>
     <span class='ocr_line' id='line_1_37' title="bbox 221 3331 1329 3416; baseline 0.003 -22"><span class='ocrx_word' id='word_1_308' title='bbox 221 3331 291 3416; x_wconf 82' lang='lat' dir='ltr'><strong>gelir</strong></span> <span class='ocrx_word' id='word_1_309' title='bbox 308 3332 456 3392; x_wconf 87' lang='lat' dir='ltr'><strong>studiosos</strong></span> <span class='ocrx_word' id='word_1_310' title='bbox 476 3334 669 3395; x_wconf 80' lang='lat' dir='ltr'><strong>commendat</strong></span> <span class='ocrx_word' id='word_1_311' title='bbox 712 3334 853 3412; x_wconf 66' lang='lat' dir='ltr'><strong>Recipere</strong></span> <span class='ocrx_word' id='word_1_312' title='bbox 876 3348 973 3396; x_wconf 86' lang='lat' dir='ltr'><strong>autem</strong></span> <span class='ocrx_word' id='word_1_313' title='bbox 996 3338 1029 3395; x_wconf 83' lang='lat' dir='ltr'><strong>r&#39;rr</strong></span> <span class='ocrx_word' id='word_1_314' title='bbox 1049 3340 1163 3396; x_wconf 68' lang='lat' dir='ltr'><strong>contine</strong></span> <span class='ocrx_word' id='word_1_315' title='bbox 1179 3335 1329 3412; x_wconf 68' lang='lat' dir='ltr'><strong>Paaptaa</strong></span> 
     </span>
     <span class='ocr_line' id='line_1_38' title="bbox 219 3409 1328 3490; baseline 0.001 -19"><span class='ocrx_word' id='word_1_316' title='bbox 219 3423 247 3471; x_wconf 82' lang='lat' dir='ltr'><strong>et</strong></span> <span class='ocrx_word' id='word_1_317' title='bbox 263 3412 342 3486; x_wconf 70' lang='lat' dir='ltr'><strong>tusa,</strong></span> <span class='ocrx_word' id='word_1_318' title='bbox 360 3410 534 3470; x_wconf 87' lang='lat' dir='ltr'><strong>tantundem</strong></span> <span class='ocrx_word' id='word_1_319' title='bbox 552 3409 630 3471; x_wconf 85' lang='lat' dir='ltr'><strong>valet</strong></span> <span class='ocrx_word' id='word_1_320' title='bbox 647 3423 735 3490; x_wconf 89' lang='lat' dir='ltr'><strong>atque</strong></span> <span class='ocrx_word' id='word_1_321' title='bbox 753 3412 809 3473; x_wconf 90' lang='lat' dir='ltr'><strong>illis</strong></span> <span class='ocrx_word' id='word_1_322' title='bbox 829 3413 1004 3474; x_wconf 74' lang='lat' dir='ltr'><strong>benefacere</strong></span> <span class='ocrx_word' id='word_1_323' title='bbox 1022 3413 1054 3472; x_wconf 93' lang='lat' dir='ltr'><strong>in</strong></span> <span class='ocrx_word' id='word_1_324' title='bbox 1073 3413 1226 3474; x_wconf 89' lang='lat' dir='ltr'><strong>doctrinae</strong></span> <span class='ocrx_word' id='word_1_325' title='bbox 1246 3415 1328 3475; x_wconf 91' lang='lat' dir='ltr'><strong>hono·</strong></span> 
     </span>
     <span class='ocr_line' id='line_1_39' title="bbox 220 3484 1329 3572; baseline 0 -24"><span class='ocrx_word' id='word_1_326' title='bbox 220 3508 284 3548; x_wconf 87' lang='lat' dir='ltr'><strong>rem</strong></span> <span class='ocrx_word' id='word_1_327' title='bbox 308 3498 339 3546; x_wconf 91' lang='lat' dir='ltr'><strong>et</strong></span> <span class='ocrx_word' id='word_1_328' title='bbox 361 3484 475 3564; x_wconf 89' lang='lat' dir='ltr'><strong>pietatis</strong></span> <span class='ocrx_word' id='word_1_329' title='bbox 500 3499 646 3567; x_wconf 83' lang='lat' dir='ltr'><strong>respectu.</strong></span> <span class='ocrx_word' id='word_1_330' title='bbox 695 3489 824 3550; x_wconf 86' lang='lat' dir='ltr'><strong>Tametsi</strong></span> <span class='ocrx_word' id='word_1_331' title='bbox 847 3491 926 3548; x_wconf 90' lang='lat' dir='ltr'><strong>enim</strong></span> <span class='ocrx_word' id='word_1_332' title='bbox 948 3499 1044 3549; x_wconf 90' lang='lat' dir='ltr'><strong>totum</strong></span> <span class='ocrx_word' id='word_1_333' title='bbox 1066 3509 1158 3572; x_wconf 81' lang='lat' dir='ltr'><strong>genus</strong></span> <span class='ocrx_word' id='word_1_334' title='bbox 1184 3489 1329 3551; x_wconf 84' lang='lat' dir='ltr'><strong>humanum</strong></span> 
     </span>
     <span class='ocr_line' id='line_1_40' title="bbox 220 3560 1330 3644; baseline -0.004 -18"><span class='ocrx_word' id='word_1_335' title='bbox 220 3563 347 3626; x_wconf 86' lang='lat' dir='ltr'><strong>caritatis</strong></span> <span class='ocrx_word' id='word_1_336' title='bbox 372 3560 477 3624; x_wconf 83' lang='lat' dir='ltr'><strong>officiis</strong></span> <span class='ocrx_word' id='word_1_337' title='bbox 501 3565 640 3644; x_wconf 87' lang='lat' dir='ltr'><strong>prosequi</strong></span> <span class='ocrx_word' id='word_1_338' title='bbox 663 3585 718 3626; x_wconf 88' lang='lat' dir='ltr'><strong>nos</strong></span> <span class='ocrx_word' id='word_1_339' title='bbox 737 3565 819 3625; x_wconf 87' lang='lat' dir='ltr'><strong>Deus</strong></span> <span class='ocrx_word' id='word_1_340' title='bbox 842 3566 940 3640; x_wconf 90' lang='lat' dir='ltr'><strong>iubet,</strong></span> <span class='ocrx_word' id='word_1_341' title='bbox 965 3565 1079 3635; x_wconf 80' lang='lat' dir='ltr'><strong>me‘rito</strong></span> <span class='ocrx_word' id='word_1_342' title='bbox 1095 3577 1194 3625; x_wconf 89' lang='lat' dir='ltr'><strong>tamen</strong></span> <span class='ocrx_word' id='word_1_343' title='bbox 1219 3587 1285 3627; x_wconf 90' lang='lat' dir='ltr'><strong>snos</strong></span> <span class='ocrx_word' id='word_1_344' title='bbox 1306 3568 1330 3623; x_wconf 93' lang='lat' dir='ltr'><strong>in</strong></span> 
     </span>
     <span class='ocr_line' id='line_1_41' title="bbox 222 3639 1330 3723; baseline -0.003 -21"><span class='ocrx_word' id='word_1_345' title='bbox 222 3641 404 3723; x_wconf 88' lang='lat' dir='ltr'><strong>superiorem</strong></span> <span class='ocrx_word' id='word_1_346' title='bbox 423 3639 546 3718; x_wconf 84' lang='lat' dir='ltr'><strong>gradum</strong></span> <span class='ocrx_word' id='word_1_347' title='bbox 565 3639 688 3716; x_wconf 90' lang='lat' dir='ltr'><strong>attollit,</strong></span> <span class='ocrx_word' id='word_1_348' title='bbox 713 3653 747 3701; x_wconf 91' lang='lat' dir='ltr'><strong>ut</strong></span> <span class='ocrx_word' id='word_1_349' title='bbox 764 3641 919 3723; x_wconf 89' lang='lat' dir='ltr'><strong>peculiaris</strong></span> <span class='ocrx_word' id='word_1_350' title='bbox 943 3641 1083 3704; x_wconf 88' lang='lat' dir='ltr'><strong>habeatnr</strong></span> <span class='ocrx_word' id='word_1_351' title='bbox 1101 3661 1204 3702; x_wconf 92' lang='lat' dir='ltr'><strong>eorum</strong></span> <span class='ocrx_word' id='word_1_352' title='bbox 1225 3664 1290 3703; x_wconf 89' lang='lat' dir='ltr'><strong>cura</strong></span> <span class='ocrx_word' id='word_1_353' title='bbox 1307 3652 1330 3700; x_wconf 92' lang='lat' dir='ltr'><strong>et</strong></span> 
     </span>
     <span class='ocr_line' id='line_1_42' title="bbox 103 3713 1330 3812; baseline 0 -34"><span class='ocrx_word' id='word_1_354' title='bbox 103 3761 105 3771; x_wconf 45' lang='grc' dir='ltr'>ι</span> <span class='ocrx_word' id='word_1_355' title='bbox 221 3719 307 3778; x_wconf 90' lang='lat' dir='ltr'><strong>ratio.</strong></span> <span class='ocrx_word' id='word_1_356' title='bbox 344 3713 511 3792; x_wconf 59' lang='lat' dir='ltr'><strong>Masada„</strong></span> <span class='ocrx_word' id='word_1_357' title='bbox 522 3713 683 3793; x_wconf 63' lang='lat' dir='ltr'><strong>mimos</strong></span> <span class='ocrx_word' id='word_1_358' title='bbox 699 3721 826 3794; x_wconf 77' lang='lat' dir='ltr'><strong>accipiet</strong></span> <span class='ocrx_word' id='word_1_359' title='bbox 864 3719 947 3781; x_wconf 90' lang='lat' dir='ltr'><strong>Hanc</strong></span> <span class='ocrx_word' id='word_1_360' title='bbox 966 3718 1136 3812; x_wconf 86' lang='lat' dir='ltr'><strong>particulam</strong></span> <span class='ocrx_word' id='word_1_361' title='bbox 1152 3719 1235 3780; x_wconf 85' lang='lat' dir='ltr'><strong>varie</strong></span> <span class='ocrx_word' id='word_1_362' title='bbox 1253 3739 1330 3799; x_wconf 85' lang='lat' dir='ltr'><strong>expo·</strong></span> 
     </span>
     <span class='ocr_line' id='line_1_43' title="bbox 193 3785 1330 3875; baseline -0.001 -21"><span class='ocrx_word' id='word_1_363' title='bbox 193 3785 296 3854; x_wconf 66' lang='lat' dir='ltr'><strong>&#39;nunt</strong></span> <span class='ocrx_word' id='word_1_364' title='bbox 314 3794 499 3872; x_wconf 87' lang='lat' dir='ltr'><strong>interpretes.</strong></span> <span class='ocrx_word' id='word_1_365' title='bbox 538 3792 723 3868; x_wconf 83' lang='lat' dir='ltr'><strong>Quibusdam</strong></span> <span class='ocrx_word' id='word_1_366' title='bbox 748 3793 865 3856; x_wconf 84' lang='lat' dir='ltr'><strong>videtur</strong></span> <span class='ocrx_word' id='word_1_367' title='bbox 888 3808 983 3860; x_wconf 85' lang='lat' dir='ltr'><strong>notan</strong></span> <span class='ocrx_word' id='word_1_368' title='bbox 1006 3807 1105 3856; x_wconf 85' lang='lat' dir='ltr'><strong>mutua</strong></span> <span class='ocrx_word' id='word_1_369' title='bbox 1130 3796 1330 3875; x_wconf 82' lang='lat' dir='ltr'><strong>compensatio,</strong></span> 
     </span>
     <span class='ocr_line' id='line_1_44' title="bbox 221 3869 1329 3952; baseline -0.002 -22"><span class='ocrx_word' id='word_1_370' title='bbox 221 3869 301 3948; x_wconf 90' lang='lat' dir='ltr'><strong>qnod</strong></span> <span class='ocrx_word' id='word_1_371' title='bbox 321 3869 432 3930; x_wconf 87' lang='lat' dir='ltr'><strong>scilicet</strong></span> <span class='ocrx_word' id='word_1_372' title='bbox 449 3890 504 3950; x_wconf 90' lang='lat' dir='ltr'><strong>pro</strong></span> <span class='ocrx_word' id='word_1_373' title='bbox 525 3871 649 3931; x_wconf 86' lang='lat' dir='ltr'><strong>terrenis</strong></span> <span class='ocrx_word' id='word_1_374' title='bbox 669 3870 755 3932; x_wconf 89' lang='lat' dir='ltr'><strong>bouis</strong></span> <span class='ocrx_word' id='word_1_375' title='bbox 774 3872 933 3952; x_wconf 85' lang='lat' dir='ltr'><strong>spiritualia</strong></span> <span class='ocrx_word' id='word_1_376' title='bbox 952 3871 1148 3933; x_wconf 83' lang='lat' dir='ltr'><strong>referantDei</strong></span> <span class='ocrx_word' id='word_1_377' title='bbox 1160 3871 1329 3952; x_wconf 84' lang='lat' dir='ltr'><strong>Prophetae:</strong></span> 
     </span>
     <span class='ocr_line' id='line_1_45' title="bbox 220 3945 1329 4035; baseline -0.003 -29"><span class='ocrx_word' id='word_1_378' title='bbox 220 3966 323 4006; x_wconf 76' lang='lat' dir='ltr'><strong>rernm</strong></span> <span class='ocrx_word' id='word_1_379' title='bbox 342 3946 366 4007; x_wconf 91' lang='lat' dir='ltr'><strong>si</strong></span> <span class='ocrx_word' id='word_1_380' title='bbox 385 3945 459 4023; x_wconf 64' lang='lat' dir='ltr'><strong>halec,</strong></span> <span class='ocrx_word' id='word_1_381' title='bbox 476 3945 619 4026; x_wconf 83' lang='lat' dir='ltr'><strong>expositio</strong></span> <span class='ocrx_word' id='word_1_382' title='bbox 638 3947 792 4027; x_wconf 88' lang='lat' dir='ltr'><strong>recipitur,</strong></span> <span class='ocrx_word' id='word_1_383' title='bbox 813 3967 955 4035; x_wconf 80' lang='lat' dir='ltr'><strong>quaenam</strong></span> <span class='ocrx_word' id='word_1_384' title='bbox 974 3951 1029 4010; x_wconf 92' lang='lat' dir='ltr'><strong>erit</strong></span> <span class='ocrx_word' id='word_1_385' title='bbox 1049 3969 1154 4010; x_wconf 81' lang='lat' dir='ltr'><strong>nrcrces</strong></span> <span class='ocrx_word' id='word_1_386' title='bbox 1170 3951 1258 4008; x_wconf 79' lang='lat' dir='ltr'><strong>iusti?</strong></span> <span class='ocrx_word' id='word_1_387' title='bbox 1280 3946 1329 4007; x_wconf 84' lang='lat' dir='ltr'><strong>Alii</strong></span> 
     </span>
     <span class='ocr_line' id='line_1_46' title="bbox 222 4021 1329 4104; baseline 0.003 -25"><span class='ocrx_word' id='word_1_388' title='bbox 222 4021 351 4082; x_wconf 88' lang='lat' dir='ltr'><strong>eiusdem</strong></span> <span class='ocrx_word' id='word_1_389' title='bbox 369 4022 523 4098; x_wconf 84' lang='lat' dir='ltr'><strong>mercedis,</strong></span> <span class='ocrx_word' id='word_1_390' title='bbox 543 4041 617 4102; x_wconf 88' lang='lat' dir='ltr'><strong>quae</strong></span> <span class='ocrx_word' id='word_1_391' title='bbox 635 4022 793 4103; x_wconf 86' lang='lat' dir='ltr'><strong>Prophetis</strong></span> <span class='ocrx_word' id='word_1_392' title='bbox 812 4035 844 4084; x_wconf 91' lang='lat' dir='ltr'><strong>et</strong></span> <span class='ocrx_word' id='word_1_393' title='bbox 863 4025 942 4086; x_wconf 85' lang='lat' dir='ltr'><strong>iustis</strong></span> <span class='ocrx_word' id='word_1_394' title='bbox 961 4026 1089 4104; x_wconf 88' lang='lat' dir='ltr'><strong>reposita</strong></span> <span class='ocrx_word' id='word_1_395' title='bbox 1110 4036 1169 4099; x_wconf 87' lang='lat' dir='ltr'><strong>est,</strong></span> <span class='ocrx_word' id='word_1_396' title='bbox 1189 4036 1329 4085; x_wconf 84' lang='lat' dir='ltr'><strong>consortes</strong></span> 
     </span>
     <span class='ocr_line' id='line_1_47' title="bbox 221 4095 1329 4181; baseline 0.006 -30"><span class='ocrx_word' id='word_1_397' title='bbox 221 4095 288 4156; x_wconf 80' lang='lat' dir='ltr'><strong>fore</strong></span> <span class='ocrx_word' id='word_1_398' title='bbox 315 4096 498 4181; x_wconf 84' lang='lat' dir='ltr'><strong>intelligunt,</strong></span> <span class='ocrx_word' id='word_1_399' title='bbox 529 4099 579 4178; x_wconf 88' lang='lat' dir='ltr'><strong>qui</strong></span> <span class='ocrx_word' id='word_1_400' title='bbox 609 4117 680 4180; x_wconf 73' lang='lat' dir='ltr'><strong>erga</strong></span> <span class='ocrx_word' id='word_1_401' title='bbox 708 4099 774 4160; x_wconf 90' lang='lat' dir='ltr'><strong>illos</strong></span> <span class='ocrx_word' id='word_1_402' title='bbox 804 4100 930 4163; x_wconf 88' lang='lat' dir='ltr'><strong>benefici</strong></span> <span class='ocrx_word' id='word_1_403' title='bbox 960 4100 1079 4162; x_wconf 85' lang='lat' dir='ltr'><strong>suerint.</strong></span> <span class='ocrx_word' id='word_1_404' title='bbox 1130 4102 1274 4162; x_wconf 89' lang='lat' dir='ltr'><strong>Nonnulli</strong></span> <span class='ocrx_word' id='word_1_405' title='bbox 1301 4097 1329 4160; x_wconf 87' lang='lat' dir='ltr'><strong>ad</strong></span> 
     </span>
     <span class='ocr_line' id='line_1_48' title="bbox 219 4173 1329 4258; baseline 0.005 -30"><span class='ocrx_word' id='word_1_406' title='bbox 219 4184 386 4232; x_wconf 84' lang='lat' dir='ltr'><strong>sanctorum</strong></span> <span class='ocrx_word' id='word_1_407' title='bbox 416 4173 712 4236; x_wconf 87' lang='lat' dir='ltr'><strong>communicationem</strong></span> <span class='ocrx_word' id='word_1_408' title='bbox 742 4175 891 4251; x_wconf 67' lang='lat' dir='ltr'><strong>referunt,</strong></span> <span class='ocrx_word' id='word_1_409' title='bbox 926 4177 1119 4258; x_wconf 82' lang='lat' dir='ltr'><strong>quod-sicuti</strong></span> <span class='ocrx_word' id='word_1_410' title='bbox 1148 4177 1329 4238; x_wconf 85' lang='lat' dir='ltr'><strong>beneficentia</strong></span> 
     </span>
     <span class='ocr_line' id='line_1_49' title="bbox 220 4253 1327 4332; baseline 0.01 -34"><span class='ocrx_word' id='word_1_411' title='bbox 220 4255 319 4305; x_wconf 90' lang='lat' dir='ltr'><strong>nostra</strong></span> <span class='ocrx_word' id='word_1_412' title='bbox 338 4257 489 4330; x_wconf 87' lang='lat' dir='ltr'><strong>testamur,</strong></span> <span class='ocrx_word' id='word_1_413' title='bbox 509 4272 564 4312; x_wconf 87' lang='lat' dir='ltr'><strong>nos</strong></span> <span class='ocrx_word' id='word_1_414' title='bbox 584 4271 676 4310; x_wconf 89' lang='lat' dir='ltr'><strong>unum</strong></span> <span class='ocrx_word' id='word_1_415' title='bbox 697 4271 759 4312; x_wconf 88' lang='lat' dir='ltr'><strong>esse</strong></span> <span class='ocrx_word' id='word_1_416' title='bbox 778 4275 843 4313; x_wconf 89' lang='lat' dir='ltr'><strong>cnm</strong></span> <span class='ocrx_word' id='word_1_417' title='bbox 855 4254 966 4315; x_wconf 89' lang='lat' dir='ltr'><strong>Christi</strong></span> <span class='ocrx_word' id='word_1_418' title='bbox 982 4254 1074 4314; x_wconf 85' lang='lat' dir='ltr'><strong>¹servis</strong></span> <span class='ocrx_word' id='word_1_419' title='bbox 1090 4257 1205 4332; x_wconf 87' lang='lat' dir='ltr'><strong>corpus,</strong></span> <span class='ocrx_word' id='word_1_420' title='bbox 1223 4255 1264 4314; x_wconf 86' lang='lat' dir='ltr'><strong>ita</strong></span> <span class='ocrx_word' id='word_1_421' title='bbox 1283 4253 1327 4311; x_wconf 85' lang='lat' dir='ltr'><strong>hoc</strong></span> 
     </span>
     <span class='ocr_line' id='line_1_50' title="bbox 218 4317 1328 4413; baseline 0.011 -38"><span class='ocrx_word' id='word_1_422' title='bbox 218 4317 308 4380; x_wconf 82' lang='lat' dir='ltr'><strong>modo</strong></span> <span class='ocrx_word' id='word_1_423' title='bbox 328 4322 472 4390; x_wconf 74' lang='lat' dir='ltr'><strong>efficimur</strong></span> <span class='ocrx_word' id='word_1_424' title='bbox 491 4327 621 4392; x_wconf 81' lang='lat' dir='ltr'><strong>omnium</strong></span> <span class='ocrx_word' id='word_1_425' title='bbox 640 4325 788 4394; x_wconf 83' lang='lat' dir='ltr'><strong>bonorum</strong></span> <span class='ocrx_word' id='word_1_426' title='bbox 809 4331 985 4413; x_wconf 85' lang='lat' dir='ltr'><strong>participes,</strong></span> <span class='ocrx_word' id='word_1_427' title='bbox 1009 4350 1084 4412; x_wconf 88' lang='lat' dir='ltr'><strong>quae</strong></span> <span class='ocrx_word' id='word_1_428' title='bbox 1102 4329 1237 4394; x_wconf 85' lang='lat' dir='ltr'><strong>Christus</strong></span> <span class='ocrx_word' id='word_1_429' title='bbox 1262 4331 1328 4390; x_wconf 87' lang='lat' dir='ltr'><strong>inter</strong></span> 
     </span>
    </p>
   </div>
   <div class='ocr_carea' id='block_1_5' title="bbox 0 0 1398 4742">
    <p class='ocr_par' dir='ltr' id='par_1_5' title="bbox 0 0 1398 4742">
     <span class='ocr_line' id='line_1_51' title="bbox 0 0 1398 4742; baseline 0 0"><span class='ocrx_word' id='word_1_430' title='bbox 0 0 1398 4742; x_wconf 95' lang='lat' dir='ltr'><strong> </strong></span> 
     </span>
    </p>
   </div>
  </div>
 </body>
</html>
