2808 4748
397 237 460 318 (36.
480 235 560 297 lesus
580 233 662 318 degit
682 231 901 320 Caperuau'mi.)
1106 199 1110 206 v
1130 217 1133 222 Ι
1155 241 1213 304 121
1263 311 1266 328 ¹
1286 271 1292 314 q

5 371 7 424 ἶ
83 383 178 444 totius
198 379 294 464 gentis
319 379 559 474 ingratitudinem
584 381 693 461 carpit,
710 381 802 460 quod
834 383 1030 466 iampridem
1053 379 1133 444 soliti
1156 381 1216 443 sint

85 458 152 518 fere
172 474 275 536 ornnep
299 475 336 530 en
359 457 509 538 indignius
528 456 691 518 Dominum
714 471 921 536 contemnere,
945 482 1005 544 quo
1030 460 1152 541 propius
1178 458 1215 518 ad
1288 493 1289 496 =
1397 503 1398 514 ,

85 555 141 595 eos
160 546 329 596 accesserat
366 535 441 594 Nam
461 534 513 615 qui
533 534 640 593 facturn
661 545 715 609 est,
732 546 766 594 nt
783 535 936 598 mulierem
955 551 1120 599 extraneam
1130 536 1213 595 Deus

84 611 261 748 praetulerit
279 610 414 671 omnibus
432 609 589 686 Israelitis,
610 610 673 670 nisi
693 611 772 690 quod
791 610 827 671 ab
854 611 898 673 his
920 612 1046 674 reiectus
1064 612 1215 694 Propheta

111 688 249 768 ospitium
280 687 312 748 in
345 699 423 748 terra
447 687 571 767 profana
598 707 740 766 quaerere
765 700 883 749 coactus
907 688 968 748 est?
1010 689 1050 748 Et
1074 709 1215 768 quorsum

84 767 219 828 Naaman
239 765 344 844 Syrum
362 761 458 842 voluit
476 761 556 824 Deus
576 762 612 824 ab
633 763 873 841 Elisaeo‘sanari,
893 763 948 825 n'isi
966 765 997 824 in
1017 765 1139 826 dedecus
1158 784 1216 845 p0÷

85 840 153 923 puli
173 841 280 902 Israel?
318 841 427 902 Sensus
448 861 480 900 er
501 862 519 900 o
541 851 599 915 est,
617 840 696 900 idem
716 840 849 901 accidere
870 841 949 922 quod
970 839 1057 916 olim,
1082 854 1115 900 ut
1134 841 1215 902 Deus

87 917 196 999 procul
214 919 350 978 virtutem
369 939 449 978 suam
469 859 503 977 ah
523 917 633 978 alienos
652 918 839 992 transmittat,
858 915 926 999 quia
946 938 962 978 a
983 909 1148 976 domesticis
1166 937 1217 976 re·
1303 981 1306 990 ,

87 994 219 1076 pellitur.
257 993 375 1054 Interea
400 995 545 1076 significat
564 992 715 1068 Christus,
739 994 814 1053 nihil
834 1015 868 1054 ex
891 1015 941 1061 sua
968 992 1064 1076 gloria
1087 993 1219 1068 diminui,

88 1069 172 1151 quod
192 1091 208 1131 a
227 1070 428 1132 conterraneis
445 1070 495 1130 vili
517 1070 647 1132 cuditur:
669 1070 828 1150 quiaDeus
847 1091 910 1132 non
929 1070 992 1131 sine
1009 1090 1112 1128 eorum
1131 1068 1219 1150 igno-

87 1147 181 1208 minia
204 1159 236 1208 et
259 1148 373 1227 pudore
397 1146 465 1208 alibi
489 1092 514 1206 he
1187 1144 1194 1160 ’
1397 1205 1398 1222 ,

87 1224 177 1286 sicuti
197 1224 267 1285 olim
278 1222 438 1303 Prophetis
457 1225 515 1284 suis
534 1222 680 1283 honorem
700 1220 829 1284 deditio
848 1224 951 1285 mediis
971 1221 1119 1306 gentibus.
1150 1221 1220 1282 Hoc
1305 1279 1308 1286 r

87 1301 182 1362 modo
207 1301 376 1361 retunditur
399 1299 488 1362 stulta
507 1299 600 1376 carnis
620 1298 774 1380 gloriatio,
801 1323 890 1380 quum
908 1301 1039 1361 videmus
1058 1298 1221 1357 Dominum

87 1379 211 1460 pluere,
231 1399 293 1438 non
313 1376 404 1437 modo
425 1375 477 1436 nbi
496 1387 527 1436 et
546 1378 663 1468 quando
681 1378 773 1437 visum
794 1390 847 1452 est,
866 1378 917 1438 sed
936 1368 966 1437 iri
987 1398 1023 1436 an
1046 1375 1100 1436 ulis
1120 1393 1222 1434 remo·
1257 1413 1259 1422 ,

87 1455 141 1530 tis,
157 1453 328 1546 posthabita
347 1453 599 1533 terraquamlsrbi
617 1454 648 1515 iu
669 1451 847 1514 domicilium
859 1454 997 1536 elegerat
1062 1471 1132 1513 orro
1152 1449 1222 1510 hinc

89 1530 263 1612 eollrgenda
283 1541 327 1590 est
346 1528 493 1612 generalis
511 1528 655 1604 doctrina,
675 1541 806 1604 nostrum
827 1551 888 1590 non
908 1550 970 1592 esse
988 1529 1057 1592 Deo
1077 1529 1108 1588 in
1129 1526 1222 1588 bene·
1249 1573 1252 1578 .

89 1608 167 1668 liciis
186 1609 244 1667 suis
265 1605 463 1686 dispensandis
489 1607 689 1686 praescribere
713 1605 837 1686 aliquam
862 1608 972 1690 legem,
999 1609 1070 1700 quin
1093 1625 1147 1666 suo
1173 1624 1223 1663 ar-

89 1681 185 1746 bitrio
204 1681 319 1746 infimos
340 1695 370 1746 et
388 1683 654 1766 contemptissimos
673 1683 788 1746 honore
808 1683 954 1778 dignetur,
972 1684 1073 1763 prrmis
1092 1679 1224 1741 reiectis:
1302 1741 1304 1752 ,

90 1783 151 1823 nec
171 1759 345 1842 obstrepere
364 1760 407 1822 sas
422 1779 500 1833 esse,
518 1761 542 1820 si
562 1761 707 1836 ordinem,
728 1760 779 1840 qui
798 1762 908 1822 arridet
925 1773 1028 1822 nostro
1049 1755 1170 1832 iudicio,
1190 1767 1225 1816 ut

89 1838 252 1922 plurimum
270 1848 426 1918 pervertat.
464 1835 608 1911 Tenenda
627 1838 745 1918 quidem
765 1850 809 1902 est
828 1837 978 1899 antithesis
996 1838 1075 1896 inter
1086 1832 1226 1896 lsraelem

19 1981 21 1988 ,
93 1928 125 1978 ct
150 1913 287 1996 profanas
312 1927 430 1998 gentes,
460 1913 512 1975 sed
531 1925 794 1977 rursumstatuere
814 1919 960 1998 oportet,
982 1912 1078 1974 nullos
1124 1931 1157 1972 ro
1180 1911 1225 1971 ria
1272 1987 1273 1994 ἵ

6 2061 7 2070 2
93 1993 247 2076 dignitate
257 2012 329 2073 prae
348 1991 411 2052 aliis
431 1991 510 2074 eligi,
529 1991 580 2053 sed
600 1991 630 2052 id
649 1992 739 2085 magis
758 1993 920 2073 provenire
939 2013 973 2056 er
992 1933 1155 2051 admiraldi
1195 1987 1224 2048 ei
1300 2011 1302 2022 ¹

5 2083 6 2108 ³
94 2068 238 2143 consilio,
267 2071 366 2147 cuius,
397 2069 514 2130 tametsi
537 2068 613 2130 ratio
632 2070 728 2142 ,nobis
753 2082 798 2132 est
824 2069 1011 2147 abscondita,
1040 2065 1225 2130 altitudinem¹

93 2147 245 2232 suspicere
265 2158 296 2206 et
314 2146 438 2206 adorare
457 2163 577 2207 necesse
598 2157 650 2205 est.
875 2184 877 2189 -
1140 2201 1142 2222 ‚
1219 2139 1242 2162 ”

171 2228 220 2292 28.
257 2221 374 2304 Replcti
390 2224 530 2280 semetra.
570 2222 743 2296 Senserunt,
763 2242 902 2302 quorsum
919 2223 1079 2300 tenderent
1097 2219 1146 2282 illa
1166 2219 1227 2280 duo

95 2299 240 2380 exempla,
260 2318 335 2378 quae
354 2298 520 2378 protulerat
539 2297 687 2374 Christus,
706 2318 812 2378 nempe
832 2299 891 2359 Dei
908 2301 1031 2382 gratiam
1051 2297 1110 2358 alio
1125 2309 1227 2374 ,traus-

94 2377 250 2439 serendam
283 2394 360 2435 esse:
393 2375 493 2453 itaque
522 2374 553 2432 in
582 2395 661 2435 suam
690 2375 895 2434 contumeliam
928 2384 1114 2454 acceperunt.
1165 2371 1227 2430 Sed

61 2475 63 2482 ·
96 2475 191 2535 quum
211 2451 247 2511 ad
265 2451 361 2516 vivum
381 2452 475 2532 pungi
494 2448 638 2510 deberent
660 2470 764 2509 eorum
788 2451 1001 2524 conscientiae,
1025 2459 1060 2507 ut
1085 2447 1227 2507 correctis

95 2529 158 2614 sulp
177 2527 253 2590 vitiis
272 2526 435 2586 remedium
455 2537 645 2605 quaererent,
664 2535 778 2586 tantum
798 2537 927 2606 aguntur
945 2525 976 2584 in
997 2525 1136 2584 furorem.
1176 2521 1227 2582 Sic
1298 2525 1307 2598 j

96 2605 185 2688 impii
205 2625 267 2666 non
286 2602 381 2668 solutu
401 2605 615 2664 contumaciter
633 2602 772 2664 resistunt
789 2601 849 2662 Dei
867 2598 998 2679 iudiciis,
1017 2599 1069 2662 sed
1088 2598 1228 2659 atrociter

96 2685 130 2746 in
157 2683 220 2742 eius
251 2699 351 2742 servos
379 2680 544 2762 insurgunt.
583 2680 662 2740 Hinc
686 2691 822 2759 apparet,
853 2691 991 2759 quautam
1014 2679 1072 2739 virn
1100 2674 1229 2736 babeant

16 2784 17 2795 ¹
97 2759 339 2842 obiurgationes,
367 2775 441 2836 quae
454 2756 692 2837 'proficiscuntur
711 2774 730 2816 a'
744 2754 804 2816 Dei
825 2757 967 2836 Spiritu2'
982 2777 1051 2816 narn
1074 2750 1156 2813 rabie
1180 2751 1229 2810 in-

97 2839 250 2898 llammaut
269 2845 370 2895 eorum
387 2833 515 2907 animos,
534 2833 584 2914 qui
603 2833 734 2894 libenter
753 2851 800 2894 eas
820 2834 982 2908 eluderent.
1021 2833 1118 2892 Porro
1139 2849 1230 2908 quum

70 2973 78 2988 ,
97 2914 242 2988 videmus,
260 2923 320 2975 tam
338 2911 496 2976 virulentas
515 2909 749 2972 essehominum
769 2922 893 2987 ruentes,
912 2922 945 2970 ut
963 2908 1107 2972 insaniant
1127 2917 1232 2966 contra

98 2991 198 3052 Deum
228 2989 347 3053 simulac
377 2989 505 3070 asperius
533 2999 712 3062 tractantur,
745 2988 889 3068 petendus
918 2986 1005 3046 nobis
1030 2996 1074 3045 est
1092 2982 1230 3066 ¹Spiritus

5 3079 6 3082 ’
98 3066 348 3147 mansuetudinis,
372 3075 410 3126 ne
429 3067 459 3126 io
481 3065 538 3128 hoc
558 3064 671 3142 exitiale
692 3064 801 3126 bellum
821 3065 900 3124 idern
919 3063 1004 3139 luror
1022 3083 1076 3122 nos
1096 3058 1230 3138 abripiat

102 3146 207 3220 Quum
232 3143 431 3222 dicit‚Lucas,
458 3144 557 3204 Iesum
583 3161 637 3222 per
660 3139 785 3202 rriediam
808 3141 925 3200 turbam
950 3140 1101 3215 transisse,
1134 3146 1165 3194 et
1189 3135 1232 3195 ita

102 3223 233 3304 elapsum
253 3239 316 3280 esse
336 3239 438 3280 eorum
459 3219 607 3291 manibus,
625 3217 769 3299 significat
788 3218 940 3293 divinitus,
958 3237 1015 3280 uec
1034 3217 1097 3275 sine
1115 3215 1146 3273 in
1170 3213 1249 3293 enti-

102 3295 245 3360 miraculo
267 3307 400 3376 ereptum
426 3315 489 3356 esse
514 3315 548 3360 ex
572 3295 718 3375 praesenti
742 3306 848 3356 morte.
894 3294 965 3369 Quo
986 3290 1118 3371 eirernplo
1140 3232 1233 3355 ‹lesce-

226 3374 389 3434 uantumvis
408 3369 594 3452 praevaleant
612 3371 777 3448 adversarii,
796 3383 830 3432 ut
847 3370 905 3434 vita
924 3381 1024 3433 nostra
1043 3389 1145 3432 eorum
1164 3365 1233 3430 libi·

515 1146 596 1208 ilium
622 1167 704 1206 suum
731 1168 838 1208 ornare
866 1159 896 1208 et
927 1145 1068 1207 extollere
1098 1157 1220 1224 potent,

102 3395 316 3514 ¹‹lilli'sirhiecta
335 3451 476 3524 videatur,
495 3449 644 3510 uictricem
662 3461 760 3510 tamen
779 3468 895 3586 semper
915 3448 980 3507 fore
989 3445 1048 3512 Dei
1067 3443 1232 3526 potentiam

861 3547 880 3585 o
900 3523 1029 3586 retinere
1048 3522 1144 3596 uolet,
1172 3519 1252 3579 sive·

105 3605 288 3743 constringat
311 3601 431 3664 illorum
449 3622 569 3676 manus,
599 3601 660 3663 sive
685 3600 788 3664 oculos
813 3602 956 3666 coecitate
980 3599 1141 3690 percutiat,
1170 3593 1233 3660 site
1334 3663 1336 3678 ,

105 3683 232 3766 obstupe
245 3692 321 3746 acrat
339 3699 443 3746 eorum
455 3687 575 3744 'mentes
594 3689 625 3744 et
643 3679 742 3742 corda.
1179 3695 1182 3702 ·

105 3531 141 3591 ad
166 3551 222 3589 nos
247 3527 422 3602 servandos,
452 3546 538 3607 quarn
558 3524 607 3586 diu
633 3547 688 3586 nos
713 3525 744 3584 in
768 3547 838 3585 mun

149 3951 442 4048 (att-MATTH.
463 3965 519 4030 IV.
562 3945 612 4030 13.
643 3963 686 4030 Et
716 3963 829 4030 relicta
858 3959 1037 4036 Nazareth,
1067 3903 1235 4044 proiectus

109 4065 265 4136 habitavit
282 4070 317 4133 in
339 4052 561 4154 Capernaum,
589 4088 673 4152 quae
702 4077 750 4132 est
770 4065 849 4132 urbs
870 4065 1026 4130 maritima
1051 4060 1086 4122 iu
1112 4053 1234 4123 finibus

111 4163 257 4236 Schulon
280 4166 500 4255 et‘NaphtalL
522 4167 572 4234 14.
594 4169 641 4234 Ut
661 4167 857 4254 impleretur,
878 4163 968 4254 quod
990 4161 1109 4226 dictum
1131 4156 1236 4226 [unat
1311 4185 1314 4190 ·

112 4286 171 4346 per
203 4272 338 4336 [esaiam
359 4267 570 4357 Prophetam,
603 4268 780 4347 dicentem,
823 4269 873 4334 15.
903 4268 1009 4330 Terra
1028 4258 1176 4326 Schulon
1204 4265 1237 4322 et
1282 4343 1285 4348 Ι

115 4371 198 4436 terro
219 4369 374 4460 Naphtali
403 4375 491 4440 iuxta
511 4374 593 4442 viam
622 4373 732 4454 maris,
758 4370 844 4466 ultra
870 4363 1058 4444 Iordanem,
1086 4357 1251 4432 Galilaea·
