2808 4748
975 4 984 35 Ι

191 213 250 279 1ἰ8
360 207 511 276 seculo
531 175 585 273 lv.
623 209 699 278 tssn
718 164 901 274 susumus
920 225 962 274 er-
980 223 1156 296 rainario.

192 355 280 418 luerit
297 355 389 420 Deus.
426 355 521 417 Certo
541 355 620 416 enim
631 355 691 416 Dei
704 355 830 418 consilio
849 357 882 418 in
899 353 958 418 hoc
970 367 1119 420 certamen
1136 353 1320 437 productum

191 453 267 510 esse,
286 445 395 495 sonant
412 430 558 492 Matthaei
575 445 607 493 et
619 433 724 494 Murci
741 433 841 510 verba,
858 433 908 512 qui
927 433 1030 495 dicuut
1044 434 1084 494 ob
1099 433 1180 494 hanc
1198 451 1319 493 causam

192 509 351 571 deductum
373 509 463 570 luisse
485 530 501 569 a
520 508 635 591 Spiritu
658 510 689 572 in
713 510 870 571 desertum.
920 509 994 572 Mihi
1023 531 1086 571 nou
1112 509 1234 571 dubium
1259 520 1320 586 cst,

192 586 266 667 quin
289 587 372 647 Deus
399 586 430 646 in
454 584 523 647 Filii
553 586 599 648 sui
628 599 755 668 persona
783 598 920 666 tanquam
952 587 1167 653 inclarissimo
1191 609 1204 647 s
1228 586 1318 646 cculo

120 669 123 680 '
191 663 372 738 ostenderit,
397 683 483 744 quam
502 661 624 725 infestus
644 675 674 724 et
696 665 881 744 importunus
900 662 1044 724 humanae
1063 663 1161 724 salutis
1179 606 1318 724 alrrersa-

190 739 254 802 rius
272 740 309 800 sit
329 739 428 801 Satan.
469 738 556 798 Unde
581 739 660 800 enim
686 740 734 812 lit,
759 751 792 800 ut
815 740 909 800 acrius
929 739 1078 801 Christum
1102 740 1241 820 impetat,
1266 750 1320 798 to-

191 827 294 896 tasque
306 837 378 891 ¹suas
396 815 472 877 vires
491 826 523 874 et
540 815 665 897 impetus
685 815 820 876 effundat
843 827 948 876 contra
971 818 1066 898 ipsum
1088 815 1147 878 hoc
1170 815 1317 896 temporis

189 904 360 970 momento,
391 891 471 986 quod
490 891 693 974 Euangelistae
720 903 843 970 notant,
876 892 933 954 nisi
959 894 1028 973 quia
1050 893 1147 954 Patris
1175 892 1317 954 mandato

190 967 229 1028 ad
261 969 496 1050 redemptionem
520 968 672 1028 hominum
704 968 818 1052 accingi
840 968 939 1030 videt?
981 970 1063 1052 Ergo
1088 965 1160 1030 thnc
1183 979 1317 1030 nostram

189 1041 314 1108 salutbm
333 1046 513 1139 oppugnarit
530 1045 562 1103 in
583 1045 692 1107 Christi
711 1065 848 1128 persona,
866 1045 951 1106 sicuti
970 1046 1103 1126 quotidie
1123 1046 1252 1106 eiusdem
1266 1065 1318 1105 re-

191 1119 370 1203 demptionis
390 1123 552 1196 mrnistros,
571 1120 651 1183 cuius
671 1133 776 1184 auctor
794 1122 850 1183 fuit
870 1121 1019 1200 Christus,
1045 1122 1191 1186 hostiliter
1213 1141 1316 1205 persc-

189 1198 301 1278 quitur.
338 1199 496 1260 Caeterum
514 1197 600 1260 simul
618 1199 783 1260 notandum
802 1210 860 1276 est,
888 1197 994 1259 Filium
1008 1199 1071 1260 'Dei
1094 1199 1215 1262 subiisse
1234 1198 1317 1259 ultro

188 1276 380 1353 tentationes,
399 1276 436 1335 de
455 1273 560 1354 quibus
579 1275 659 1337 nunc
679 1275 784 1358 agitur,
804 1287 834 1337 et
853 1298 921 1336 cum
940 1274 1060 1337 diabolo
1079 1277 1160 1356 quasi
1179 1287 1319 1339 conserta

188 1371 280 1412 manu
298 1371 361 1412 esse
379 1350 538 1426 luctatum,
562 1363 596 1412 ut
618 1374 670 1415 sua
689 1352 814 1415 victoria
832 1352 920 1414 nobis
942 1352 1122 1434 triumphurn
1141 1353 1317 1432 acquireret.

188 1427 295 1519 Itaque
307 1425 423 1520 quoties
442 1447 498 1488 nos
517 1429 688 1521 aggreditur
699 1430 800 1506 Satan,
818 1429 1047 1503 meminerimus,
1066 1449 1128 1489 non
1146 1429 1204 1490 alio
1223 1429 1315 1490 modo

183 1515 327 1566 sustiueri
345 1523 433 1583 posse
452 1504 514 1565 eius
533 1504 674 1586 impulsus
693 1527 726 1567 ac
741 1527 773 1566 re
797 1505 857 1582 elli,
876 1527 962 1599 quam
973 1507 1112 1586 opposito
1123 1504 1180 1566 hoc
1192 1504 1316 1588 clypeo,

179 1579 275 1661 vsicuti
293 1600 363 1640 sane
382 1579 580 1660 ideoftentari
598 1599 697 1664 passus
716 1595 762 1644 est
811 1582 839 1642 ei
858 1583 966 1658 Filius,
985 1593 1020 1643 ut
1036 1582 1148 1660 medius
1167 1593 1315 1657 occurrat,

188 1656 307 1735 quotics
325 1657 446 1738 aliquod
468 1660 668 1720 tentationum
692 1671 842 1720 certamen
868 1660 955 1720 nobis
978 1671 1080 1722 moret
1102 1659 1201 1718 Satan.
1239 1658 1314 1719 Ideo

186 1753 278 1812 quum
298 1733 439 1813 privatam
458 1735 539 1796 domi
557 1736 647 1797 vitam
665 1747 784 1818 ageret,
814 1755 876 1796 non
900 1735 928 1796 le
952 1735 960 1750 '
990 1757 1023 1799 us
1047 1735 1145 1796 fuisse
1156 1746 1314 1810 tentatum,

186 1809 240 1871 sed
259 1831 349 1890 quum
368 1821 473 1874 munus
492 1812 698 1894 Redemptoris
722 1811 907 1880 subeundum
938 1824 1020 1889 oret,
1042 1823 1116 1873 tunc
1138 1810 1170 1872 in
1194 1831 1313 1872 arenam

187 1886 340 1948 communi
358 1887 506 1950 Ecclesiae
531 1909 600 1955 suae
623 1888 746 1949 nomine
772 1873 934 1974 desceqidit,
977 1887 1093 1963 Quodsi
1118 1899 1256 1968 tanquam
1281 1888 1314 1947 iu

185 1961 307 2044 publica
327 1964 459 2024 omnium
482 1965 613 2024 fidelium
636 1983 765 2046 persona
788 1973 919 2026 tentatus
941 1964 999 2026 suit
1019 1964 1152 2027 Christus
1192 1964 1313 2026 sciamus

186 2040 378 2116 tentationes,
396 2060 471 2121 quae
490 2040 577 2102 nobis
596 2044 786 2124 contingunt,
805 2061 867 2102 uon
887 2051 950 2102 esse
968 2041 1103 2102 fortuitas
1122 2007 1170 2102 vel
1188 2041 1314 2103 Satanae

185 2114 314 2176 libidine
331 2117 447 2181 moveri
471 2117 583 2200 absque
600 2115 659 2178 Dei
682 2119 841 2200 permissu,
865 2118 918 2178 sed
936 2119 1079 2199 Spiritum
1089 2117 1157 2178 =Dei
1180 2137 1315 2199 praeesse

185 2195 296 2254 nostris
311 2194 527 2270 certaminibus,
546 2199 606 2275 quo
625 2194 697 2256 fides
716 2206 818 2256 nostra
827 2205 1005 2256 exerceatur.
1042 2194 1132 2255 Unde
1149 2205 1230 2257 certa
1248 2216 1313 2276 spes

187 2269 586 2363 colligenda,est„1)eum,
616 2272 667 2352 qui
698 2291 826 2334 summus
855 2283 900 2333 est
929 2270 1127 2358 agonotheta,
1155 2292 1218 2333 non
1245 2272 1312 2333 fore
1390 2333 1391 2337 ,

186 2349 284 2410 nostri
308 2369 528 2424 immemorem,
551 2347 625 2429 quin
647 2347 867 2410 difficultatibus
891 2349 997 2410 nostris
1020 2346 1185 2424 succurrat,
1207 2348 1312 2430 quibus

185 2443 243 2485 uos
262 2425 301 2486 im
324 2447 387 2490 ares
407 2447 469 2488 esse
487 2427 577 2488 ridet„
619 2425 713 2488 Paulo
736 2425 823 2496 aliter
846 2437 953 2491 sonant
976 2424 1065 2486 verba
1083 2423 1202 2502 beas,
1233 2425 1313 2517 quod

186 2501 270 2565 Iesus
283 2526 309 2580 p
408 2504 531 2581 Spiritu,
545 2516 645 2564 scureto
669 2524 819 2586 regressus
837 2503 876 2564 sit
893 2524 910 2564 a
929 2502 1072 2579 Iordane,
1096 2501 1202 2583 quibus
1221 2503 1311 2585 sigm-
1389 2565 1390 2588 ,

184 2578 272 2655 fleat,
290 2592 362 2642 tunc
380 2581 517 2659 uberiore
536 2581 664 2718 Spiritus
684 2583 778 2664 gratia
797 2591 827 2641 et
844 2580 954 2642 virtute
971 2578 1058 2640 luisse
1076 2577 1261 2651 instructum,
1279 2590 1312 2638 ut
1389 2637 1390 2664 ,

186 2655 297 2716 sortior
326 2657 363 2718 ad
393 2678 506 2739 pugnas
539 2677 557 2717 ο
583 2657 691 2718 eundae
721 2657 823 2730 forets,
845 2676 942 2734 neque
967 2656 1044 2717 enim
1076 2654 1182 2716 frustra
1204 2655 1311 2717 visibili

184 2732 286 2812 specie
305 2732 497 2793 descenderat
514 2753 603 2814 super
622 2753 689 2792 eum
702 2732 836 2812 Spiritus.
874 2734 914 2792 Et
932 2733 1013 2812 peius
1033 2731 1144 2792 dictum
1162 2732 1230 2810 fuit,
1249 2752 1311 2792 ma-

187 2808 233 2890 gis
261 2807 293 2866 in
317 2827 355 2869 eo
381 2808 596 2888 resplenduisse
614 2808 673 2868 Dei
698 2808 846 2890 gratiam,
861 2820 952 2889 prout
973 2808 1071 2870 salutis
1094 2819 1213 2870 nostrae
1236 2809 1310 2869 ratio

169 2883 331 2964 exigebat,
369 2884 429 2945 Sed
452 2883 611 2946 absurdum
633 2885 730 2976 prima
752 2884 851 2976 specie
872 2885 1004 2960 videtur,
1034 2885 1182 2947 Christum
1201 2881 1312 2946 diaboli

185 2958 403 3022 tentationibus
422 2960 511 3023 luisse
530 2961 704 3037 obnoxium,
725 2981 802 3041 quia,
820 2961 903 3022 utin
923 2961 1056 3024 homines
1075 2961 1158 3022 cadat
1175 2962 1311 3036 tentatio,

12 3103 15 3112 ,
67 3101 77 3119 Ι
184 3036 289 3100 vitium
308 3049 338 3098 et
356 3037 556 3112 infirmitatem
573 3036 693 3100 subesse
712 3048 842 3124 oportet.
885 3035 1084 3119 Respondeo,
1105 3041 1232 3118 primum
1250 3061 1310 3100 sus·

186 3125 286 3205 captas
316 3135 334 3176 a
359 3104 480 3177 Christo
511 3114 601 3175 fuisse
631 3125 745 3176 nostras
774 3114 975 3192 infirmitates,
1003 3115 1056 3177 sed
1082 3114 1192 3194 absque
1220 3115 1307 3178 vitio:

185 3189 406 3252 derude‘nihilo
424 3191 491 3273 plus
511 3191 655 3253 decedere
675 3211 709 3252 ex
728 3191 790 3252 eius
808 3191 913 3276 glorIa,
932 3192 1011 3274 quod
1030 3191 1241 3254 tentationibus
1260 3211 1308 3252 ex-

208 3267 299 3328 ositus
318 3267 390 3345 fuit,
415 3289 502 3348 quam
522 3268 603 3348 quod
624 3288 742 3328 caruem
766 3273 908 3331 nostram*
920 3269 1025 3332 induit.
1063 3269 1127 3330 Hac
1147 3267 1226 3328 enim
1243 3267 1309 3351 lege

183 3285 279 3404 iactus
299 3355 345 3404 est
362 3344 469 3420 homo,
498 3357 533 3406 ut
562 3343 689 3407 allectus
713 3357 832 3408 nostros
857 3367 914 3406 una
940 3367 1005 3417 cum
1030 3365 1118 3406 carne
1141 3345 1308 3482 susciperet

73 3461 75 3468 s
184 3418 248 3480 Sed
266 3431 330 3490 tota
349 3420 504 3484 difficultas
523 3423 554 3483 iu
573 3422 674 3504 priore
692 3421 827 3484 membro
848 3423 994 3485 consistit:
1016 3421 1166 3502 quomodo
1186 3423 1217 3481 in
1240 3423 1308 3482 rmi-

149 3505 151 3516 '
183 3507 246 3558 tate
265 3507 366 3558 nostra
386 3497 577 3562 circumdatus
596 3498 686 3560 suerit
706 3499 855 3576 Christus,
880 3511 914 3560 ut
933 3501 1058 3560 Satanae
1081 3497 1239 3559 tentandus
1256 3519 1308 3578 pa·

183 3583 273 3649 teret,
290 3595 382 3666 purus
398 3584 499 3635 'tamen
519 3588 549 3637 et
567 3577 704 3642 immunis
723 3575 814 3636 suerit
832 3576 868 3637 ab
882 3576 965 3638 omui
983 3575 1066 3639 vitio.
1088 3574 1182 3654 Atqui
1200 3574 1306 3636 solutio

184 3650 312 3712 difficilis
333 3652 487 3727 nouerit,
511 3652 536 3714 si
558 3653 589 3712 iu
614 3665 745 3722 mentem
763 3652 877 3728 veniat,
902 3654 965 3714 inte
988 3674 1046 3713 ram
1064 3649 1148 3712 Adae
1167 3664 1309 3734 naturam,

185 3750 275 3809 quum
289 3728 390 3789 adhuc
408 3749 481 3810 pura
498 3728 559 3791 illic
578 3729 707 3812 fulgeret
724 3729 783 3789 Dei
801 3729 909 3813 imago,
927 3672 1088 3791 subiectam
1105 3740 1204 3789 tamen
1221 3725 1307 3790 fuisse

183 3805 406 3867 tentationibus.
445 3802 656 3888 Quotquot-in
680 3804 800 3867 homine
823 3819 893 3868 sont
910 3805 1080 3889 corporales
1099 3804 1237 3881 allectus,
1260 3815 1307 3864 to·

182 3881 276 3944 tidem
294 3881 371 3943 illius
389 3883 523 3943 tentandi
541 3886 709 3946 occasiones
729 3885 831 3964 arripit
850 3883 949 3946 Satan.
991 3884 1089 3973 Atque
1112 3881 1185 3942 haec
1202 3879 1306 3942 merito
1386 3951 1387 3966 χ

184 3970 322 4021 censetur
340 3971 461 4020 naturae
479 3959 623 4022 humanae
642 3960 805 4036 infirmitas,
823 3979 924 4022 sensus
942 3979 1054 4021 moveri
1069 3959 1158 4019 rebus
1170 3957 1307 4020 obiectis:

183 4035 236 4100 sed
256 4055 332 4116 quae
351 4055 455 4118 perse
473 4037 578 4098 vitiosa
596 4058 660 4108 non
679 4048 778 4112 esset,
803 4036 859 4098 nisi
878 4035 1033 4098 accederet
1055 4035 1222 4115 corruptio,
1253 4055 1307 4114 qua

183 4109 219 4170 fit
236 4123 269 4172 ut
288 4133 436 4195 nunquam
456 4113 607 4184 adoriatur
624 4134 680 4176 nos
699 4113 805 4189 Satan,
830 4113 900 4193 quin
919 4111 1023 4174 vulnus
1047 4111 1086 4172 ali
1108 4112 1168 4173 uod
1187 4111 1306 4191 infligat,

168 4185 233 4266 ,vel
255 4187 358 4250 saltem
383 4189 480 4284 aliqua
503 4191 667 4272 punctione
689 4211 744 4251 uos
767 4190 870 4252 laedat.
921 4177 1072 4250 Christum
1087 4133 1151 4249 hac
1173 4189 1205 4250 in
1224 4197 1306 4268 parte

137 4299 141 4318 r
183 4269 306 4348 poturae
324 4266 481 4360 integritas·
497 4289 514 4329 a
533 4267 620 4330 nohis
639 4269 792 4349 separavit,
811 4287 977 4357 quanquam
988 4283 1050 4326 uon
1061 4263 1306 4346 mediaquaedam

175 4353 217 4420 'su
237 4353 274 4396 eo
295 4341 428 4408 contiuo
447 4343 632 4430 imaginando
652 4357 712 4422 est,
742 4343 835 4424 qualis
859 4343 915 4406 lust
936 4342 969 4404 in
987 4339 1095 4418 Adam,
1123 4341 1171 4404 cui
1194 4351 1306 4404 tantum

1383 4397 1385 4462 l
