2808 4748
495 226 682 306 ormont
701 241 827 291 nourr.
1019 193 1023 200 .
1161 237 1219 304 161

93 380 157 438 tere
174 373 361 436 humanitatis
379 382 449 436 suut
468 377 618 464 expertes,
643 370 770 452 aliquam
792 383 891 434 tamen
909 371 1019 438 babere
1038 377 1131 442 mutui
1149 373 1222 444 iuris
1263 445 1266 452 ,

66 484 71 491 ·
93 450 237 538 speciem,
252 453 327 522 ,dum
347 472 427 511 suam
447 447 603 511 utilitatem
622 461 751 528 captant.

172 535 221 594 218.
259 527 353 588 Eritis
369 529 460 608 egitur
476 547 526 586 uos
544 527 684 608 perfecte
721 524 871 586 Perfectio
890 525 962 589 baec
980 551 1042 592 nou
1062 530 1245 613 aequaliter--

94 619 157 668 tem
184 617 285 680 sonat,
316 605 367 668 sed
391 615 504 664 tantum
529 603 565 662 ad
592 603 809 664 similitudinem
839 601 975 664 refertur.
1026 607 1222 682 Quantumvis

96 704 169 766 ergo
191 683 327 742 distemus
347 703 362 741 a
382 681 460 754 Deo,
480 679 602 739 dicimur
622 679 747 760 perlecti
766 698 829 740 esse
847 678 924 742 sieut
943 680 1004 760 ipse
1025 696 1077 760 est,
1097 685 1165 748 dum
1185 680 1241 748 ad'
1281 719 1282 724 ¹

96 759 222 820 eundern
247 779 367 838 scopum
391 757 554 832 tendimus,
580 776 666 835 quem
690 756 721 814 in
747 774 779 816 se
804 754 891 816 nobis
916 759 1064 837 proponit.
1103 763 1224 844 Siquis

97 837 184 896 aliter
201 834 296 911 malit,
321 855 381 894 non
402 833 435 893 lit
458 831 506 892 bic
526 833 605 892 inter
624 832 722 890 Deum
742 843 772 892 et
791 853 846 892 nos
867 833 1064 912 comparatio,
1082 839 1133 898 sed
1152 861 1224 920 per.

96 913 187 974 sectio
206 912 264 971 Dei
283 921 418 986 vocatur,
459 909 563 968 rimum
582 908 710 990 gratuita
727 927 867 988 moraque
886 907 1058 986 liberalitas,
1078 919 1152 992 quae
1171 936 1224 996 spe

95 988 171 1050 lucri
190 1009 251 1049 non
272 987 402 1049 ducitur:
427 929 534 1046 deinde
558 985 711 1068 singularis
735 985 867 1060 bonitas,
891 1007 966 1066 quae
986 1001 1051 1048 c'um
1070 987 1224 1054 bominum

95 1065 204 1127 malitia
225 1077 255 1125 et
273 1062 487 1147 ingratitudine
499 1073 600 1122 certat.
638 1061 730 1136 Quod
741 1062 845 1122 melius
857 1061 952 1142 liquet
964 1083 999 1123 ex
1010 1063 1105 1126 verbis
1116 1067 1225 1146 Lucae,

96 1156 180 1204 emoto
202 1139 417 1232 misericordes,
441 1141 514 1199 sicut
532 1152 620 1214 puter
641 1151 730 1198 uester
753 1138 888 1200 coelestis.
926 1141 1129 1208 Misericordia
1147 1144 1226 1208 enim

94 1219 280 1281 mercenarIo
300 1228 478 1300 oppomtur,
506 1217 556 1296 qui
574 1217 689 1296 privato
709 1215 867 1279 commodo
887 1215 1020 1301 alligatus
1039 1229 1094 1280 est.

139 1451 220 1532 (52.)
261 1447 508 1514 metrove
541 1446 574 1512 l>
591 1443 821 1526 Attendite'ne
834 1444 1228 1542 eleemosynamvestram

95 1552 266 1638 praestetis
288 1570 396 1614 coram
417 1547 611 1627 bominibus,
633 1570 698 1635 quo
723 1553 912 1634 spectemint
933 1551 975 1618 ab
996 1553 1077 1638 illis:
1103 1553 1228 1644 alioqui
1324 1621 1328 1630 ,

95 1651 279 1718 mercedem
298 1671 367 1716 non
387 1647 512 1716 bebetis
534 1647 622 1735 apud
647 1651 773 1732 Patrem
794 1661 950 1732 vestrum,
982 1657 1094 1741 quiin
1125 1656 1228 1724 coelis
1265 1699 1273 1706 ·

13 1747 15 1766 '
97 1763 155 1818 est.
197 1753 227 1816 2.
258 1751 371 1839 ltaque
393 1772 490 1837 quum
511 1761 656 1836 praestas
682 1749 937 1838 eleemosynam,
963 1773 1007 1820 ne
1028 1754 1114 1822 tubis
1135 1779 1231 1824 cana·

94 1863 149 1920 tur
176 1862 250 1918 ante
271 1863 318 1932 te,
340 1851 612 1938 quemadmodum
639 1852 833 1939 hypocritae
854 1853 976 1919 faciunt
994 1857 1030 1920 in
1055 1860 1230 1944 synagogis

96 1956 186 2019 etin
206 1954 300 2042 vicis,
325 1961 361 2020 ut
382 1950 606 2035 glorificentur
621 1950 666 2020 ab
686 1953 888 2020 bominibus:
915 1949 1009 2021 amen
1031 1955 1230 2042 dico'vobis,
1258 2006 1263 2016 ·

74 2052 220 2145 'babent
240 2052 422 2118 mercedem
444 2076 542 2120 suam.
582 2055 613 2120 3.
645 2051 835 2134 Caeterum,
862 2066 898 2121 tu
925 2073 1022 2143 quum
1049 2059 1231 2144 praestabis

97 2154 357 2240 eleemosynam,
385 2157 510 2220 nesciat
536 2156 665 2219 sinistra
691 2164 761 2233 tua,
795 2155 885 2241 quod
912 2154 990 2223 facit
1017 2157 1148 2226 dextera
1168 2172 1233 2242 tua,

62 2283 75 2306 ·
96 2257 128 2323 4.
148 2257 196 2321 Ut
218 2259 260 2320 sit
282 2253 493 2340 eleemosyna
513 2264 568 2318 tua
590 2255 624 2318 in
646 2254 784 2332 occulto,
807 2257 951 2342 etPater
968 2268 1051 2339 tuus,
1072 2268 1126 2348 qut
1140 2261 1232 2328 videt

96 2358 133 2422 in
153 2353 293 2435 occulto,
312 2353 430 2420 reddet
449 2353 512 2420 tibi
532 2357 566 2419 in
587 2353 771 2441 propatulo.
1036 2363 1040 2377 '

177 2515 284 2578 Mattb.
303 2523 333 2583 1.
370 2514 519 2577 Attendite
531 2529 584 2577 etc.
623 2517 691 2577 Hoc
709 2514 784 2578 loco*
798 2537 867 2576 suos
885 2515 1023 2579 bortatur
1043 2517 1177 2582 Christus
1197 2521 1236 2586 ad

96 2596 246 2658 sincerum
266 2592 415 2678 bonorum
437 2614 561 2674 opernm
580 2593 724 2670 studium,
744 2593 803 2653 boc
823 2606 882 2670 est,
908 2607 942 2654 ut
961 2595 1132 2677 simpliciter
1151 2611 1234 2662 recte
1321 2645 1324 2652 .

55 2743 59 2750 ,
97 2675 200 2734 facere
227 2672 365 2730 studeant
384 2692 483 2732 coram
503 2671 596 2746 Deo,
612 2689 675 2732 non
699 2682 797 2732 autem
823 2689 854 2730 se
880 2669 1049 2736 bominibus
1073 2685 1234 2736 ostentent.

97 2748 276 2827 Admonitio
296 2748 437 2828 imprimis
457 2747 634 2823 necessaria,
657 2747 724 2828 quia
749 2745 873 2814 ambitio
892 2769 1008 2831 semper
1026 2751 1059 2811 iu
1078 2751 1235 2816 virtutibus

97 2825 230 2888 timenda
257 2837 316 2900 cst,
345 2845 400 2885 nec
427 2824 518 2886 ullum
544 2837 589 2887 est
609 2845 683 2906 opus
703 2836 764 2886 tam
783 2822 947 2903 laudabile,
973 2827 1053 2906 quod
1077 2849 1140 2889 nou
1165 2829 1236 2892 inde

98 2923 188 2985 saepe
208 2900 305 2962 vitiari
325 2913 355 2962 et
375 2901 467 2983 pollui
488 2903 649 2985 contingat.
689 2900 846 2963 Caeterum
872 2924 927 2984 per
952 2905 1158 2984 synecdochen
1178 2905 1234 2968 sub

97 3003 158 3042 una
178 2977 278 3060 specie
298 2979 423 3040 traditur
441 2978 585 3115 generalis
607 2979 753 3040 doctrina:
775 2978 811 3038 de
824 2979 1018 3062 eleemosynis
1030 2982 1108 3042 enim
1120 2991 1236 3044 tautum

97 3057 250 3138 loquitur,
277 3057 364 3116 sicuti
389 3077 476 3136 pauo
497 3068 566 3136 post
585 3057 621 3115 de
645 3057 791 3136 precibus.
832 3054 1007 3136 Quanquam
1026 3057 1058 3119 in
1084 3058 1235 3120 nonnullis

99 3130 315 3214 exemplaribus
344 3153 399 3212 pro
437 3132 618 3211 elemosynis
642 3133 765 3212 ponitur
788 3153 899 3194 nomen
923 3137 1061 3211 institae,
1093 3135 1236 3215 quemad-

99 3211 223 3272 modum
245 3210 332 3269 etiam
351 3209 480 3269 reddidit
498 3222 580 3273 vetus
601 3210 754 3290 interpres.
793 3209 854 3269 Sed
879 3210 911 3271 in
936 3230 973 3270 eo
999 3211 1073 3271 nibil
1099 3224 1143 3274 est
1168 3234 1235 3274 mo·
1262 3267 1264 3272 .

99 3287 204 3363 menti,
226 3285 293 3364 quia
312 3271 441 3363 otioque
459 3286 549 3347 modo
570 3285 637 3346 satis
657 3297 773 3346 constat
789 3287 898 3370 corrigi
909 3287 1077 3351 ambitionis
1086 3288 1237 3368 morbum,

100 3365 171 3426 dum
191 3374 276 3422 recte
295 3362 411 3442 agendo
432 3361 527 3444 gloria
546 3361 584 3421 ab
604 3361 775 3423 bominibus
796 3376 940 3444 captatur.
1054 3359 1059 3375 '
1163 3422 1172 3436 „

176 3445 207 3506 2.
244 3438 490 3521 Quum'praestos
513 3438 727 3517 eleemosynam.
762 3439 855 3508 Tarat
873 3440 921 3501 bic
940 3442 1114 3504 nominatim
1132 3444 1237 3506 vitium

100 3539 156 3579 usu
176 3527 208 3576 et
228 3515 441 3578 consuetudine
466 3529 633 3608 receptum,
657 3516 689 3574 in
714 3537 773 3596 quo
799 3537 862 3576 uon
886 3529 1000 3580 tantum
1026 3519 1123 3612 palam
1143 3520 1238 3594 cerni,

101 3595 154 3656 sed
173 3591 309 3654 manibus
329 3591 392 3652 sere
411 3591 521 3685 palpari
539 3593 634 3652 enanis
674 3592 767 3654 loriae
786 3594 930 3673 cupiditas
952 3607 1058 3677 potunt.
1097 3597 1134 3656 In
1154 3615 1237 3656 com·

101 3672 171 3754 pitis
193 3669 273 3730 enim
294 3680 325 3728 et
342 3669 466 3750 publrcis
486 3667 571 3746 locis,
590 3668 642 3729 ubi
654 3612 916 3731 baberi‘solebant
934 3672 1045 3754 publici
1064 3681 1239 3746 conventus,

102 3745 269 3830 erogabant
292 3746 469 3828 pauperibus
497 3744 659 3826 sportulas:
684 3747 717 3806 in
742 3765 778 3807 eo
803 3749 955 3810 manifesta
975 3759 1038 3809 erat
1064 3747 1237 3825 ostentatio,
1283 3789 1286 3794 -

103 3825 186 3906 quod
207 3823 343 3884 locorum
363 3822 562 3890 celebritatem
582 3824 773 3904 quaerebant,
794 3835 828 3884 ut
845 3824 954 3887 multos
973 3825 1119 3885 baberent
1137 3834 1240 3899 testes,

12 3953 13 3956 ,
102 3921 161 3961 nec
183 3919 220 3960 eo
247 3899 380 3960 contenti
399 3900 547 3961 addebant
570 3899 656 3960 etiam
680 3900 816 3959 tubarum
853 3901 1031 3984 clangorem.
1071 3898 1239 3982 Fingebam

12 4019 13 4026 κ
104 3972 227 4058 quidem
246 3997 277 4036 se
317 3996 439 4058 cuperes
457 3996 622 4068 arcessere,
641 3987 676 4036 ut
694 3997 843 4057 nunquam
864 3980 969 4040 desunt
1007 3988 1166 4038 raetextus:
1192 3977 1242 4036 ni·

104 4053 148 4114 hil
167 4066 269 4145 tamen
288 3999 390 4116 clarius
410 4065 483 4130 erat,
503 4075 588 4134 quam
609 4072 688 4133 rpsos
706 4054 807 4116 venari
820 4055 935 4136 plausus
949 3999 1115 4117 etlaudem.
1139 4053 1240 4114 Porro

104 4129 159 4193 ubi
182 4150 323 4192 servemus
347 4131 499 4191 hominum
526 4129 634 4205 oculis,
658 4131 715 4192 iam
731 4129 831 4197 Deum
858 4151 920 4193 non
941 4131 1145 4208 constituimus
1164 4132 1242 4191 vitae

105 4219 228 4268 nostrae
249 4207 391 4268 arbitrum
412 4218 442 4269 et
465 4207 705 4288 approbatorem.
744 4207 848 4288 Itaque
872 4207 981 4268 merito
1006 4207 1077 4268 dicit
1097 4207 1243 4283 Christus,

106 4283 275 4343 mercedem
294 4305 375 4345 suam
394 4304 474 4344 nune
494 4283 619 4360 babere,
649 4283 700 4366 qui
725 4303 757 4345 se
780 4285 840 4345 boc
863 4283 954 4345 modo
980 4295 1145 4347 ostentant:
1175 4286 1243 4366 quia

106 4357 207 4432 Deum
233 4361 379 4440 respicere
402 4374 572 4444 nequeunt,
601 4381 728 4444 quorum
756 4361 861 4428 oculos
882 4359 948 4428 talis
970 4362 1084 4430 vanitas
1108 4372 1243 4448 occupat·

96 4507 113 4536 .
131 4457 579 4516 eosdemnumeros
593 4463 615 4515 1.
964 4443 1002 4510 11
