2808 4748
157 203 216 318 tat
367 245 525 310 storto
541 245 577 305 V.
616 247 766 306 Monstris
786 245 863 306 lnsn
882 257 1080 307 rumenam.

162 414 231 456 nam
249 400 364 454 tantum
383 392 416 454 in
435 391 557 474 singulis
576 390 755 482 loeisfparce
776 401 806 450 et
829 390 958 452 tenuiter
983 389 1197 480 delibell’.³¹l
1216 405 1289 456 nero
1387 359 1388 410 l

161 469 360 544 auditoribus,
392 489 466 548 quos
490 467 581 528 semel
605 481 683 528 nacti
707 467 833 541 luerint,
862 466 957 527 solide
977 467 1116 527 docendis
1140 469 1291 525 1ns1stere!

162 546 348 628 respondeo,
377 545 542 606 consilium‘
553 543 677 619 Christi,
709 546 787 604 cuius
813 543 862 602 hie
884 544 917 602 fit
940 545 1069 621 mentio,
1101 543 1168 622 quin
1192 541 1289 602 Patris
1387 593 1388 596 ,

162 623 300 684 mandato
320 633 351 682 et
368 621 519 682 vocationi
540 631 769 682 consentaneum
790 619 973 691 erat,fi1isse
993 622 1023 679 in
1042 620 1155 699 optima
1174 617 1291 677 ratione
1387 641 1388 658 ¹

162 699 327 760 fundatum.
365 697 454 759 Brevi
479 697 557 758 enim
581 709 715 777 tempore
741 696 921 777 peragranda
947 696 1003 755 suit
1029 696 1146 756 Christo
1172 694 1290 768 Iudaea,
1387 707 1388 744 t

163 787 198 842 ut
214 775 366 836 hominum
384 785 513 847 mentes,
539 776 621 852 quasi
639 772 727 834 tubae
748 773 903 854 clangore,
927 769 1032 853 passim
1054 772 1090 831 ad
1116 770 1290 830 audiendum
1387 765 1388 806 ³

162 851 359 936 Evangelium
375 851 626 934 expergefaceret:
647 849 759 930 quade
779 869 813 907 re
833 849 922 910 fusius
942 847 1011 910 alibi
1030 847 1212 909 tractandum
1227 847 1290 906 erit.

204 1008 287 1090 (to.)
328 1003 467 1074 MARC.
487 1007 540 1072 lll.
582 1003 631 1070 13.
651 1004 693 1070 Et
713 1004 858 1070 ascendit
879 1009 913 1072 in
934 1015 1084 1082 montem,
1106 1025 1144 1068 ac
1163 1005 1291 1068 vocavit

165 1107 207 1176 ad
228 1129 279 1188 se,
300 1127 384 1196 quos
404 1107 509 1172 voluit
528 1109 613 1193 ipse:
641 1116 673 1171 et
691 1117 854 1172 venerunt
874 1107 916 1198 ad
938 1127 1020 1171 eum.
1069 1105 1119 1170 14.
1145 1103 1186 1168 Et
1206 1103 1291 1182 fecit,

162 1221 199 1276 ut
220 1209 394 1276 duodecim
416 1218 523 1274 essent
544 1228 661 1286 secum,
683 1217 716 1272 et
733 1216 769 1272 ut
792 1209 1027 1273 emittereteos
1048 1204 1090 1270 ad
1103 1203 1291 1292 praedican-

129 1353 134 1363 ·
164 1310 255 1389 dnm,
298 1309 348 1374 15.
373 1309 483 1396 thue
511 1307 678 1373 haberent
695 1318 888 1396 potestatem
919 1305 1057 1372 sanandi
1081 1304 1229 1380 morbos,
1259 1314 1292 1368 et

106 1447 108 1455 v
164 1408 318 1478 eliciendi
336 1409 517 1475 daemonia.
564 1410 614 1475 16.
637 1408 680 1473 Et
707 1412 860 1496 imposuit
880 1409 1004 1474 Simoni
1029 1427 1148 1472 nomen
1169 1405 1291 1470 Petrus.

163 1511 215 1580 17.
234 1511 278 1577 Et
297 1508 450 1575 Iacobum
470 1507 575 1574 filium
593 1507 768 1590 Zebedaei,
788 1520 820 1575 et
840 1510 996 1576 Ioannem
1016 1509 1146 1574 fratrem
1167 1505 1291 1572 lacobi':
1383 1549 1385 1552 -

164 1621 198 1678 et
225 1600 378 1696 imposuit
405 1612 452 1674 eis
478 1612 610 1676 nomina
637 1610 845 1698 Boauerges,
871 1611 961 1704 qnod
989 1610 1124 1676 estwfilii
1150 1611 1291 1674 tonitrui.
1387 1679 1388 1688 χ

163 1710 214 1777 18.
240 1711 283 1776 Et
302 1709 483 1790 Andream,
504 1721 536 1776 et
560 1709 757 1797 Philippum,
779 1722 813 1777 et
832 1711 1131 1810 Bartholomaepm,
1157 1718 1189 1774 et
1209 1709 1292 1773 Mat-

162 1812 301 1892 thaeum,
309 1813 513 1892 etThomam,
527 1810 717 1877 etlacobum
726 1810 1141 1898 Alphaei,etThaddaeum‚
1153 1811 1292 1876 etSimo-

48 1965 54 1972 -
161 1933 238 1982 uem
246 1911 465 1992 Cananaeum.
492 1914 542 1979 19.
554 1913 597 1978 Et
606 1912 717 1978 ludam
730 1915 913 1993 iscarioten,
925 1917 981 1999 qni
996 1924 1028 1978 et
1037 1907 1183 2001 prodidit
1193 1911 1291 1977 illum.

247 2054 350 2124 Luc.
371 2055 427 2119 VI.
469 2055 519 2120 12.
538 2055 673 2122 Factum
695 2065 744 2124 est
763 2066 870 2122 autem
890 2056 1008 2122 inillis
1027 2057 1151 2136 diebus,
1173 2059 1247 2122 exiit
1259 2057 1292 2120 in

162 2168 307 2224 montem
335 2156 378 2223 ad
404 2156 577 2236 orandum,
614 2167 747 2245 eratque
774 2167 969 2244 pernoctans
1000 2159 1035 2222 in
1063 2157 1292 2245 deprecatione

163 2259 238 2324 D'ei.
281 2259 331 2324 13.
350 2258 393 2323 Et
414 2269 511 2345 quum
533 2259 603 2326 dies
624 2259 728 2327 factus
750 2270 842 2340 esset,
862 2260 990 2324 vocavit
1011 2257 1188 2346 discipulos
1206 2279 1291 2334 suos,

166 2369 199 2425 et
221 2357 319 2445 elegit
344 2357 516 2424 duodecim
544 2381 583 2425 ex
609 2363 701 2447 ipsis,
732 2381 814 2446 qnos
840 2369 872 2424 et
899 2357 1076 2444 Apostolos
1102 2361 1292 2423 nominavit:
1351 2377 1365 2392 ⁶

165 2459 217 2526 14.
237 2459 409 2538 Simonem,
431 2481 526 2548 quem
541 2472 573 2526 et
587 2464 765 2528 nominavit
780 2461 919 2539 Petrum,
940 2469 972 2524 et
981 2458 1144 2524 Andream
1163 2459 1291 2524 fratrem
1387 2463 1388 2504 ³

167 2563 251 2643 eius,
284 2559 437 2627 Iacobum
465 2573 497 2628 et
522 2562 695 2641 Ioannem,
728 2560 913 2647 Philippum
942 2571 973 2626 et
1002 2559 1292 2626 Bartholomaeum.
1387 2605 1388 2614 .

96 2724 99 2730 ,
166 2659 219 2728 15.
240 2661 442 2726 Matthaeum
464 2673 497 2726 et
518 2663 690 2738 Thomam‚
710 2660 866 2728 Iacobum
887 2661 1100 2762 Alphaei,et
1121 2661 1291 2738 Simonem,
1385 2749 1386 2752 Ἴ

166 2761 224 2846 qui
243 2769 379 2825 vocatur
400 2759 532 2826 zelotes.
587 2765 637 2830 16.
663 2764 706 2828 Et
725 2761 837 2826 Iudam
856 2761 984 2840 Iacchi,
1003 2772 1044 2828 »et
1069 2760 1181 2826 Iudam
1209 2763 1293 2825 Isca-

165 2863 282 2938 rioten,
304 2863 361 2947 qui
380 2859 467 2926 idem
486 2860 548 2925 fuit
565 2862 722 2948 proditor.
765 2860 817 2926 17.
838 2863 882 2926 Et
904 2861 1106 2928 descendens
1129 2878 1200 2926 cum
1221 2860 1292 2940 illis,

165 2962 254 3026 stetit
273 2963 308 3026 in
328 2961 405 3027 loco
427 2963 606 3047 campestri,
632 2959 792 3048 turbaque
812 2960 1042 3054 discipulorum
1065 2965 1141 3040 eius,
1157 2972 1195 3040 ¹et
1215 2961 1294 3027 mul·
1387 2947 1388 2966 ¹

166 3059 272 3128 titudo
293 3064 427 3149 copiosa
447 3062 555 3149 plebis
575 3084 614 3128 ex
634 3064 724 3134 omni
744 3060 864 3126 Iudaea
885 3074 918 3129 et
933 3063 1117 3142 Ierusalem,
1138 3073 1171 3128 et
1189 3085 1208 3127 a
1229 3084 1295 3128 ma-

75 3184 81 3199 .
141 3181 145 3246 j
164 3163 272 3228 ritima
293 3162 386 3247 Tyro
409 3173 442 3228 et
461 3163 601 3242 Sidone,
641 3164 691 3229 18.
714 3161 784 3249 Qui
803 3175 969 3244 venerant,
986 3175 1033 3231 ut
1043 3164 1191 3230 audirent
1212 3185 1292 3242 eum,

167 3270 413 3328 et'sonarentur
438 3285 457 3327 a
478 3262 600 3330 morbis
627 3267 706 3344 suis,
735 3267 844 3351 etqui
863 3263 1062 3344 vexabantur
1088 3287 1107 3329 a
1128 3264 1292 3352 spiritibus

166 3359 338 3428 immundis
366 3361 572 3430 sanabantur.
618 3363 668 3430 19.
695 3365 738 3430 Et
763 3368 866 3434 omnis
892 3365 988 3431 turba
1015 3363 1192 3453 quaerebat
1220 3385 1293 3431 eum

167 3471 309 3548 tangere,
330 3465 407 3549 quia
426 3467 528 3530 virtus
549 3463 592 3530 ab
612 3465 672 3531 illo
691 3465 806 3546 exibat,
827 3476 860 3531 et
880 3466 1014 3532 sanabat
1035 3489 1155 3534 omnes.

240 3592 333 3654 Marc.
351 3597 399 3661 13.
435 3593 580 3656 Ascendit
596 3600 628 3658 in
644 3613 776 3660 moerens.
814 3597 878 3660 Hac
899 3596 1046 3660 electione
1064 3597 1196 3659 nondum
1208 3595 1293 3678 Apo·
1387 3597 1388 3612 ¹

164 3668 259 3732 stolos
278 3671 411 3747 ordinat,
435 3684 469 3733 ut
491 3675 626 3754 protinus
644 3695 767 3744 munere
785 3693 839 3736 suo
860 3674 1035 3756 fungantur,
1057 3675 1108 3736 sed
1128 3687 1244 3736 tantum
1263 3674 1294 3734 in

165 3766 248 3837 ppem
267 3744 459 3840 Apostplatus
479 3771 530 3810 eos
549 3751 605 3842 sibi
625 3751 852 3842 contubernales
872 3743 1028 3842 discipulos
1047 3752 1178 3832 adoptat.
1224 3751 1294 3826 Qua

164 3843 198 3880 m
217 3841 251 3888 te
270 3822 439 3886 hallucinati
458 3839 527 3888 sunt
550 3840 742 3912 interpretes,
766 3829 817 3908 qui
839 3825 922 3888 locos
946 3840 1016 3890 ustos
1040 3847 1195 3910 perperam
1220 3848 1294 3890 con-

163 3897 295 3960 fundunt
319 3922 386 3960 cum
410 3902 515 3962 Mattb.
534 3909 581 3968 10.
603 3927 664 3986 cap.
708 3905 800 3985 Atqui
817 3903 907 3967 verba
926 3904 1004 3964 clare
1029 3917 1153 3982 sonant,
1174 3917 1293 3966 tuntum
1387 3909 1388 3980 3

164 3989 217 4062 9⁰?
238 3975 377 4038 destinari
395 3977 431 4037 ad
456 3979 584 4040 futuram
608 3981 804 4064 legationem,
830 4001 904 4060 quae
929 3981 1006 4061 apud
1029 3981 1211 4042 Matthaeum
1234 3981 1292 4041 illis

164 4051 337 4134 iniungitur.
374 4053 415 4116 Et
438 4055 554 4132 Marcus
575 4070 605 4118 et
622 4059 715 4122 Lucas
736 4058 842 4119 deinde
860 4077 914 4118 suo
935 4055 1003 4118 loco
1023 4058 1293 4120 missionem'rele-

163 4136 244 4216 τεῳ,
256 4135 352 4207 quani
370 4131 431 4202 illie
449 4133 852 4208 Matthaeuscommemoret.
891 4135 955 4194 Nec
973 4133 1080 4194 mirum
1100 4147 1154 4210 est,
1173 4135 1197 4196 si
1217 4156 1294 4216 pau-

164 4192 245 4259 lfillm
265 4223 317 4294 eos
335 4207 372 4267 ad
390 4219 451 4270 tam
469 4210 589 4274 arduam
608 4213 788 4292 provinciam
807 4211 935 4274 formare
953 4222 984 4270 et
1003 4211 1185 4288 assuefacere
1197 4209 1294 4273 voluit
1387 4249 1388 4262 .

154 4271 298 4344 ‚mellitus
308 4284 475 4369 magister,
527 4309 632 4350 uorum
661 4290 773 4353 ruditas
803 4307 842 4348 ne
871 4285 970 4368 longo
1003 4285 1100 4348 uidem
1120 4287 1295 4368 disciplinae
1387 4319 1388 4328 κ

165 4359 221 4406 ¹¹³⁰
239 4351 348 4440 ιοιτιὲῑ
366 4364 473 4440 potuit.
493 4311 589 4430 int
982 4307 1011 4426 l
1235 4363 1243 4377 ‘

1223 4605 1228 4640 l

592 4365 825 4448 euvangelistae
835 4363 990 4445 dienati]
1013 4363 1115 4429 ristun
1126 4361 1292 4430 ascendisse
1387 4367 1388 4448 J
