2808 4748
192 247 251 312 188
651 237 804 314 storto
823 239 877 302 v1.

191 405 324 472 vagaque
347 385 496 466 protervia
519 383 653 452 reductas
684 385 894 480 comprimere,
924 384 1000 446 hane
1023 383 1212 446 acerbitatem
1239 382 1319 446 laeta
1394 413 1395 418 1

192 465 434 545 compensatione
451 462 580 546 mitigat,
599 485 689 544 quom
709 465 791 540 dicrt,
809 473 930 545 angusta
948 471 1036 544 porta
1055 473 1086 521 et
1101 461 1148 524 ria
1166 461 1267 523 intrari
1287 462 1321 521 in
1392 435 1395 496 l

190 543 289 605 vitam.
326 540 453 602 Rursum
478 560 517 600 ne
540 538 714 604 licentiosae
737 562 770 602 ac
790 539 946 601 dissolutae
964 539 1042 600 vitae
1064 537 1209 598 illecebris
1229 538 1318 618 capti,

191 621 284 701 phout
302 639 358 679 nos
376 616 467 678 trahit
486 617 579 678 carnis
597 615 701 692 lihido,
718 636 868 700 vagemur,
886 616 919 675 in
937 625 1065 675 mortem
1084 635 1170 684 ruere
1184 635 1316 695 pronun·
1394 615 1395 686 f

189 695 257 771 tint,
277 695 329 775 qui
346 714 401 776 per
418 693 575 786 spatiosam
585 691 661 756 viam
680 703 711 754 ct
729 693 816 755 latam
835 705 951 774 portam
961 691 1077 774 ingredi
1090 690 1212 766 malunt,
1231 712 1315 770 qnam
1394 697 1395 772 l

110 803 116 820 ·
191 792 229 832 an
254 772 342 832 ostias
357 770 486 843 cubuc,
511 789 586 850 quae
604 771 717 832 ducunt
736 771 773 830 ad
796 771 893 833 vitam.
940 767 1121 830 Nominatim
1140 788 1211 829 vero
1237 767 1314 842 dicit,
1394 773 1395 782 ’

265 869 297 907 os
327 867 382 928 per
407 847 562 929 spatiosam
584 847 660 908 viam
684 865 823 924 currere,
855 845 922 926 quia
953 865 985 908 se
1011 843 1144 907 homines
1174 845 1315 926 perversis
1394 845 1395 850 ’

192 924 331 1004 exemplis
349 935 453 988 mutuo
471 922 668 1003 pessumdant.
706 922 795 985 Unde
807 924 886 984 enim
904 923 948 998 iit,
965 931 999 981 ut
1017 920 1125 1004 singuli
1143 940 1173 982 se
1193 921 1314 982 scientes

191 1023 227 1064 ac
245 1001 382 1084 rplentes
400 1019 503 1062 secure
522 1000 731 1080 praecipitent,
754 999 810 1060 nisi
830 999 897 1080 quia
916 998 1014 1081 perire
1036 1017 1068 1058 se
1094 1017 1156 1057 non
1175 997 1315 1080 cogitant,

191 1078 261 1139 dum
280 1088 408 1158 pereunt
432 1077 465 1136 in
488 1096 595 1158 magua
617 1075 724 1139 turha?
763 1077 877 1139 Contra
906 1088 1003 1138 autem
1032 1073 1162 1136 fidelium
1186 1073 1313 1153 paucitas

189 1154 301 1216 multos
319 1152 417 1214 reddit
434 1151 570 1235 ignavw
596 1172 684 1234 aegre
708 1153 788 1214 euim
807 1151 992 1230 adducimur,
1024 1164 1059 1212 ut
1075 1149 1186 1211 mundo
1205 1169 1314 1210 renun-

69 1264 72 1274 =
189 1233 298 1294 tiantes
323 1250 379 1292 nos
404 1229 549 1308 arvitam
568 1240 701 1290 nostram
720 1230 757 1291 ad
775 1245 937 1312 paucorum
956 1249 1052 1291 mores
1072 1225 1315 1293 formemusa‘ah-

170 1308 312 1384 -surdum
326 1307 410 1368 enim
429 1316 574 1388 putamus,
592 1307 677 1367 avelli
696 1328 751 1370 rros
771 1328 788 1366 a
807 1305 1008 1380 multitudine,
1026 1305 1084 1366 acsi
1104 1323 1166 1364 uon
1190 1323 1315 1366 essemus
1394 1363 1395 1372 ,

189 1403 257 1468 pars
275 1383 393 1468 generis
418 1381 547 1444 humani.
586 1383 727 1458 Quamvis
752 1394 850 1445 autem
870 1383 1003 1445 doctrina
1024 1381 1133 1444 Christi
1156 1401 1210 1442 nos
1233 1380 1315 1461 quasi

188 1463 305 1522 vinctos
330 1458 527 1540 constringat,
557 1459 645 1520 sitam
669 1472 799 1522 nostram
825 1460 940 1542 redigat
965 1459 997 1520 in
1027 1459 1085 1519 iter
1108 1479 1144 1518 an
1168 1469 1315 1533 ustum,a
1394 1503 1395 1514 ,

188 1538 278 1600 turha
295 1546 465 1630 segregatos
485 1537 584 1615 paucis
604 1538 760 1600 comitibus
779 1536 928 1629 adiungat,
945 1556 1007 1596 uon
1027 1548 1125 1596 tamen
1157 1534 1224 1595 chet
1243 1534 1315 1595 hacc
1394 1541 1395 1588 ἒ

189 1612 278 1676 nohis
296 1623 437 1692 aspemtas
456 1612 599 1690 obstare,
616 1615 773 1694 quominus
796 1613 833 1674 ad
852 1625 940 1675 vrtam
963 1615 1115 1674 enitamur.
1159 1611 1315 1674 Caeterum

191 1711 227 1750 er
245 1691 325 1748 Luca
344 1689 414 1768 satis
433 1702 570 1771 apparet,
594 1689 652 1752 hoc
676 1689 735 1754 alio
760 1703 896 1782 tempore
915 1690 1023 1750 dictum
1043 1689 1130 1751 luisse
1149 1709 1165 1748 a
1185 1687 1316 1763 Christo,

183 1777 357 1900 quamquo
378 1766 415 1828 de
434 1766 521 1828 heato
539 1767 599 1827 vita
638 1767 792 1846 uae'prius
810 1764 933 1828 vidimus
951 1765 1096 1847 paradoxa
1119 1764 1258 1846 protulit,
1284 1775 1316 1824 et

71 1889 76 1898 ,
187 1841 247 1904 ilis
272 1841 393 1904 tradidit
415 1843 521 1903 orandi
544 1787 686 1924 reguiam.
734 1844 835 1922 Atque
858 1843 889 1903 id
909 1841 1052 1922 estquod
1076 1842 1133 1902 iam
1158 1840 1315 1922 aliquoties

83 1941 85 1948 ¹
189 1918 289 2002 attigi,
315 1938 390 1999 quae
409 1921 530 2000 sparsim
549 1919 586 1980 ab
605 1919 670 1990 aliis
687 1917 882 2001 Evangelistis
899 1918 1060 1981 secundnm
1079 1918 1315 1981 historiae'ordi·

187 2015 259 2058 narn
282 2007 452 2070 narrantur,
482 1994 513 2054 in
544 2014 632 2054 unam
655 2015 796 2056 summam
820 1996 862 2056 sic
886 1993 1011 2059 collecta
1034 2015 1135 2076 essexa
1154 1995 1315 2072 Matthaeo,

211 2093 252 2134 oo
269 2071 373 2134 melius
391 2071 445 2132 suh
466 2069 558 2132 oculis
577 2083 719 2163 poneret,
745 2070 869 2163 qualiter
886 2092 955 2134 suos
976 2071 1134 2153 discipulos
1157 2072 1314 2134 instituerit

187 2095 335 2212 Christus.
384 2149 491 2228 Itaque
515 2148 659 2210 suhircere
683 2149 770 2210 liburt
791 2159 890 2218 toturn
908 2149 1007 2210 Lucae
1030 2149 1146 2225 locum,
1176 2149 1227 2230 qui
1245 2149 1315 2208 huic

188 2229 354 2298 sentcntiae
383 2224 577 2306 respondet·
604 2227 681 2287 Nam
704 2226 757 2286 uhi
787 2227 891 2298 sedulo
923 2248 939 2287 a
967 2246 1016 2286 me
1040 2226 1181 2286 admoniti
1204 2227 1313 2286 inerint

188 2302 317 2364 lectores
337 2301 374 2365 dc
396 2301 540 2382 temporis
559 2303 651 2380 serie,
674 2324 761 2383 quam
779 2303 874 2384 Lupus
893 2302 1072 2380 observavit,
1094 2304 1209 2364 veniam
1231 2301 1312 2376 mihi,

187 2392 224 2440 ut
247 2401 352 2474 spero,
383 2379 511 2452 dabunt,
539 2378 564 2440 si
588 2378 621 2440 in
646 2379 815 2464 aggercuda
832 2376 966 2444 doctriua
988 2401 1051 2443 non
1075 2381 1165 2464 magis
1184 2381 1316 2442 curiosus

187 2456 296 2520 fuerim
315 2473 402 2542 quam
420 2455 593 2520 Matthaeus.
712 2467 714 2474 '
1084 2449 1094 2480 ⁸

228 2693 309 2774 (65.)
351 2691 561 2759 LUC.X111.'
596 2692 655 2759 23.‘
668 2692 724 2760 Ait
745 2702 851 2762 autem
871 2689 922 2757 illi
941 2689 1080 2777 quidam,
1099 2689 1252 2768 Domine,
1270 2709 1312 2753 an
1394 2729 1395 2782 p

186 2793 285 2878 pauci
305 2800 394 2872 sunt,
425 2794 482 2879 qui
502 2791 637 2858 salutem
659 2793 921 2881 consequuntur?
949 2795 1019 2878 ipse
1047 2801 1153 2858 antem
1173 2790 1250 2857 dixit
1271 2789 1312 2855 ad
1394 2801 1395 2806 ’

184 2889 277 2970 ilipa,
317 2890 368 2958 24.
398 2891 600 2962 contendite
623 2879 748 2959 ¹intrare
774 2916 834 2981 per
865 2903 1028 2980 angustam
1059 2904 1201 2979 pompm,
1236 2893 1312 2980 quia

85 3046 87 3060 .
185 2984 287 3070 multi,
307 2990 382 3060 dico
400 2992 505 3076 vohis,
527 3004 686 3092 quaerent
701 2997 831 3076 intrare,
850 3005 884 3061 ct
902 3015 971 3063 nou
990 3003 1160 3090 poterunt

252 3146 334 3238 ‘Luc
352 3155 401 3216 23.
434 3151 493 3212 Ac
509 3165 604 3218 autent
621 3151 668 3212 illi
685 3151 814 3232 quidam,
833 3167 885 3213 ete.
924 3151 1055 3216 Tametsi
1074 3151 1235 3214 Matthaeus
1254 3150 1313 3211 hoc

185 3221 297 3284 Chresti
322 3245 496 3308 responsum
525 3229 604 3289 inter
634 3229 703 3292 alias
728 3229 915 3292 concionales
943 3230 1101 3291 sententias
1124 3227 1229 3291 recitat
1251 3248 1312 3288 nno

185 3310 344 3377 contextu,
363 3306 547 3368 occasionem
567 3317 665 3368 tamen
679 3308 727 3370 sic
746 3306 888 3387 loquendi
907 3307 1002 3368 datam
1023 3308 1051 3366 ei
1074 3305 1162 3368 fnisse
1180 3305 1313 3388 suspicor

167 3395 221 3468 ,οξ
245 3381 393 3456 praesenti
417 3383 661 3465 interrogatione.
711 3385 808 3446 Porro
823 3383 926 3446 huius
950 3383 1127 3464 quaestionis
1150 3382 1313 3442 movendae

8 3525 10 3530 s
184 3452 300 3516 ”delur
319 3453 407 3517 luisse
425 3459 513 3535 ratio,
533 3459 614 3538 qued
636 3460 786 3537 Christos,
805 3461 862 3541 qui.
875 3481 907 3524 se
925 3461 1001 3522 vitae
1019 3471 1170 3520 auctorem
1188 3459 1312 3540 prolite-

8 3553 10 3570 ι
71 3596 74 3602 ,
183 3529 287 3606 hatur,
310 3531 356 3622 vix
379 3535 666 3618 pancos‘disciprrlos
693 3539 835 3620 colligere
854 3548 980 3619 poterat.
1019 3535 1123 3597 Videri
1139 3547 1237 3596 auteur
1255 3555 1312 3628 po-

8 3623 9 3632 *
183 3617 271 3682 terat,
291 3615 394 3692 exigua
413 3609 567 3674 hominum
586 3637 674 3676 manu
692 3627 814 3694 servata,
834 3626 927 3682 totam
946 3613 1105 3678 Ecclesiam
1125 3613 1240 3694 pessum
1259 3630 1311 3672 rre.
1394 3673 1395 3684 ,

117 3691 119 3703 “
184 3684 298 3744 Totum
317 3685 559 3780 eeimpppulttm
582 3691 682 3771 ittrm,
705 3693 782 3784 appd
802 3711 896 3773 querca
915 3711 978 3754 uon
996 3710 1177 3828 malgnopere
1194 3688 1314 3780 rigebat
1394 3687 1395 3710 ¹

185 3759 298 3822 Christi
318 3762 468 3839 doctrina,
487 3787 547 3827 rmo
567 3790 585 3829 a
605 3791 664 3848 quo
683 3791 788 3852 pcssrnr
808 3768 1032 3849 respuebatur„
1065 3787 1116 3828 eus
1135 3767 1217 3846 quasi
1235 3778 1312 3828 vrtae

124 3852 126 3856 ·
183 3835 342 3910 haeredem
361 3840 558 3921 adoptaverat
596 3847 708 3914 Eadem
727 3859 758 3908 et
776 3845 881 3921 nohis,
892 3844 1008 3925 quoties
1020 3863 1191 3926 perversum
1210 3841 1312 3904 mundi

139 3939 148 3948 ·
183 3923 292 3994 statum
301 3917 461 4005 cernimus,
481 3919 601 4010 obrepit
612 3923 769 3998 dubitatio,
789 3923 860 4002 quid
880 3921 1014 4015 ¹¹,90'Sibi
1025 3921 1104 4012 velit,
1123 3919 1203 4012 quod
1218 3920 1313 3981 maior

100 4047 125 4055 ff
182 3992 685 4138 sestertiarius
705 3999 1032 4139 zittert-,raa
1048 3997 1313 4138 stratis

186 4137 293 4232 derput
317 4144 428 4207 intrare
441 4171 500 4224 per·
517 4166 671 4227 angustam
682 4165 814 4228 portam..
851 4151 968 4228 Quibus
985 4119 1082 4215 terhis
1100 4117 1169 4212 ilios
1189 4172 1205 4210 a
1223 4149 1313 4212 stulta

184 4230 354 4304 turrosrtatc
377 4225 524 4316 ahduccre
547 4227 657 4304 voluit,
681 4251 757 4324 quae
780 4229 939 4321 plerosqqe
960 4239 1093 4292 moratur
1118 4225 1313 4362 εῌιιῖὶῐοαι,

185 4305 236 4362 (1¹¹¹
255 4311 380 4385 ctrcums
401 4313 509 4381 rerunt,
539 4327 577 4367 an
600 4325 632 4366 se
652 4305 702 4387 ahp
724 4317 848 4367 comrtes
872 4307 1049 4388 adrungarst,
1080 4325 1164 4384 quase
1186 4314 1313 4366 sautem

186 4379 328 4446 consequi
342 4394 388 4438 ,no
402 4377 446 4439 ‘nt
463 4383 520 4445 uisi
539 4383 572 4446 in
591 4382 687 4446 turha.
730 4382 810 4444 Dum
837 4393 958 4453 certare,
968 4381 1112 4472 vel-‚eniti
1130 4379 1228 4459 iubet,
1245 4399 1311 4444 nou
