2824 4756
923 173 933 209 l

405 245 565 296 '¹1

342 455 344 460 .
424 380 485 457 (24·
500 375 629 459 Jteditus
649 396 683 437 ex
701 343 862 462 Aegypto.)
973 339 976 346 ’
1167 385 1208 450 83
1262 424 1277 482 ’γ
1358 333 1379 366 ¹.

70 546 120 587 ces
140 536 185 586 est
204 523 300 586 labori
319 533 387 600 tuo,
407 531 437 583 et
456 541 523 606 spes
543 509 706 584 novissimis
726 521 800 596 tuis,
820 533 875 589 ete.
914 524 995 588 Haec
1014 525 1105 608 igitur
1122 523 1203 588 simi.

70 601 169 663 litudo
190 613 235 662 est
252 601 359 682 prioris
380 596 468 662 cladis
492 603 524 663 in
548 598 630 660 tribu
649 597 966 679 Beniamin-acceptae
986 623 1051 662 cum
1076 603 1130 664 hac
1153 623 1201 665 se-

69 678 180 757 cunda,
201 679 281 760 quod
302 689 426 760 utraque
444 675 646 764 restituendae
666 696 734 736 mox
753 674 854 738 salutis
875 675 1054 757 praeludium
1072 678 1138 740 tuit.

89 901 91 908 ’
112 909 194 992 (24.)
234 883 408 978 ΜΑῬΊἮ.
430 905 468 975 ll.
511 909 560 975 19.
581 831 758 977 Caeterum
782 905 938 980 deiuncto
961 887 1105 990 Herode,
1125 875 1201 978 ecce

67 1003 217 1098 Angelus
242 1010 378 1078 Domini
405 1032 465 1097 per
491 995 649 1076 somnium
676 1021 811 1098 apparet
838 1009 957 1096 loseph
986 1012 1021 1074 in
1042 1011 1202 1098 Aegypto,
1238 1055 1243 1065 ·

68 1112 120 1175 20.
145 1110 283 1192 Dicens,
312 1113 431 1198 Surge,
467 1120 499 1177 et
527 1131 652 1178 assume
680 1132 815 1200 puerum
845 1118 878 1175 et
903 1121 1037 1176 matrem
1060 1112 1142 1192 eius,
1170 1122 1203 1178 et

66 1209 157 1276 vade
172 1215 206 1279 iu
224 1223 343 1280 terram
364 1212 480 1278 Israel:
517 1201 662 1278 defuncti
689 1223 764 1280 sunt
791 1213 891 1292 euim,
924 1215 979 1330 qui
1001 1211 1204 1298 quaerebant

67 1315 205 1378 animam
227 1317 350 1401 pueri-1
374 1314 425 1378 21.
446 1313 489 1378 At
509 1311 568 1378 ille
588 1325 722 1398 surgens
744 1315 912 1400 assumpsit
933 1333 1069 1399 puerum
1086 1325 1118 1379 et
1137 1329 1204 1382 nta-
1302 1305 1305 1317 ’

67 1423 148 1479 trem
171 1414 276 1494 illius,
297 1425 331 1480 et
349 1416 440 1479 venit
460 1415 496 1478 in
516 1421 636 1478 terram
657 1413 767 1480 Israel.
798 1404 859 1500 22.
880 1415 1004 1479 Verum
1027 1432 1124 1502 quum
1147 1437 1203 1480 au·

67 1513 178 1595 disset,
198 1513 394 1582 Archelaum
413 1534 549 1599 regnare
571 1508 605 1579 in
626 1512 749 1580 Iudaea
768 1509 846 1580 loco
863 1512 1130 1602 Herodis'patris‘
1142 1520 1203 1599 sui,

65 1617 174 1682 timuit
194 1614 274 1680 illue
294 1612 401 1680 abire:
426 1613 486 1682 sed
508 1615 642 1694 oraculo
664 1615 849 1698 admonitus
869 1637 930 1702 per
950 1620 1123 1706 somnium,
1150 1639 1201 1685 se·

66 1718 165 1781 cessit
191 1718 226 1782 in
252 1726 362 1803 partes
385 1714 564 1781 Galilaeae.
605 1718 657 1784 23.
684 1710 763 1804 Qiro
791 1713 956 1804 profectus
982 1715 1139 1784 habitavit
1164 1719 1200 1786 in

28 1867 31 1874 .
66 1815 168 1897 urbe,
198 1839 292 1906 quae
305 1817 455 1883 ”vocatur
475 1817 655 1898 Nazareth,
689 1827 724 1883 ut
745 1815 949 1902 impleretur,
968 1811 1058 1906 quod
1079 1817 1199 1888 dietum

68 1917 174 1985 luerat
195 1941 256 2008 per
276 1919 463 2006 Prophetas,
483 1918 671 1986 Nazaraeus
691 1915 870 1984 vocabitur.

877 2067 882 2077 ¹
1129 2091 1133 2102 .
1310 2075 1324 2100 x

143 2119 191 2180 19.
229 2110 382 2193 Defimcto
402 2107 533 2172 Herode
575 2110 752 2172 Ostenditur
780 2109 826 2170 his
856 2097 954 2172 ideis
1005 2115 1201 2180 asseverantis

68 2187 135 2250 fidei
155 2190 223 2250 lose
246 2190 276 2264 h,
295 2189 376 2271 quod
394 2188 501 2269 pedem
520 2187 552 2247 in
570 2185 710 2278 Aegypto
728 2186 816 2246 lixum
836 2183 949 2262 habuit,
989 2203 1065 2258 onec
1084 2213 1200 2256 rursum

17 2321 26 2346 ,
68 2265 125 2324 Dei
144 2213 286 2328 mandato
307 2276 497 2325 revocaretur
516 2265 546 2322 in
566 2275 699 2344 p'atrram.
737 2262 855 2322 Interea
873 2264 1015 2341 videmus,
1035 2263 1200 2342 Dominum

68 2361 136 2402 suos
155 2357 308 2424 nunquam
326 2341 470 2417 frustrari,
491 2340 561 2418 quin
577 2350 746 2420 opportune
765 2337 823 2398 illis
842 2350 1000 2400 succurrat
1040 2341 1200 2407 Caeterum

69 2419 224 2496 probabile
256 2428 315 2492 est,
345 2417 442 2478 statim
473 2423 542 2496 p‘ost
560 2414 689 2476 Herodis
712 2425 840 2474 mortem
865 2413 974 2494 Ioseph
1007 2433 1041 2474 ex
1060 2418 1200 2501 Aegypto
1280 2417 1287 2424 ’

12 2547 16 2572 ,
69 2495 205 2570 rediisse,
226 2495 396 2594 priusquam
415 2492 565 2574 Augustus
586 2489 695 2550 Caesar
714 2488 891 2548 Archelaum
909 2510 962 2550 suo
984 2491 1104 2553 decreto
1126 2516 1200 2556 con-

68 2571 211 2630 stituisset
241 2569 369 2628 Iudaeae
402 2565 610 2626 Ethnarcham.
664 2565 745 2644 Quia
781 2563 858 2622 enim
892 2565 983 2648 patris
1021 2575 1200 2635 testamento

69 2647 194 2730 scriptus
215 2657 279 2706 erat
298 2643 383 2730 regni
407 2653 573 2714 successor,
603 2641 719 2702 tametsi
748 2633 887 2702 abstinuit
911 2663 928 2702 a
957 2643 1080 2704 nomine
1104 2648 1201 2734 regio,

70 2723 219 2804 praelatus
245 2723 303 2782 hoc
322 2742 339 2780 a
359 2721 432 2780 nutu
453 2729 483 2779 et
506 2719 638 2779 arbitrio*
652 2717 785 2779 Caesaris
810 2717 955 2798 pendere,
981 2720 1080 2782 omnia
1099 2735 1199 2788 tamen

70 2820 124 2878 pro
144 2800 271 2884 imperio
292 2797 389 2881 gessit.
427 2795 544 2857 Deinde
563 2779 689 2856 Ilomam
715 2785 864 2876 proiectus
884 2796 1015 2857 obtinuit
1041 2799 1200 2880 confirma.

17 2935 18 2942 χ
71 2877 198 2937 tionem}
221 2887 335 2937 tantum
355 2873 399 2934 illi
418 2893 527 2934 nomen
553 2873 631 2956 regis
651 2883 791 2955 negatum
814 2869 883 2947 luit,
909 2873 1005 2936 donee
1024 2873 1108 2938 sactis
1126 2878 1200 2961 pro‘.

17 2953 18 2966 ¹
71 2955 188 3014 meritus
214 2964 298 3014 esset.
343 2949 495 3012 Galilaeae
518 2971 589 3011 vero
642 2961 756 3032 raserat
779 2947 855 3008 Phili
879 2961 950 3036 pus,
982 2947 1026 3012 vir
1055 2955 1202 3032 mansueti

72 3029 99 3087 in
123 3030 184 3089 enii
202 3029 448 3110 etlereprivato
469 3027 578 3088 similis.
617 2971 699 3108 Ergo
720 3028 751 3086 in
773 3027 833 3086 eius
853 2969 996 3087 ditionem
1016 3019 1200 3112 Ioseph'An‘·

73 3047 128 3186 geli
149 3107 266 3168 monitu
292 3107 451 3180 concessit,
482 3104 550 3184 quia
574 3103 627 3164 suh
652 3103 789 3195 principe
810 3103 932 3190 minime
956 3098 1143 3188 sanguinario
1169 3121 1202 3172 et
1293 3174 1296 3186 ‚

72 3203 136 3243 suos
161 3184 324 3244 clementer
347 3181 468 3242 fovente
491 3181 586 3241 minus
612 3192 675 3264 erat
698 3179 831 3262 penculi.
873 3180 971 3242 Po'rr'o
995 3202 1112 3264 semper
1134 3199 1201 3247 me·

72 3258 162 3320 moria
180 3259 344 3321 tenendum
369 3269 413 3318 est
429 3256 489 3317 Dei
512 3256 682 3332 consilium,
710 3257 792 3336 quod
810 3256 918 3317 Filium
940 3279 1025 3319 suum
1050 3261 1087 3326 ab
1111 3261 1200 3338 initio

73 3334 123 3395 sub
144 3337 239 3398 crucis
264 3333 438 3396 rudimentis
457 3332 658 3411 continuerit,
709 3333 755 3394 uia
778 3333 913 3395 haec'illi
932 3332 1120 3408 redimendae
1139 3331 1200 3402 Ec·

74 3409 175 3473 clesiae
194 3415 298 3496 lutura*
314 3423 377 3471 erat
395 3407 480 3470 ratio.
523 3409 599 3472 Nam
619 3421 656 3500 et·
674 3351 743 3470 ideo
763 3409 946 3472 infirmitates
967 3424 1081 3474 nostras
1099 3413 1201 3494 subiit,
1259 3485 1260 3492 ἵ

95 3488 206 3553 ericults
234 3489 382 3550 subiectus
402 3485 472 3558 fuit,
500 3497 532 3546 et
555 3483 712 3546 timoribus
739 3487 898 3562 obnoxius,
922 3499 956 3548 ut
975 3485 1134 3552 Ecclesiam
1160 3492 1199 3554 ab

74 3505 127 3622 lltis
147 3566 244 3626 divina
263 3558 432 3642 euaristute
451 3561 604 3622 liberatam
623 3575 742 3624 aeterna
760 3571 836 3645 paee'
852 3563 984 3648 donaret
1025 3566 1126 3642 Quare
1137 3567 1201 3630 eius

77 3637 234 3716 periculum
263 3652 363 3703 nostra
387 3637 443 3699 luit
470 3639 624 3715 securitas,
654 3651 749 3699 metus
774 3639 835 3702 eius
858 3653 959 3704 nostra
983 3641 1105 3710 fiducias
1136 3663 1200 3704 non
1229 3671 1233 3678 ²

97 3717 153 3776 nod
172 3720 230 3780 iam
255 3730 328 3779 tunc
353 3715 409 3778 sibi
434 3735 489 3798 per
512 3727 638 3777 aetatem
661 3728 824 3792 metueret,
853 3717 909 3778 sed
926 3719 993 3810 quia
1036 3739 1071 3778 ro
1091 3715 1204 3782 timore‘

78 3733 186 3876 loseph¹
205 3807 236 3857 et
258 3795 369 3876 Mariae
394 3794 450 3852 huc
474 3790 544 3853 illuc
568 3783 846 3868 'circumldrehatum
875 3807 981 3857 mento
1008 3739 1065 3856 dici
1090 3806 1202 3876 potest,

79 3882 223 3961 susceptos
249 3872 287 3934 ab
313 3891 350 3932 eo
376 3880 493 3934 nostros
515 3869 654 3947 timores,
682 3882 716 3930 nt
743 3866 930 3952 tranquillam
955 3869 1089 3933 fiduciam
1113 3871 1201 3932 nobis

78 3962 108 4003 ac
127 3962 245 4010 uiseret.
642 3999 645 4004 .
1042 3966 1043 3974 ’
1150 4007 1151 4016 ,

110 3967 196 4090 ᾳ23.
234 4023 409 4086 Nazaracus
426 4017 581 4084 mauditum
619 4021 689 4084 Non
710 4021 828 4086 deducit
843 4023 1007 4086 Matthaeus
1018 4020 1199 4085 Nazaraeum
1230 4039 1235 4060 ·

82 4097 268 4163 &Nazarethr
287 4102 368 4197 quasi
392 4100 430 4161 sit
454 4098 527 4160 haec
549 4099 669 4182 propria
690 4111 720 4161 et
739 4113 819 4163 certa
839 4100 1033 4183 etymologia,
1062 4099 1114 4161 sed
1132 4109 1200 4162 tan-¹

82 4179 138 4232 tum
158 4176 202 4237 e‘st
219 4179 332 4243 allusio.
371 4177 531 4240 Caeterum
550 4195 608 4241 arn
627 4187 759 4240 sanctum
788 4189 820 4238 et
836 4178 905 4240 Deo
930 4184 1134 4238 consecratum
1157 4174 1199 4238 si·
1260 4193 1263 4198 ·

83 4253 195 4330 gnificat
209 4279 224 4322 a
236 4281 299 4339 ut),
319 4262 399 4342 qudd
419 4271 464 4321 est
482 4270 632 4343 separare..
664 4259 796 4320 Hebraei
803 4258 926 4339 ¹quidem
944 4269 991 4322 'tta'
1010 4256 1117 4318 florem
1137 4253 1201 4338 [vel

83 4335 186 4414 Potius,
203 4341 373 4404 diadematis
383 4340 513 4424 insigne]
533 4338 695 4423 appellant,
711 4340 765 4401 sed
776 4340 899 4400 minime
917 4337 1037 4401 dubium
1056 4348 1111 4414 est,
1130 4337 1203 4418 quin

32 4409 33 4424 ¹
83 4421 192 4476 sensum
211 4417 292 4480 illum
311 4417 470 4502 priorems
493 4417 633 4480 ectaverit
647 4416 822 4496 Matthaeus.
859 4417 1011 4496 Nusquam
1029 4413 1108 4476 enim
1125 4411 1204 4496 legi-

340 4501 345 4510 '
471 4439 616 4573 1doridos,
633 4494 685 4556 sed
711 4491 762 4575 qui
779 4488 913 4554 Domino
936 4489 1203 4574 consecratixeraut

850 4566 903 4632 6*

85 4498 159 4564 ΗΠΒ,
174 4491 339 4558 Nazaraeos
358 4495 456 4558 vocari
