2786 4742
381 219 442 290 (te
460 214 530 278 Duo
549 215 646 278 Iesum
663 217 840 298 aequaturi.)
1016 183 1020 210 ι
1115 220 1175 285 205

40 359 143 441 piem,
169 359 235 454 quia
254 369 426 442 perspectae
444 359 503 422 Dei
520 357 622 424 virtuti
640 358 803 422 tribuentes
821 381 907 422 suum
924 351 1079 424 bonorem'
1108 382 1173 428 non

39 436 140 498 modo
158 437 277 498 reveriti
295 435 495 509 sambrum,
518 435 570 498 sed
593 435 700 517 gratias
722 435 766 494 illi
791 447 938 518 egerunt.¹
961 439 1054 514 Quod
1107 461 1173 500 eram

41 513 152 574 dicunt
168 515 296 574 visitasse
307 510 421 589 plebem
436 534 536 586 osam,
569 532 631 572 non
651 512 688 571 de
708 510 838 591 qualibet
854 512 1020 575 visitatione
1045 517 1171 599 accipio,

39 589 95 650 sed
116 609 194 670 quae
212 590 290 670 ipsos
314 589 345 650 io
369 589 431 650 inte
543 589 719 649 restitueret.
760 589 828 668 Non
851 589 942 649 modo
961 589 1103 671 collapsae
1123 613 1172 655 res

40 677 132 726 erant
150 668 183 726 in
201 665 319 742 Iudaea,
337 665 388 726 sed
407 686 512 730 misera
530 663 728 748 deformisque
747 662 920 725 incubuerat
937 668 1070 744 servitus,
1089 669 1173 749 quasi

40 742 129 802 Deus
149 762 200 802 eos
219 763 281 804 non
301 741 467 824 respiceret
506 741 574 802 Una
597 761 662 822 spes
686 740 831 815 restabat,
856 740 934 832 quod
954 741 1035 804 Deus
1059 765 1089 805 se
1109 747 1171 806 Re-

42 819 233 900 demptorem
265 819 331 882 lore
359 817 548 900 promiserat,
580 829 734 898 postquam
759 828 893 878 extremas
923 818 1045 884 miseriis
1068 821 1172 896 afflicti

42 907 154 956 essent.
192 895 265 956 IlIihl
285 913 439 978 organon
459 895 579 958 dubium
599 905 666 970 ests
682 893 752 975 quin
771 892 912 957 miraculo
934 895 1077 957 admoniti
1099 919 1171 976 pro.

41 974 186 1051 pioquam
204 983 294 1032 status
313 971 358 1032 sui
376 970 615 1033 instaurationem
633 971 796 1052 sperarint:
820 981 934 1030 tantum
959 970 992 1030 in
1015 971 1105 1032 modo
1125 974 1172 1034 vi-

44 1048 194 1110 sitationis
215 1059 323 1110 errant.
360 1048 436 1108 Nam
456 1049 510 1108 etsi
527 1046 672 1108 insolitam
683 1047 743 1118 Dci
760 1045 883 1129 gratiam
901 1047 933 1107 in
954 1066 991 1108 eo
1008 1061 1173 1128 agnoscunt

44 1136 76 1188 et
96 1125 313 1200 commendant,
333 1123 582 1204 quodPropheta
600 1145 720 1206 magnus
732 1123 899 1196 surrexerit,
919 1124 974 1184 lroc
993 1134 1090 1186 tamen
1106 1125 1172 1185 elo'-

44 1200 126 1282 glum
146 1200 195 1262 lon
220 1202 376 1262 einlrrins
389 1212 433 1262 est
446 1201 475 1260 di
498 1201 586 1262 nitate
605 1212 636 1260 et
653 1200 746 1282 gloria
786 1197 1042 1263 somissiMessiate.
1081 1200 1172 1273 Unde

43 1290 178 1358 apparet,
196 1223 285 1338 bdem
302 1277 333 1337 iu
352 1221 530 1358 populoblo
549 1288 620 1340 tunc
639 1277 727 1340 luisse
738 1221 821 1340 valde
832 1275 993 1354 confusam,
1013 1277 1182 1362 multisque

45 1356 221 1416 commentis
240 1350 419 1436 implicitam.¹
1001 1402 1004 1412 .

20 1661 21 1664 ¹
56 1711 59 1726 Α
86 1637 171 1717 (73.)
211 1613 389 1738 ΜΑΤῘΗ.
403 1639 488 1704 VIII.
531 1637 580 1706 19.
605 1635 649 1706 Et
675 1638 841 1740 accedens
858 1659 943 1706 trous
963 1637 1070 1707 scriba
1091 1637 1172 1708 dixit

46 1737 92 1817 ei,
116 1737 332 1824 Praeceptor,
352 1760 471 1826 sequar
489 1750 538 1819 te,
559 1751 755 1828 quocunque
774 1738 902 1806 abieris.
948 1743 999 1807 20.
1024 1743 1067 1808 Et
1092 1740 1172 1810 dicit

44 1837 93 1902 illi
114 1839 218 1919 Iesus,
237 1839 364 1927 Vulpes
383 1840 495 1909 foveas
516 1840 651 1922 babent,
673 1840 875 1923 etvolucres
897 1841 982 1908 coeli
1002 1841 1115 1909 nidos:
1137 1853 1170 1909 at
1237 1875 1244 1896 ·
1289 1843 1292 1852 ’

44 1938 148 2006 FiIius
168 1938 305 2007 homiuis
325 1963 393 2010 non
413 1941 530 2028 habet,¹
546 1941 605 2008 ubi
626 1953 722 2030 ceput
741 1941 886 2009 recIInet.
928 1943 979 2010 21.
999 1942 1092 2010 Alius
1113 1966 1172 2011 atu-⁴
1284 1997 1290 2004 .

45 2047 109 2106 tem
130 2062 169 2106 cx
189 2041 356 2131 discipulis
377 2046 444 2108 suis
465 2044 544 2111 dixit
566 2048 605 2124 ci,
625 2043 783 2124 Doque,
803 2045 952 2129 permitte
973 2045 1052 2110 mibi
1070 2048 1171 2130 prius,
1242 2073 1266 2152 ¹¹

46 2151 81 2205 ut
102 2141 224 2224 abeam,
245 2154 278 2210 et
295 2143 450 2229 sepeliam
470 2153 593 2228 patrem
612 2165 727 2242 meum.
768 2145 821 2207 22.
840 2147 884 2210 At
902 2145 992 2210 lesus
1015 2144 1094 2213 dixit
1110 2145 1171 2230 itti,-

46 2242 189 2330 Sequere
210 2265 272 2324 me,
294 2253 327 2308 et
346 2245 425 2323 sine,
450 2253 486 2318 nt
506 2244 624 2309 mortui
643 2242 802 2330 sepeIIant
822 2253 966 2310 mortuos
987 2257 1072 2311 suos.

126 2376 230 2444 LUC.
254 2377 307 2440 lx.
348 2376 398 2442 57.
418 2376 552 2448 Factum
575 2384 623 2440 est
644 2385 766 2455 autem,
789 2373 1027 2469 ambulantibus
1049 2377 1114 2444 IIIIs
1134 2381 1171 2448 In

46 2477 107 2553 vis,
128 2475 354 2562 dixitquidam
373 2475 414 2559 ad
436 2475 541 2554 Illum,
563 2473 687 2562 Sequar
706 2485 755 2554 te,
775 2497 971 2561 quocunque
992 2477 1077 2540 ieris.
1119 2479 1171 2544 58.

46 2576 136 2642 Dixit
153 2575 203 2641 illi
222 2577 326 2655 Iesus,
356 2575 484 2664 Vulpes
506 2597 660 2641 cavernas
689 2573 827 2654 babent,
855 2585 888 2640 et
910 2573 1062 2640 volucres
1084 2576 1173 2644 coeli

47 2677 162 2742 nidoss
181 2675 284 2742 FIlius
306 2686 411 2743 autern
442 2677 580 2742 hominis
601 2697 669 2742 non
693 2659 806 2755 babe't,
833 2674 892 2741 ubi
911 2685 1007 2762 caput
1025 2675 1172 2744 reclinet.
1249 2693 1251 2696 ’

48 2777 96 2842 59.
116 2779 170 2843 Ait
191 2786 296 2842 autem
324 2775 368 2844 ad
394 2777 545 2856 alterum,
585 2775 731 2864 Sequere
757 2797 818 2842 me.
868 2775 929 2848 tllc
958 2787 1063 2842 autem
1085 2763 1198 2858 dirie⁵

48 2877 185 2946 Domine
205 2881 354 2967 permitte
375 2879 468 2958 mihi,
493 2887 529 2943 nt
549 2878 638 2965 prius
661 2877 775 2944 abeam
804 2898 842 2943 ao
858 2876 1018 2972 'sepeliam
1045 2885 1171 2965 pistrem

49 2999 157 3062 mcum.
199 2979 498 3047 oblitteratam
514 2982 558 3043 sei
575 2980 682 3058 Iesus,
714 2979 792 3059 Sine
811 2989 847 3044 ut
867 2981 985 3044 mortui
1008 2977 1172 3065 sepeliant

49 3089 187 3147 mortuos
211 3101 303 3146 suos:
321 3066 359 3145 lu
378 3102 459 3150 vero
480 3070 574 3159 vade,
593 3092 626 3146 et
646 3082 801 3147 annuntia
823 3101 956 3164 regnum
969 3079 1044 3144 Dei.
1064 3076 1115 3144 61'.
1127 3079 1171 3146 Et

50 3182 92 3244 ait
111 3179 199 3261 alius,
219 3181 345 3270 Sequar
357 3181 560 3266 te,Domine,
581 3180 639 3248 scd
651 3184 799 3269 permitte
819 3181 897 3246 mihi
917 3182 1016 3262 prius,
1034 3175 1170 3245 utrale-

52 3277 227 3363 ditambis,
248 3284 305 3368 qui
324 3291 400 3347 sunt
418 3282 506 3348 domi
527 3303 629 3348 meae.
671 3283 721 3346 62.
743 3283 799 3350 Ait
817 3280 861 3347 sd
878 3279 969 3352 illum
982 3280 1081 3360 Iesus,
1101 3281 1191 3346 Nc·-

52 3400 116 3461 mo'‚
147 3387 201 3471 qui
227 3403 408 3447 manustra
436 3383 479 3450 ad
506 3393 645 3449 aratrum
676 3380 804 3452 admota
825 3383 1002 3466 respexerit
1023 3403 1043 3447 a
1067 3391 1169 3470 tergo,

53 3493 139 3567 aptus
159 3495 207 3562 est
226 3503 328 3570 reguo
344 3481 420 3548 Dei.

123 3639 223 3702 Mattb.
243 3644 290 3706 19.
327 3637 369 3697 Et
385 3635 522 3700 secedens
538 3659 614 3700 onas
631 3635 736 3698 scribo.
774 3637 860 3699 Duos
879 3638 927 3699 hie
946 3637 1168 3700 bominesMat-

55 3709 164 3794 thaeus,
181 3731 240 3778 tres
260 3723 356 3777 sutem
366 3713 459 3777 Lucas
481 3717 567 3778 nobis
587 3716 741 3797 proponit:
762 3716 824 3795 qui,
845 3736 935 3794 quum
954 3735 1055 3778 omncs
1074 3715 1169 3795 parati

59 3805 146 3852 essent
164 3795 282 3856 Christo
308 3812 417 3854 nomen
438 3793 523 3868 dare,
541 3806 640 3876 ¹prout
663 3792 780 3852 diversis
800 3791 874 3852 vitiis
899 3790 1131 3872 impediebantur
1144 3799 1168 3853 'a

58 3879 133 3927 recto
157 3892 257 3945 cursu,
280 3870 359 3930 varia
384 3889 523 3949 responsa
547 3869 703 3950 accipiunt
753 3867 859 3929 Posset
881 3871 980 3928 ta'men
1009 3867 1168 3928 absurdum

58 3943 144 4016 primo
164 3945 399 4028 sspeeturideri,
419 3946 499 4026 quod
519 3946 747 4019 chrismatum,
767 3946 931 4025 quistatim
953 3953 983 4002 et
1001 3943 1064 4002 sine
1083 3964 1169 4022 mora

60 4015 93 4104 egl
109 4024 281 4100 sequendum
300 4042 331 4083 se
346 4023 457 4113 offert,
476 4024 625 4097 amandat,
644 4041 700 4081 nec
718 4021 748 4080 in
769 4019 995 4082 contubernium
1014 4042 1098 4080 suum
1119 4039 1167 4080 re-

61 4093 136 4170 cpit:
155 4094 273 4161 alterum
292 4118 374 4174 vero,
394 4121 445 4178 qur
464 4099 630 4160 missionem
651 4098 686 4158 ad
705 4109 820 4177 tempus
844 4095 975 4177 petendo
993 4095 1104 4156 tardior
1123 4107 1169 4157 est
1264 4103 1267 4114 '
1370 4099 1371 4108 ’

62 4184 92 4224 ac
113 4172 389 4258 minus-promptus,
414 4195 512 4239 secum
536 4178 653 4236 retinet.
698 4173 792 4254 Atqui
816 4175 967 4261 utriusqpe
992 4174 1102 4252 optima
1122 4183 1168 4234 est
1264 4193 1270 4200 ·
1370 4229 1371 4236 ,

26 4261 27 4270 ’
63 4244 143 4304 ratio:
165 4252 239 4312 unde
261 4265 342 4313 tants
366 4251 478 4313 scribae
502 4250 722 4346 promptitudo,
747 4262 782 4310 ut
806 4269 838 4310 se
861 4260 1003 4329 protinus
1023 4249 1059 4308 ad
1079 4246 1167 4326 Chri·

17 4337 18 4354 ¹
67 4328 134 4379 stum
150 4329 339 4408 comitandum
359 4331 540 4414 accingeret,
569 4329 626 4394 nisi
645 4348 714 4412 quia
736 4325 857 4390 minime
876 4323 1050 4406 reputabat,
1079 4347 1165 4410 quam
