2808 4748
203 257 263 320 190
513 323 518 334 ¹
570 263 575 275 2
664 245 817 346 seculo
839 247 891 306 vr.

205 395 273 457 ruit:
298 399 357 454 nec
375 390 530 454 vero-boc
553 390 584 450 in
608 389 695 452 aliam
715 412 801 472 quam
827 392 915 472 ipsius
934 411 1089 472 personam
1108 387 1246 473 quadrat,
1263 394 1326 456 Do-

205 470 292 534 cuisti
309 471 342 530 in
360 468 463 550 plateis
483 468 599 528 nostris.
637 469 787 532 Tenemus
807 491 885 530 nunc
905 469 966 529 cius
982 470 1146 542 consilinm,
1165 472 1202 530 ue
1222 471 1327 533 seilicet

203 548 307 684 Ipqlaei
333 567 385 638 sua
405 543 589 628 negligentia
608 567 694 627 quam
713 559 838 640 possuqt
861 545 985 608 salutem
1005 547 1148 627 consequi
1167 547 1222 610 sibi
1240 549 1326 608 iuter·

205 646 232 688 er
255 643 305 684 ere
324 634 431 685 sruant.
685 637 688 644 '
1029 683 1033 688 .
1118 661 1121 664 >

189 722 193 733 “
281 704 330 765 28·
371 699 468 782 Qum
496 695 624 760 videritis
647 695 813 758 Abrohom:
863 699 964 774 Quum
994 698 1096 759 Iudaei
1126 699 1198 760 nibil
1227 704 1326 762 sanctis

204 777 338 861 patribus
356 775 451 836 simile
468 774 612 840 babentes
632 794 734 838 eorum
753 787 851 836 tamen
871 776 987 857 origine
1011 775 1117 836 frustra
1135 777 1324 858 superbirent,

204 875 262 916 nec
281 853 349 934 quic
371 875 437 914 uam
456 853 549 933 magis
567 852 625 912 illis
644 853 747 912 tritum
767 852 847 914 soret
867 873 954 932 quam
964 845 1112 914 Ecclesiae
1131 853 1218 914 titulo
1239 855 1323 931 abuti,

206 931 350 994 Christus,
387 931 414 992 ic
437 928 553 989 turbam
578 929 773 1010 degenerem,
807 949 882 1009 quae
907 950 930 992 a
948 941 1061 1011 patrum
1085 929 1155 992 fide>
1169 944 1200 991 et
1223 933 1325 1012 pietate

205 1006 351 1080 discessit,
380 1026 397 1066 a
423 1025 516 1086 regno
536 1005 596 1066 Dei
621 1016 786 1065 extraneam
814 1023 876 1066 esse
896 1015 1026 1066 testatur.
1064 1004 1108 1066 Ac
1127 1006 1227 1067 subest
1245 1011 1325 1068 tacita

204 1084 385 1165 obiurgatio,
403 1082 485 1162 quod
505 1101 566 1141 non
586 1081 699 1163 potius,
718 1082 769 1162 qui
788 1081 973 1162 quaerendae
992 1082 1089 1144 salutis
1108 1085 1203 1145 socios
1222 1084 1325 1146 babere

204 1161 346 1242 cupiunt,
361 1158 515 1232 Abrahae,
539 1157 697 1238 PropbctIs
717 1163 748 1217 et
766 1159 872 1220 sanctis
892 1159 1021 1238 patribus
1041 1179 1072 1220 se
1091 1179 1251 1243 aggregare
1267 1173 1324 1222 stu·
1384 1205 1385 1218 ,

199 1237 304 1310 deant,
344 1256 410 1296 uam
420 1235 654 1314 circumspiciant
674 1232 710 1293 ad
729 1256 797 1296 suos
809 1236 953 1316 aequales,
994 1237 1023 1294 ui
1034 1235 1070 1312 ab
1084 1257 1186 1296 eorum
1198 1239 1324 1318 exemplo

203 1312 310 1394 procul
324 1255 440 1391 delapsi
459 1309 576 1370 fuerant
595 1310 631 1371 ad
655 1310 823 1380 innumeras
848 1257 1042 1404 corruptelas:
1069 1314 1126 1376 acsi
1146 1313 1270 1390 diceret,
1295 1315 1326 1374 st

203 1411 284 1450 nunc
303 1408 357 1469 per
375 1399 526 1468 angustam
549 1399 667 1468 portam
686 1387 796 1449 intrare
815 1409 853 1450 ne
876 1386 895 1448 li
918 1389 986 1464 itus,
1008 1388 1075 1468 quia
1095 1409 1145 1450 vos
1171 1393 1324 1452 errautinm

202 1465 362 1529 multitudo
382 1463 527 1536 retardat,
553 1485 592 1524 an
610 1484 672 1524 nou
692 1464 795 1530 videtis
816 1487 831 1525 a
850 1407 979 1544 idolium
1000 1465 1103 1525 ordine
1122 1488 1173 1527 vos
1192 1469 1324 1547 separari,

203 1542 274 1603 dum
304 1542 370 1602 estis
402 1539 538 1619 impliciti
567 1539 746 1603 incredulis?
784 1543 902 1618 Quodsi
925 1563 1005 1602 nunc
1027 1541 1116 1610 vobis,
1136 1543 1237 1604 oculos
1260 1565 1324 1624 per-

201 1617 322 1698 stringit
340 1617 442 1676 muudi
466 1629 617 1696 aspectus,
642 1617 702 1678 dies
728 1618 844 1680 ultimus
870 1618 944 1678 banc
967 1619 1139 1694 socordiam*
1155 1634 1221 1680 sero
1244 1621 1325 1682 vobis
1382 1671 1383 1680 ,

112 1697 115 1712 “
202 1697 323 1756 eximet:
351 1705 422 1754 tunc
443 1695 521 1756 euim
541 1695 654 1770 scietis,
677 1715 729 1760 vos
748 1718 815 1756 cum
835 1695 975 1759 similibus
994 1696 1081 1760 vestri
1101 1696 1211 1758 alienos
1231 1717 1293 1759 esse
1311 1720 1324 1758 a
1368 1749 1372 1764 .

199 1771 260 1832 Dei
278 1785 384 1852 regne,
405 1790 461 1831 nee
480 1771 635 1850 quicquam
654 1769 737 1832 vobis
758 1776 914 1834 commune
935 1791 1082 1833 esserum
1102 1773 1257 1834 Abrabam.

151 1917 153 1925 ¹
220 1865 223 1872 '
275 1853 326 1911 29.
368 1847 494 1908 Venient
511 1844 548 1904 ab
566 1851 682 1906 orieme
719 1846 973 1928 Amplificatioest
993 1869 1027 1908 ex
1046 1870 1083 1912 eo
1103 1862 1226 1930 sumpta,
1246 1851 1323 1930 quod

199 1921 317 1984 Iudaeis
337 1922 493 1996 abdicatis,
508 1921 563 2002 ‘qui
584 1944 615 1983 se
634 1923 780 2004 putabant
797 1924 877 1986 solos
898 1926 1044 2008 legitimos
1065 1945 1127 1986 esse
1146 1927 1202 1986 Dei
1224 1927 1323 1986 baere-

201 2004 269 2077 des,
294 2001 329 2061 in
346 2019 449 2060 eorum
469 1999 568 2064 locum
588 1998 702 2060 Gentes
722 2000 781 2062 siut
799 1997 1016 2084 subrogandae,
1035 2013 1068 2062 ut
1086 2004 1174 2064 vitam
1193 2003 1323 2064 Abrabae

200 2091 232 2140 et
250 2077 355 2160 generi
374 2076 435 2137 eius
454 2077 626 2156 promissam
647 2076 811 2154 obtineant.
856 2077 970 2140 Gentes
994 2091 1089 2139 autem
1114 2077 1170 2140 illis
1191 2083 1322 2161 opponit,

198 2167 234 2217 nt
250 2167 350 2216 sancta
370 2152 516 2234 zelotypia
536 2153 615 2245 ipsos
635 2154 671 2214 ad
691 2152 777 2213 fidem
799 2155 975 2216 exstiruulet:
997 2155 1238 2236 quemadmodum
1248 2158 1321 2218 Pau-

199 2235 245 2296 lus
265 2231 323 2294 boo
342 2229 498 2292 ministerii
518 2249 563 2292 sur
576 2230 672 2292 'decus
691 2231 766 2296 sore,
777 2231 895 2308 scribit,
919 2231 942 2292 si
962 2253 1036 2311 quos
1060 2254 1094 2292 ex
1113 2246 1202 2314 gente
1224 2245 1320 2296 suaet

199 2330 249 2374 san
295 2310 342 2370 'ne
361 2306 398 2368 ad
418 2306 507 2368 talem
527 2308 753 2368 aemulationem
772 2320 916 2388 provocet
934 2305 1098 2388 (Romrtt,
1118 2311 1188 2388 tt).
1226 2311 1319 2390 Atque

198 2389 242 2448 ita
251 2328 387 2448 iliacos
411 2384 503 2468 pungi
527 2403 646 2460 neeesse
672 2395 756 2459 erat,
774 2406 863 2465 quum
889 2384 944 2446 sibi
970 2383 1035 2466 plus
1060 2385 1152 2447 nimio
1176 2386 1316 2479 placentes

198 2465 300 2526 Deum
319 2469 385 2525 cum
404 2463 462 2524 suis
483 2461 566 2522 donis
586 2460 713 2542 superbe
732 2472 966 2524 contemnerent.
1015 2461 1076 2522 Sed
1089 2484 1234 2543 =quomam
1253 2464 1316 2524 baec

198 2541 352 2606 sententia·
366 2539 453 2621 paulo
473 2550 542 2619 post
563 2538 671 2600 iterum
689 2551 828 2600 occurret
846 2534 923 2621 apud
943 2539 1140 2622 Matstqaeum,
1162 2560 1242 2602 nunc
1261 2561 1315 2601 eam

221 2620 313 2681 arcius
334 2618 405 2677 attin
430 2638 458 2677 o.
773 2659 782 2672 .
1032 2663 1039 2675 „

198 2639 219 2702 p
276 2701 324 2760 30.
362 2637 441 2752 Eois
458 2705 525 2752 sust
538 2687 687 2766 postremi.
731 2691 838 2752 Iisdem
862 2691 958 2753 verbis
989 2687 1104 2772 saepius
1127 2705 1209 2754 usum
1234 2693 1316 2754 fuisse

146 2791 149 2795 ·
196 2769 351 2830 Christum
370 2768 438 2830 alibi
457 2766 635 2843 videbimus,
665 2767 779 2828 diverso
804 2780 904 2830 tamen
928 2789 1022 2828 sensu.
1072 2771 1138 2828 Hoc
1163 2770 1229 2832 loco
1250 2770 1316 2832 nibil

198 2845 278 2908 aliud
297 2843 400 2919 voluit,
420 2865 506 2924 quam
520 2842 703 2918 inanemin
727 2844 842 2904 Iudaeis
868 2845 1073 2906 confidentiam
1098 2845 1238 2922 deiicere,
1262 2849 1317 2927 qui,

197 2941 289 3004 quum
309 2921 478 3000 posthabito
499 2919 614 2999 reliquo
634 2920 745 2979 mundo
766 2919 902 2984 divinitus
922 2922 1133 2998 eleeti'essent,
1153 2922 1208 2983 bac
1226 2924 1317 3008 digni-

195 3009 260 3064 tate
279 2997 349 3058 lreti
367 2997 465 3058 Deum
485 2995 540 3057 sibi
581 2995 640 3056 nasi
660 2995 833 3058 obstrictum
853 2998 1013 3081 fingebant.
1052 3000 1116 3062 Hac
1136 2999 1251 3060 ratione
1270 3002 1317 3061 de-

193 3075 314 3138 nuntiat
325 3071 391 3136 illis
401 3074 546 3149 Christus,
560 3017 649 3134 brevi
667 3073 835 3134 mutandam
846 3095 908 3136 esse
926 3088 1048 3151 sortem,
1065 3084 1098 3137 att
1116 3088 1229 3157 gentes,
1247 3097 1319 3158 quae

193 3165 269 3214 tone
287 3149 450 3212 reiecticiae
468 3161 571 3226 erant,
602 3149 732 3229 priorem
758 3151 913 3213 obtineant
933 3153 1068 3235 gradum,
1098 3153 1200 3216 Iudaei
1225 3165 1318 3216 autem
1382 3207 1383 3212 ,

191 3227 314 3288 bonore
339 3247 393 3288 suo
415 3225 543 3294 abdicati
573 3246 610 3287 ue
634 3239 816 3310 postremum
843 3229 960 3308 quidem
985 3229 1121 3318 angulum
1144 3241 1266 3293 teneant
1289 3233 1318 3291 iu
1379 3263 1385 3310 4

163 3294 166 3303 ¹
192 3301 335 3386 Ecclesia.

234 3457 321 3542 (67³)
368 3457 541 3524 MATTH.
561 3459 631 3527 vll.
679 3459 729 3525 15.
749 3447 877 3529 'Cirete
906 3483 986 3528 vero
1014 3461 1107 3528 vobis
1136 3485 1156 3526 a
1181 3463 1319 3549 pseudo·

147 3591 151 3598 ¹
191 3559 376 3650 prophetis,
402 3563 459 3646 qui
483 3561 620 3650 veniunt
647 3561 688 3627 ad
704 3581 769 3628 ‘ros
784 3551 963 3634 in'vestitu
983 3565 1104 3642 ovium,
1130 3563 1317 3629 sedoneris·
1384 3629 1385 3636 ,

188 3685 289 3734 secus
315 3669 389 3726 sunt
404 3657 488 3748 lupi¹
501 3668 642 3748 rapaces.
685 3663 736 3731 16,
756 3660 787 3724 A
807 3642 964 3744 frudtibus
987 3685 1097 3730 eorum
1120 3669 1317 3752 cognoscetis

157 3813 159 3819 ι
190 3785 264 3848 eos.
303 3760 470 3849 Numquid
499 3763 655 3850 colligunt
688 3761 730 3832 de
762 3761 1015 3853 spinis„]''uvum,¹
1043 3777 1098 3849 eut
1126 3765 1168 3832 de
1193 3765 1316 3834 tribulis

151 3906 160 3922 ,
190 3865 299 3936 ficus?
336 3862 387 3928 17.
408 3862 462 3927 Sic
483 3867 587 3928 omnis
609 3863 708 3931 a'rbor
727 3858 818 3930 bona
837 3854 1084 3957 sriptus‘bonos
1105 3867 1196 3948 facit,
1217 3870 1316 3956 putris

190 3975 301 4031 cratem
322 3962 423 4031 arbor
442 3961 565 4029 fructus
585 3964 686 4036 malos
708 3965 792 4053 facit,
829 3953 885 4066 Ι19
905 3964 982 4054 Non
1003 3977 1109 4052 potest
1122 3969 1316 4044 aiborbona

106 4135 113 4150 .
189 4064 315 4131 inactus
334 4066 439 4132 malos
461 4066 585 4145 faeere,
610 4088 720 4152 neque
748 4063 847 4144 arbor
866 4063 976 4154 'putris
1003 4067 1126 4134 fructus
1146 4067 1253 4145 bonos
1273 4071 1317 4135 fa-

190 4183 278 4229 eere.
319 4153 369 4232 1'9.
391 4157 507 4234 Omnis
529 4165 634 4246 arbor,
655 4187 738 4254 quae
759 4187 828 4232 nou
847 4163 927 4238 tacis
941 4167 1080 4244 fructum
1099 4167 1222 4236 bonum
1237 4173 1319 4244 exci-

190 4251 295 4343 ditur‘,
322 4277 356 4331 et
381 4269 417 4334 in
444 4271 550 4356 iguem
577 4269 756 4361 coniicitur.
786 4267 847 4342 «20.
875 4267 975 4356 Igitur
995 4255 1033 4335 es
1057 4269 1211 4338 fructibus
1230 4273 1318 4364 ipso-

189 4378 263 4430 rum
275 4374 486 4449 'cognoscetis
506 4393 573 4444 cos.
997 4391 1000 4398 “
