2786 4742
196 225 255 288 m
631 215 782 280 SECTIO
804 217 888 280 v111.

197 365 325 448 asperius
354 361 499 424 tractavit.
547 359 623 422 Nam
655 351 723 423 ant'e
753 337 1000 424 resurrectionem
1028 373 1179 442 praesente
1208 383 1317 444 sponso

197 441 279 524 qnasi
299 437 471 519 nuptialiter
489 436 583 498 habiti
603 436 738 499 fuerunt:
763 441 916 520 p'ostquam
936 451 1034 506 autem
1059 439 1094 500 ab
1114 439 1170 500 illis
1190 439 1317 500 discessit

195 537 335 600 sponsus,
366 513 489 578 cessavit
507 512 556 574 illa
575 513 758 598 indulgentia
777 527 808 576 et
826 515 979 590 mollities,
1004 525 1113 574 actam
1134 528 1245 576 austera
1263 517 1318 577 fuit

197 615 300 655 eorum
312 591 458 666 conditio,
478 603 510 650 ut
529 602 600 652 tunc
610 593 764 667 sentirent,
783 613 845 652 non
866 593 971 652 frustra
990 613 1020 652 se
1040 591 1083 652 his
1103 594 1189 654 armis
1208 605 1316 654 mature
1363 643 1364 658 .

199 671 286 736 fuisse
305 670 473 730 instructos.
512 667 592 727 Fieri
611 669 700 730 etiam
719 681 829 750 potest,
847 681 880 729 ut
898 689 1057 728 sermones
1068 668 1184 730 diversis
1202 682 1315 750 tempo-

198 748 278 808 ribus
307 745 424 824 hahitos
444 745 475 804 in
499 767 589 804 unum
616 744 713 808 locum
733 746 894 806 Matthaeus
919 745 1086 814 contulerit.
1129 747 1204 806 Nam
1227 747 1315 808 Lucas

199 827 249 904 (nt
265 835 369 906 postea
387 821 564 897 videbimus)
585 822 687 882 eadem
705 824 890 904 septuaginta
914 821 1077 903 discipulis,
1102 823 1153 901 qui
1171 823 1315 902 Apostolis

198 899 350 983 subrogati
369 909 452 975 sunt,
473 897 551 958 dicta
570 897 658 958 fuisse
677 899 778 958 refert
823 901 891 960 Hoc
911 899 1027 978 quidem
1048 909 1126 958 extra
1151 912 1316 970 controver-
1363 909 1364 962 J

197 979 269 1038 siam
289 988 343 1050 est,
362 976 405 1037 his
422 975 601 1037 verbis'non
620 975 708 1036 fuisse
726 975 908 1053 praedictum
919 989 1081 1036 successum
1099 975 1222 1051 itineris,
1241 975 1316 1055 quod

197 1055 256 1114 iam
271 1051 527 1146 ingrediebantur,
545 1051 596 1147 scd
616 1052 652 1112 de
671 1063 737 1114 toto
750 1051 942 1132 Apostolatus
962 1053 1006 1112 sui
1024 1052 1119 1128 cursu¹
1130 1049 1219 1114 fuisse
1236 1072 1317 1133 prae·

198 1142 337 1194 momtos.
1134 1141 1140 1157 '

274 1204 377 1266 Matth.
396 1211 443 1270 16.
481 1199 558 1264 Ecce
576 1225 628 1280 ago
646 1207 748 1266 muto.
789 1205 940 1279 Quorsum
956 1205 1029 1267 haec
1038 1203 1141 1265 tendat
1152 1203 1318 1277 admonitio,
1363 1219 1364 1224 ’

200 1303 275 1422 quae
301 1303 369 1342 mox
392 1280 525 1360 sequitur
548 1281 711 1342 exhortatio
736 1280 816 1343 clare
841 1282 977 1342 ostendit.
1020 1282 1124 1361 Itaque
1148 1279 1190 1342 tic
1216 1282 1318 1343 resolvi

221 1361 291 1420 ehet
320 1369 487 1434 contextus,
515 1357 676 1420 Prudentia
706 1370 738 1420 et
766 1358 948 1439 simplicitate
966 1356 1049 1420 vobi's
1070 1369 1226 1437 opusest,
1256 1360 1319 1437 quia
1363 1407 1364 1440 .

201 1437 281 1500 eritis
306 1435 388 1496 velut
411 1455 478 1495 oves
504 1434 581 1498 iuter
604 1433 700 1528 lupos.
742 1435 830 1503 Ratio
854 1447 950 1496 autem
975 1455 992 1494 a
1017 1435 1187 1495 necessitate
1212 1447 1321 1514 sumpta
1363 1467 1364 1470 ¹

202 1526 262 1590 est,
286 1514 354 1592 quia
372 1512 430 1572 nisi
447 1511 609 1600 prudenter
627 1512 684 1572 sabi
703 1524 854 1586 caverent,
877 1533 945 1572 mox
963 1523 1083 1590 possent
1103 1533 1119 1571 a
1137 1511 1212 1591 lupis
1231 1512 1319 1572 devo-

203 1591 274 1651 rari:
299 1589 324 1653 si
342 1600 440 1650 autem
460 1600 683 1669 expavescerent
701 1589 737 1650 ad
759 1588 897 1670 luporum
916 1588 1041 1662 rabiem,
1067 1587 1112 1646 vel
1124 1589 1226 1650 miuus
1246 1589 1319 1648 cauti

204 1676 315 1742 essent,
346 1664 470 1726 subinde
502 1665 681 1739 titubarent,
712 1667 888 1744 tandemque
920 1665 1113 1724 deficerenta
1139 1686 1191 1724 sun
1216 1665 1320 1733 officio.

204 1744 309 1803 Priore
334 1739 403 1802 loco
427 1752 600 1814 tractemus,
623 1742 692 1821 quid
712 1742 767 1801 sibi
788 1742 844 1801 hoc
863 1741 951 1814 velit,
972 1741 1052 1820 quod
1071 1741 1224 1801 mittantur
1242 1745 1318 1834 quasi

203 1841 268 1882 uuas
285 1823 360 1878 intes·
377 1818 469 1908 depos.
509 1816 847 1892 Quantumviserudeles
858 1838 891 1877 ae
910 1817 1086 1907 sanguinarii
1105 1817 1163 1877 sint
1180 1817 1318 1896 homines,

199 1906 303 1987 posset
320 1896 467 1954 Dnmrnus
487 1911 588 1952 eorum
609 1892 746 1952 ferociam
766 1893 916 1973 mitigare,
943 1894 993 1974 qui
1011 1893 1188 1968 truculentas
1210 1893 1318 1970 bestias,

204 1967 381 2060 quotieslita
400 1967 492 2028 visum
512 1979 572 2042 est,
601 1969 711 2028 cicurat
736 1991 769 2029 ac
795 1981 959 2029 mansuetas
985 1969 1088 2030 reddit.
1134 1970 1225 2045 Quod
1250 1993 1316 2054 ergo

202 2053 312 2113 bonam
330 2044 483 2108 hominurn
507 2055 620 2126 partem
645 2065 707 2106 non
728 2043 883 2110 domatin
902 2046 982 2107 Evan
1006 2047 1054 2109 elii
1078 2047 1124 2108 sul
1142 2048 1316 2128 obsequium,

202 2128 254 2191 sed
275 2147 326 2188 eos
345 2122 484 2202 relinquit
501 2123 532 2183 in
551 2120 668 2190 scritate
687 2123 732 2183 sui
750 2122 874 2204 ingenii,
892 2066 1028 2187 conscita
1042 2123 1185 2198 bucfacit,
1204 2139 1237 2186 nt
1253 2147 1315 2187 suos

202 2193 352 2269 ministros
381 2211 533 2268 exerceat,
571 2199 746 2280 Quanquam
772 2212 868 2276 autem
893 2199 954 2282 lupi
983 2212 1051 2262 sunt
1083 2222 1183 2262 omnes
1211 2215 1314 2280 natura,

146 2307 165 2319 ’·
203 2275 492 2364 quoscunqueDeus
512 2275 624 2357 Spiritu
655 2276 882 2342 mansuetudinis
912 2279 975 2338 non
1005 2291 1174 2358 regenerat,
1204 2280 1315 2338 maxime

202 2372 302 2420 tamen
320 2353 446 2415 furiosos
465 2353 617 2436 Evangelii
641 2353 739 2414 hostes
760 2352 891 2418 Christus
916 2353 1062 2437 designat,
1087 2355 1137 2434 qui
1157 2357 1253 2416 audita
1269 2379 1313 2437 pa·
1363 2371 1364 2384 ¹

201 2435 289 2498 storls
306 2451 387 2496 auce.
400 2431 557 2494 adnomen
575 2442 797 2504 mansuescunt,
817 2442 850 2492 ut
869 2432 900 2490 in
917 2431 1057 2494 maiorem
1077 2433 1223 2494 saevitiam
1242 2454 1312 2493 exar-
1363 2479 1364 2498 ,

169 2509 174 2521 '
203 2513 299 2576 deant.
337 2505 401 2570 Hac
421 2529 493 2592 ergo
513 2508 580 2588 lege
599 2507 681 2568 verbi
700 2507 745 2579 sui
763 2507 910 2574 ministros
925 2507 1070 2572 Dominus
1084 2509 1188 2584 mittit,
1208 2521 1239 2568 ut
1256 2531 1312 2570 ver·
1363 2511 1364 2528 ¹

202 2602 305 2651 sentus
323 2586 354 2646 in
374 2587 477 2645 medio'
492 2584 642 2666 luporum:
663 2584 794 2660 hocest,
815 2595 847 2643 ut
867 2580 974 2658 multos
994 2583 1184 2645 habeantsibi
1195 2587 1313 2650 infestos

199 2665 312 2738 hostes,
332 2673 362 2721 et
382 2661 479 2722 miultis
495 2663 625 2740 undique
645 2659 780 2740 periculis
801 2660 911 2721 obsessi
930 2661 1009 2719 inter
1022 2661 1177 2722 ‘obstacula
1198 2663 1313 2722 difficul-

194 2755 249 2802 ¹ter
267 2757 390 2799 munere
408 2757 462 2798 suo
483 2736 650 2818 fungantur.
689 2737 728 2795 Et
748 2757 807 2814 quo
826 2737 925 2796 aerior
943 2737 983 2798 sit
1019 2737 1146 2812 iubatio,
1165 2761 1228 2800 non
1246 2761 1316 2799 arma
1346 2771 1348 2778 ⁴

203 2815 385 2896 suppeditat,
409 2809 515 2892 quibus
540 2833 570 2872 se
589 2811 736 2875 violenler
755 2813 929 2886 defendant,
961 2758 1019 2890 sed

152 2902 157 2906 ’
202 2894 340 3028 lipporum
360 2888 497 2949 dentibus
518 2879 646 2970 exponit
684 2891 759 2948 Nam
775 2889 859 2968 'quod
879 2891 981 2952 ovibu‘s
1001 2913 1053 2950 eos
1072 2906 1234 2983 comparat,
1259 2913 1314 2952 non

201 2993 217 3028 r
249 2979 330 3028 artur
349 2965 385 3034 ad
404 2985 501 3026 mores
541 2966 649 3026 lacidos
669 2985 707 3025 ac
722 2966 821 3037 mnes,
835 2966 893 3025 vel
917 2967 952 3028 ad
977 2968 1065 3028 animi
1088 2969 1250 3043 lenitatem,
1269 2970 1315 3030 sed

200 3043 477 3126 tantuna-significatv
496 2989 792 3125 nihilohrubustiores
811 3042 892 3126 fore,
918 3045 963 3106 vel
987 3045 1077 3126 magis
1102 3066 1184 3126 pares
1209 3047 1244 3106 ad
1262 3049 1315 3106 vim

201 3123 329 3182 hostium
348 3116 566 3206 repellendam,
578 3140 664 3202 quam
684 3118 742 3178 sint
762 3119 943 3180 oves'cont'ra
963 3121 1099 3202 luporum
1119 3121 1236 3182 rabiem.
1250 3121 1314 3182 »Re-

94 3233 97 3240 ‚
200 3197 292 3278 quirit
316 3193 433 3286 quidem
458 3198 542 3256 etiam
568 3194 659 3256 oviles
683 3196 794 3256 animos
821 3195 1091 3278 aduis'discipulis
1112 3199 1257 3275 Christus,
1286 3210 1315 3258 ut

130 3336 137 3359 ,
173 3273 356 3334 tolerantia
376 3283 491 3332 certent
509 3284 613 3332 contm
633 3271 834 3353 improborum
855 3274 1002 3350 malitiam,
1023 3287 1053 3334 et
1071 3275 1189 3336 iniurias
1229 3276 1313 3336 lacide
1363 3311 1364 3336 ;

200 3349 354 3429 excipiant,
372 3369 471 3408 verum
492 3348 575 3408 buius
594 3349 652 3410 luci
671 3349 791 3428 simplex
810 3361 853 3410 est
871 3370 982 3424 seusus,
1001 3353 1081 3432 quod
1099 3299 1313 3444 Apostoiispa-
1363 3339 1364 3386 l

200 3426 255 3486 rati
275 3423 333 3492 sint
355 3423 439 3484 multi
454 3424 570 3486 hostes
588 3437 725 3506 potentes
744 3446 786 3486 ae.
799 3427 1009 3505 saevipqnum
1034 3440 1132 3488 tamen
1153 3431 1212 3509 apsi
1238 3429 1311 3488 nullo

1032 2816 1157 2876 inermes
1177 2837 1210 2876 ac
1230 2817 1316 2876 nudos
1363 2835 1364 2886 t

197 3499 345 3584 praesidio
365 3499 470 3578 muniti
490 3501 558 3562 mut.
608 3503 642 3563 Si
662 3501 725 3584 quis
746 3503 882 3582 excipiat,
913 3503 971 3580 bne
994 3505 1084 3566 modo
1102 3527 1164 3567 nnn
1186 3517 1311 3568 constare
1363 3519 1364 3530 ¹

167 3585 168 3590 ’
200 3578 356 3642 antithesin
378 3577 463 3636 inter·
478 3587 546 3639 oves
565 3592 601 3639 et
624 3579 724 3660 lupos,
754 3580 787 3638 in
811 3596 901 3660 prom
935 3603 953 3640 u
983 3594 1026 3645 est
1050 3583 1213 3662 responsio.
1255 3581 1310 3640 Etsi

200 3659 277 3716 enim
286 3655 440 3727 Dominus,
458 3654 610 3738 Evangelii
628 3658 724 3717 hostes
743 3657 876 3728 vocando
898 3593 995 3737 fcipos,
1015 3660 1141 3720 nocendi
1159 3659 1308 3739 potentiam

199 3733 291 3816 magis
310 3753 396 3826 qnam
415 3728 567 3792 libidinem
586 3735 740 3814 expressit,
765 3733 831 3811 quia
854 3745 953 3806 tamam
973 3743 1061 3794 nemo
1081 3734 1164 3816 lupus
1184 3734 1306 3820 agnosci·

144 3839 152 3863 ι
197 3821 260 3886 tur,
270 3810 331 3871 'nisa
343 3819 446 3868 contra
456 3807 534 3868 Evan
558 3809 646 3870 elium
666 3809 802 3885 insaniat,
818 3809 888 3871 ‘idco
903 3812 972 3872 haec
984 3813 1042 3874 duo
1055 3811 1140 3872 simul
1156 3811 1306 3882 coniunxit,

194 3886 285 3965 quud·
298 3885 333 3946 ad
346 3884 524 3968 'sanguinem
581 3887 736 3946 uniendum
756 3883 868 3946 crudeli
885 3887 999 3968 impetn
1018 3889 1163 3963 ferantur,
1183 3903 1214 3950 et
1232 3886 1306 3952 simul

195 3960 409 4052 quod-viribus
431 3961 648 4042 praeditimint.
685 3963 786 4024 Ειιοισ
806 3966 896 4038 igino·
914 3963 1078 4040 pendentm.
1100 3995 1104 4004 ¹
1123 3967 1241 4028 Summa
1259 3974 1305 4039 est,

119 4067 121 4080 =
195 4039 381 4115 prudentiam
399 4059 432 4100 an
451 4039 580 4099 cavendo
594 4041 642 4100 'sic
662 4041 971 4120 temperandamesse,
991 4063 1027 4101 ne
1047 4043 1305 4131 timidi'plusquam
1363 4041 1364 4050 ’

193 4125 315 4190 oportet
334 4114 508 4190 reddantur,
534 4135 569 4176 ac
586 4117 645 4176 sint
668 4116 705 4176 ad
725 4116 856 4177 officium
877 4118 1029 4188 tardiores.
1074 4119 1215 4179 Videmus
1237 4137 1305 4178 enin

194 4203 256 4259 eos,
269 4191 326 4267 qui
346 4189 547 4272 circumspecti
568 4205 599 4251 et
639 4189 732 4252 ruvidi
751 4192 852 4252 haberi
871 4194 985 4273 volunt,
1004 4207 1037 4256 ut
1056 4195 1211 4275 plurimum
1229 4192 1305 4254 meti-
1324 4195 1327 4202 ‘

192 4259 310 4351 gulosos
330 4287 363 4328 ac
382 4286 487 4348 segnes
508 4289 577 4330 esse.
600 4307 604 4322 .
646 4267 783 4349 iscipulos
803 4270 926 4348 quidem
937 4271 1059 4346 Christi,
1077 4293 1168 4350 quum
1186 4271 1305 4350 undique

192 4351 365 4410 immineant
383 4343 523 4432 pericula,
542 4346 672 4435 intentos
691 4346 727 4409 ad
746 4346 906 4409 cavendum
922 4367 990 4436 esse
1009 4347 1228 4434 eonvenitqsed
1246 4345 1304 4427 quia

295 4513 306 4552 s

695 4605 700 4635 i
750 4649 752 4656 ι
