2824 4756
298 357 302 366 ,
384 278 499 371 ’(ὓ-ὅ.
519 288 651 374 Angelus
672 291 853 370 Zachariae.)
909 303 912 308 '
1145 299 1184 361 45

67 448 228 518 respueret,
257 435 395 497 liberatus
420 445 465 500 est
486 445 586 496 tamen
611 431 646 495 ab
670 410 805 496 hostibus
825 423 1031 516 (les.7,11.).
1070 439 1180 502 Verum

65 513 96 605 id·
114 513 196 605 nullp
223 513 283 575 eius
307 513 441 606 prosectu
466 513 498 572 in
518 511 640 604 salutem
662 509 747 604 electi
760 512 872 648 populi
891 514 984 576 cessit.
1024 515 1180 610 Zachariae

23 571 25 694 Ι
63 589 212 750 {pppis-gap?
226 601 291 667 est,
318 613 364 652 cur
387 611 427 651 stc
446 588 593 650 Dominus
612 597 741 672 agnosctt
782 589 830 650 der
850 589 1014 667 delectum,
1043 607 1077 656 ut
1094 595 1179 656 srmul

67 972 72 1001 ⁵
101 949 161 1030 (5.)
199 947 295 1014 LUC.
316 951 340 1014 l.
383 951 435 1014 21.
460 951 502 1016 Et
524 961 594 1016 erat
613 947 754 1038 populns
776 957 965 1038 exspectans
987 949 1178 1032 Zachariam,

62 1057 94 1113 et
114 1047 312 1128 mirabantur,
337 1049 427 1136 qu'od
449 1062 630 1116 moraretur
651 1053 685 1115 in
706 1050 836 1136 templo.
877 1052 927 1116 22
950 1052 1105 1136 Egressus
1126 1075 1178 1118 au-

23 1161 25 1188 t
59 1159 120 1214 tem
140 1173 204 1218 non
225 1162 354 1240 poterat
368 1149 441 1235 ,illis
461 1151 565 1239 loqui.
604 1152 647 1216 Et
667 1161 897 1236 cognoverunt,
919 1151 1008 1238 quod
1021 1155 1178 1218 visionem

59 1250 185 1318 vidisset
203 1255 239 1318 in
263 1250 396 1338 templo.
438 1252 480 1316 Et
501 1256 572 1339 ipse
593 1253 749 1318 innuebat
769 1252 840 1329 illis,
862 1255 1101 1338 permansitque
1114 1275 1181 1318 mu·

23 1419 24 1432 χ
59 1359 113 1415 tus.
151 1353 201 1418 23.
221 1353 267 1418 Et
289 1351 414 1430 accidit,
434 1361 471 1439 ut
490 1349 616 1439 impleti
636 1365 711 1418 sunt
732 1353 801 1418 dies
823 1353 924 1418 officii
946 1351 1126 1429 eiusahiit
1145 1357 1179 1420 in

60 1449 179 1518 domum
202 1475 304 1519 suam.
351 1453 402 1518 24.
429 1451 507 1518 Post
534 1452 594 1518 bos
620 1464 725 1518 autem
747 1452 817 1518 dies
844 1456 992 1538 concepit
1011 1452 1180 1520 Elisabeth

60 1571 131 1615 tuor
147 1557 226 1634 eius,
251 1564 284 1619 et
303 1550 487 1619 occultabat
507 1573 542 1620 se
563 1552 727 1619 mensibus
740 1557 892 1641 quinque,
910 1553 1035 1620 dicens:
1056 1557 1106 1620 25.
1125 1557 1179 1621 Sic

58 1651 127 1715 mihi
147 1653 225 1720 lecit
248 1654 409 1720 Dominus
438 1657 472 1720 in
494 1651 625 1734 diebus,
650 1651 767 1742 quihus
795 1651 951 1740 respexit,
978 1663 1013 1718 ut
1036 1657 1179 1722 auferret

59 1751 207 1842 probrum
229 1775 338 1821 meum
359 1758 444 1822 inter
460 1755 617 1831 homines.
661 1755 663 1762 ’

116 1975 172 2034 ‘ffl-
211 1969 259 2036 Ea
272 1983 335 2030 erat
346 1969 476 2046 populus
493 1972 673 2047 exspectaus.
712 1971 820 2031 Narrat
838 1969 896 2030 iarn
913 1967 1016 2045 Lucas,
1036 1971 1178 2052 populum

59 2039 136 2104 huius
156 2047 278 2107 visionis
298 2046 386 2116 luisse
402 2059 516 2108 testem.
559 2048 677 2109 Diutius
697 2069 783 2128 quam
803 2067 858 2127 pro
879 2057 966 2105 more
983 2059 1113 2108 moratus
1134 2061 1179 2110 est

57 2118 214 2203 intemplo
235 2123 397 2184 Zacharias.
435 2125 514 2184 Hinc
534 2126 662 2204 suspicio
683 2125 837 2200 nascitur,
850 2122 962 2204 aliquid
981 2124 1008 2182 ei
1027 2124 1177 2185 insolitum

57 2196 200 2259 accidisse.
237 2200 378 2334 lippessus
397 2213 495 2261 autem
515 2213 599 2282 gestu
620 2213 649 2260 et
668 2201 757 2282 signis
776 2212 889 2259 mutum
908 2219 939 2258 se
959 2199 1106 2259 redditum
1130 2203 1177 2261 in-

58 2271 136 2334 dicat.
178 2275 269 2336 Credr
292 2274 331 2334 ile
352 2287 395 2335 est
414 2277 511 2351 etiam,
531 2277 646 2368 pavoris
666 2279 748 2358 signa
769 2277 907 2336 exstitisse
926 2274 957 2333 in
975 2276 1069 2335 vultu.
1103 2278 1178 2340 Inde

56 2349 214 2431 colligunt,
237 2350 334 2410 Deum
353 2351 397 2410 illi
421 2372 598 2432 apparuisse.
635 2354 728 2411 Erant
748 2351 867 2431 quidem
886 2369 986 2426 rarae,
1014 2351 1060 2410 vel
1081 2353 1178 2412 nullae

56 2442 88 2483 eo
99 2425 220 2485 saeculo
231 2427 368 2500 visiones,
387 2428 436 2487 sed
450 2427 590 2487 memoria
609 2427 731 2486 tenebat
749 2427 889 2506 populus,
909 2425 1079 2502 trequentes
1091 2426 1179 2486 luisse

55 2499 124 2559 olim
149 2512 264 2579 patrum
290 2513 393 2561 aetate.
433 2503 535 2577 Quare
559 2523 622 2560 non
648 2502 698 2561 abs
723 2513 755 2560 r'e
777 2521 810 2559 ex
833 2499 992 2559 manifestis
1012 2501 1102 2580 signis
1120 2502 1179 2562 tale

54 2575 120 2637 lacit
140 2575 299 2640 indicium:
321 2578 506 2656 nequeenim
527 2577 691 2638 humanitus
712 2575 818 2636 iactum
831 2586 906 2648 erat,
923 2586 957 2634 ut
975 2587 1098 2656 repente
1117 2578 1180 2638 sine

54 2653 158 2714 morbo
181 2651 413 2727 obmutesceret,
438 2665 469 2713 et
492 2664 559 2734 post
583 2674 694 2713 moram
715 2654 792 2714 iusto
812 2651 978 2748 longiorem
999 2653 1141 2714 attonitus
1161 2675 1178 2715 e

55 2729 163 2811 templo
195 2731 334 2810 prodiret.
390 2729 489 2791 Porro
519 2731 617 2806 ternpli
644 2750 753 2790 nomen
786 2731 835 2808 (ut
865 2751 922 2791 ram
955 2729 1094 2808 diximus)
1122 2752 1177 2811 pro

55 2803 160 2884 Sancto
193 2807 348 2887 accipitur,
374 2807 424 2867 ubi
454 2806 544 2868 altare
575 2806 688 2868 suffitus
719 2817 789 2867 erat.
839 2807 914 2866 Inde
945 2819 1064 2886 peracto
1093 2824 1176 2870 sacro

55 2883 150 3014 {gredi
175 2883 310 2945 solebant
333 2883 500 2946 sacerdotes
524 2885 555 2944 in
574 2905 657 2945 suum
684 2883 806 2959 atrium,
837 2882 916 2943 uode
941 2883 1053 2966 populo
1070 2883 1177 2974 =bene-

74 2971 190 3020 nerent.
884 2995 891 3002 ·

123 3042 171 3102 23.
215 3036 254 3096 Ur
271 3035 379 3114 impleti
395 3051 462 3100 sunt
479 3035 557 3112 dies.
588 3042 774 3110 Λειτουργίαν
804 3035 890 3118 ponit
908 3033 1002 3098 Lucas
1021 3058 1077 3118 pro
1095 3041 1177 3100 Fun·

57 3109 159 3188 ctione,
179 3134 254 3194 quae
273 3115 412 3194 pervices
432 3115 537 3176 ordine
557 3116 592 3174 ad
612 3115 656 3174 sin
700 3113 743 3173 los
756 3113 911 3190 transibat,
932 3116 1175 3194 quemadmodum

57 3183 178 3248 diximus.
230 3190 321 3264 Quod
352 3191 471 3250 domum
500 3190 599 3272 elapso
633 3213 650 3252 o
688 3190 726 3250 cii
753 3201 890 3270 tempore
922 3189 1043 3254 rediisse
1069 3191 1176 3253 dicitur

56 3259 216 3338 Zacharias,
249 3267 316 3327 hinc
345 3267 524 3349 colligimus,
554 3267 738 3340 sacerdotes,
760 3288 846 3346 quam
868 3265 918 3325 diu
936 3267 969 3325 iu
988 3267 1097 3328 vicibus
1116 3269 1175 3332 suis

56 3352 147 3412 erant,
171 3342 342 3402 abstinuisse
367 3365 381 3404 a
402 3345 459 3404 suis
480 3345 617 3420 aedibus,
644 3355 676 3403 ut
695 3342 808 3420 scilicet
827 3342 927 3402 divino
949 3343 1040 3404 cultui
1081 3345 1175 3416 enitus

57 3413 155 3478 addicti
173 3417 309 3499 affixique
330 3431 433 3478 essent.
483 3419 519 3478 ln
545 3421 621 3480 hunc
645 3441 728 3480 nsum
751 3418 862 3502 digesta
882 3431 965 3478 erant
990 3419 1061 3479 tabu
1092 3433 1119 3481 ta
1143 3422 1175 3481 iu

55 3485 187 3555 lateribus
208 3494 320 3575 templi,
340 3497 370 3555 in
392 3496 497 3575 quibus
517 3496 650 3558 cubicula
671 3495 820 3572 habehant
838 3495 877 3575 (l.
897 3493 969 3580 Reg.
983 3501 1023 3572 Ι6,
1041 3499 1094 3574 h).
1114 3497 1175 3558 Lex

57 3566 164 3642 quidem
195 3591 258 3634 non
289 3571 467 3653 prohibebat
488 3572 669 3634 sacerdotem
693 3593 710 3633 a
735 3572 824 3632 domo
851 3593 902 3632 sua
948 3573 999 3632 sed
1021 3594 1109 3653 quum
1135 3574 1172 3636 ab

56 3644 145 3706 uxoris
170 3659 309 3708 contactu
335 3660 464 3724 arceret,
490 3650 540 3728 qui
565 3649 689 3730 panibus
713 3649 800 3708 sacris
823 3615 1016 3715 vescebantur
1036 3650 1075 3728 (l.
1092 3651 1173 3712 ,Sam

52 3715 98 3792 221,
115 3726 166 3801 4.),
185 3723 343 3805 probabile
353 3737 410 3803 est,
452 3748 521 3786 uum
540 3724 626 3785 multi
649 3745 752 3806 parum
771 3730 941 3791 reserentes
959 3747 1039 3787 sacra
1066 3739 1173 3786 tracta·

56 3805 130 3872 rent,
157 3801 320 3863 remedium
352 3802 410 3862 boc
431 3746 531 3938 inissp¹
548 3802 712 3879 inventum,
744 3816 777 3864 ut
800 3801 835 3861 ab
862 3802 999 3862 omnibus
1023 3801 1173 3862 illecebris

53 3877 182 3936 *ummou
213 3897 302 3958 puros
328 3897 359 3940 se
386 3890 416 3938 et
440 3879 510 3939 imm
532 3898 584 3940 nes
608 3877 644 3938 ab
666 3877 748 3940 omni
771 3877 994 3959 inquinamento
1013 3889 1172 3940 seruarent.

55 3941 112 4034 Nec
128 3962 240 4014 tantum
260 3953 435 4017 concubitus
453 3975 578 4016 urorum
597 3955 654 4017 illis
673 3956 778 4016 vetitus
799 3966 876 4031 erat,
900 3955 950 4016 sed
976 3954 1063 4014 etiam
1081 3962 1172 4034 potus

54 4024 108 4083 uni
127 4041 156 4088 et
173 4031 290 4092 sicerae.
331 4031 430 4108 Quum
453 4051 524 4114 ergo
543 4033 682 4094 mutanda
701 4031 758 4092 illis
777 4043 854 4093 esset
872 4032 965 4091 victus
984 4030 1078 4101 ratio,
1099 4026 1172 4087 utile

55 4093 105 4158 luit
122 4125 138 4164 a
155 4107 268 4188 templo
288 4129 350 4169 non
371 4107 530 4184 discedere,
550 4121 584 4168 ut
600 4119 772 4190 conspectus
792 4109 853 4188 ipse
872 4107 933 4166 loci
954 4125 1005 4166 eos
1022 4116 1171 4194 moneret,

51 4174 196 4264 colendam
216 4205 278 4246 esse
297 4187 463 4266 puritatem,
482 4185 576 4265 qualis
595 4185 758 4247 aDomioo
776 4183 958 4273 praescripta
977 4191 1049 4240 erat.
1086 4180 1170 4241 Utile

56 4260 133 4314 etum
151 4260 225 4337 luit,
253 4281 370 4323 omnem
398 4261 598 4358 indulgentiae
622 4261 771 4325 materiam
788 4259 937 4341 praecidi,
963 4277 1023 4338 quo
1050 4255 1168 4320 liberius

52 4325 146 4421 officio
165 4357 218 4398 mo
236 4350 383 4400 vacarent.
421 4339 555 4420 Paprstae
576 4337 664 4399 hodie
678 4337 740 4408 boc
756 4345 910 4430 praetextu
925 4333 1109 4418 tyrannicam
1130 4338 1168 4398 de
1241 4393 1243 4398 .

51 4403 188 4474 coabbate
202 4413 304 4498 legem
318 4413 495 4476 defendunt.
533 4415 588 4478 stc
608 4414 686 4478 enim
709 4412 940 4475 rauocinautur:
964 4433 1054 4494 quum
1073 4411 1166 4476 absti-
