2786 4742
221 233 225 240 ·
321 189 506 304 tituletur
524 225 688 288 Pharisaeia
706 243 739 286 se
753 223 968 319 subducitt
1101 229 1189 292 wi
1281 303 1283 306 ¹

58 370 200 434 nametsi
215 371 360 452 uniusque
379 381 513 432 nostrum
532 369 649 433 vocatio
668 389 685 441 a
703 370 831 452 gratuito
843 370 901 430 D'ei
919 369 1032 450 iivore,
1050 377 1189 450 tanquam

56 451 145 510 unico
166 447 252 510 sonte
270 458 382 522 manat,
407 449 465 508 hoc
489 457 588 507 tamen
607 445 755 528 singulare
775 459 819 508 est
837 443 873 506 in
891 447 1027 522 Christo,
1056 447 1137 529 quod
1157 449 1190 510 in

59 526 120 586 eius
140 545 266 605 persona
284 535 378 586 totam
397 523 559 584 Ecclesiam
579 544 678 584 amore
698 544 752 584 suo
773 522 1079 604 complectitur,Deus
1090 524 1191 588 Pater.

56 603 132 663 Nam
146 625 236 682 quum
256 613 359 662 natura
379 598 492 661 inimici
502 598 561 658 Dei
580 600 668 660 simus
688 620 801 674 omnes,
821 617 969 680 nunquam
988 601 1024 661 ad
1043 623 1097 662 nos
1116 621 1188 682 pera

55 679 158 741 v'eniet
177 678 239 740 eius
261 687 357 751 amor,
384 677 476 737 nisi'a
496 677 592 756 capite
613 677 737 756 primum
758 676 894 757 incipiat,
914 676 988 736 sicut
1003 677 1075 738 alibi
1094 680 1187 739 visum

59 759 118 828 e'st,
140 761 176 816 'ac
201 757 309 815 iterum
333 754 480 816 videbitur
504 775 567 835 cap.
587 755 641 819 17(
677 751 824 812 Iudicium
845 751 975 828 gentibus
998 755 1189 816 onuuuuuiit.

59 831 200 892 Officium
221 831 331 896 Christi
352 832 482 892 breviter
501 830 635 913 designat
654 829 819 910 Propheta,
840 834 928 911 quum
950 831 1015 890 iore
1036 833 1189 911 praedicit,

58 907 249 970 utiucliciuna
270 908 407 992 gentibus
428 906 581 987 proserat'
607 898 717 968 ludicii
736 919 832 971 autem
853 908 974 967 nomine
995 907 1189 987 comprehcn-

58 985 133 1045 dunt
151 983 379 1046 Iudaeistatu'm
399 984 455 1044 rite
476 995 506 1044 et
524 984 631 1044 ordine
650 1006 715 1046 cum
740 985 862 1055 ositum,
889 984 940 1044 ubi
959 985 1040 1066 viget
1059 985 1189 1064 aequitas
1212 977 1219 992 '

58 1073 90 1122 at
108 1063 265 1122 rectitudo.
303 1061 432 1122 Perinde
453 1071 497 1120 est
521 1061 610 1141 igitur
629 1062 687 1126 acsi
708 1005 1008 1143 dixisset-Propheta,
1032 1073 1189 1122 venturum

56 1139 156 1212 etiam,
176 1140 227 1218 qui
246 1138 403 1218 collapsam
424 1136 562 1196 iustitiam
583 1139 736 1214 restituat,
747 1149 777 1198 et
797 1138 915 1218 quidem
935 1159 998 1199 non
1017 1138 1103 1198 unius
1121 1147 1189 1198 tati-

57 1228 120 1276 tum
141 1215 243 1296 populi
259 1215 300 1275 sit
319 1214 508 1286 moderator,
535 1213 586 1274 sed
605 1227 709 1296 gentes
729 1215 816 1274 etiam
837 1215 963 1275 adducat
980 1214 1034 1275 sub
1054 1214 1114 1276 Dei
1133 1214 1189 1274 iin-

56 1291 190 1372 perium,
208 1293 299 1352 inter
323 1311 393 1370 quas
424 1290 507 1371 pritrs
538 1289 689 1377 regnabat*
707 1304 791 1352 vasta*
812 1290 974 1371 dissipatio.
1011 1290 1110 1369 Atque
1130 1290 1189 1354 hoc

56 1369 80 1428 si
105 1368 203 1428 nificat
231 1368 353 1428 verbum
383 1364 516 1440 educere,
549 1386 609 1446 quo
642 1368 744 1426 utitur
763 1367 929 1448 Propheta:
959 1368 1030 1448 quia
1058 1367 1190 1434 cilicium
1250 1386 1253 1394 ’

57 1389 171 1506 eliisei
190 1443 261 1522 suit,
281 1463 413 1530 regumn
426 1443 500 1517 Dei,
521 1443 691 1523 quodiam
710 1443 853 1504 inclusum
874 1444 986 1505 eratin
1007 1443 1116 1526 angulo
1136 1443 1188 1504 Iu·

57 1524 162 1598 dacae,
183 1541 347 1602 propagare
365 1520 396 1581 in
415 1531 513 1582 totum
532 1519 653 1594 orbem,
670 1519 749 1580 sieut
761 1519 835 1580 alibi
855 1521 1033 1597 diciturffs·
1047 1527 1118 1595 110,
1132 1521 1190 1597 2),

57 1601 117 1660 Sce¹
138 1610 216 1657 trum
241 1597 357 1657 virtutis
381 1608 450 1659 tuae
478 1597 602 1660 emittet
619 1595 768 1675 meinus
789 1597 948 1657 ex·Siou..
976 1598 1080 1657 Simul
1102 1597 1192 1658 etiam

57 1619 238 1756 prolerendi
259 1674 358 1734 iudicii
381 1672 487 1734 modus
514 1665 701 1754 exprimitur,
730 1674 810 1753 quod
835 1673 917 1734 Deus
938 1673 1081 1754 Spiritum
1105 1695 1190 1735 suum

55 1762 152 1833 ponet
170 1749 352 1848 ithristo.
392 1752 503 1810 Verum
516 1749 640 1830 ,quiden
662 1761 724 1822 est,
750 1750 823 1810 nihil
844 1771 971 1844 unquam
993 1751 1081 1812 luisse
1100 1753 1192 1812 recti-

42 1827 170 1890 tudinis
188 1827 218 1897 in
235 1827 361 1902 mundo,
381 1827 462 1908 quod
483 1847 544 1886 non
565 1827 733 1906 proiectum
751 1827 791 1887 sit
810 1848 826 1887 a
845 1827 903 1888 Der
924 1828 1049 1908 Spiritu,
1068 1839 1099 1890 et
1118 1849 1191 1890 coe·
1217 1867 1219 1871 ν

56 1905 123 1966 lesti
144 1904 205 1965 eius
225 1905 332 1964 virtute
352 1904 534 1966 constiterit:
559 1903 805 1995 quemadmodum
826 1905 919 1964 etiam
939 1924 1027 1966 nemo
1048 1926 1091 1977 ea.
1108 1905 1191 1988 regi·

57 1982 112 2042 bus
132 1980 294 2062 legitimum
315 1982 449 2042 ordinem
468 1979 514 2040 vel
536 2000 649 2062 erigere
670 1981 715 2040 vel
734 1980 813 2042 tueri
827 1993 946 2074 potest,
971 1983 1026 2042 nisi
1046 1994 1190 2063 qnatenus

57 2059 165 2119 eodem
185 2058 299 2137 Spiritu
318 2059 475 2124 instructus
497 2057 561 2116 erit.
601 2057 660 2116 Sed
674 2056 806 2118 Christus
826 2080 855 2118 in
877 2059 1058 2139 proferendo
1079 2059 1190 2120 iudicio

56 2136 149 2216 longe
170 2133 242 2193 alios
262 2146 365 2193 oannes
387 2131 517 2204 excellit,
547 2133 613 2210 quia
634 2132 777 2209 Spiritum
803 2135 951 2216 auspiia
970 2135 1075 2209 Patre,
1101 2157 1190 2228 quem

57 2214 90 2272 in
111 2229 179 2270 suos
200 2228 301 2268 omnes
322 2207 471 2267 effundat:
491 2227 555 2266 non
577 2206 655 2266 enirn·
674 2225 747 2266 voce
761 2215 879 2268 tantum
893 2209 939 2269 'vel
959 2211 1071 2290 scripto¹
1090 2212 1191 2290 ductat,
1212 2217 1213 2222 ’

59 2287 131 2368 quid
150 2297 264 2346 rectum
284 2283 337 2356 sit,
361 2283 411 2344 sed
433 2281 560 2376 Spiritus
580 2281 624 2342 sui
643 2283 736 2363 gratia
753 2283 834 2344 intus
852 2285 963 2348 ‘format
982 2285 1192 2348 eorda-laomi-

57 2385 130 2428 num
150 2363 187 2424 ad
206 2361 376 2432 servandam
395 2358 521 2432 iustitiae
542 2356 698 2440 regulam„
773 2423 775 2428 ,
904 2427 907 2433 Δ
968 2429 970 2438 y
1123 2405 1127 2410 .

136 2445 183 2506 19.
221 2435 467 2498 Noncoutendet.
516 2433 635 2507 Summa
655 2446 715 2512 cst,
744 2444 777 2494 ut
796 2455 892 2518 nuper
907 2437 1010 2528 attigi,
1040 2461 1102 2500 non
1125 2440 1192 2501 lore

55 2513 403 2580 tumultuosum'Christi
422 2513 607 2588 adventum,
620 2511 689 2591 quie
708 2511 792 2593 tegio
813 2527 954 2596 apparatu
973 2515 1193 2598 splendoreque
1303 2524 1306 2542 '

58 2592 185 2658 carebit:
216 2602 401 2650 mortemon
421 2589 591 2664 subiicitur,
621 2589 651 2650 id
670 2589 702 2650 in
722 2587 878 2650 hominum
898 2591 1020 2652 salutem
1048 2594 1133 2667 sore,
1157 2604 1193 2655 ut

58 2669 193 2733 amabilis
223 2668 261 2734 sit
289 2667 343 2728 ista
374 2666 591 2742 mansuetudo,
638 2687 693 2742 uae,
716 2664 821 2746 pasjsim
845 2667 877 2738 ip
904 2671 1015 2740 mundo
1034 2672 1193 2751 spernitur,

56 2751 99 2810 Et
124 2758 204 2806 certe
230 2744 302 2805 mica
329 2755 375 2804 est
398 2743 550 2804 bominum
574 2689 711 2820 stultitia,
735 2744 816 2822 quod
842 2744 936 2806 minus
964 2746 1128 2818 honorifice
1143 2749 1193 2827 ,de

60 2822 183 2886 Christo
203 2822 340 2897 sentiant,
360 2821 427 2901 quia
446 2841 477 2894 se
499 2820 533 2880 ad
554 2840 657 2881 eorum
677 2819 828 2881 modulum
869 2820 962 2883 lacide
980 2823 1117 2904 ultroque
1138 2826 1197 2886 de:

58 2899 160 2962 mittit
209 2899 359 2980 Appareat
381 2897 514 2963 Christus
534 2896 565 2959 in
585 2921 635 2961 sua
650 2898 766 2980 gloria,
792 2843 867 2992 quid
890 2899 1019 2968 futurum
1036 2913 1192 2982 J‘putamus,
1220 2912 1223 2918 ’

58 2977 117 3038 nisi
149 2987 184 3038 ut
215 2997 269 3038 nos
299 2987 381 3052 totos
411 2973 585 3050 absorbeat?
625 2975 781 3050 Quaenam
805 2973 897 3060 igitur
916 2977 970 3036 ista
991 2978 1114 3057 prauitas
1135 2991 1191 3055 est,

57 3054 155 3116 minus
175 3051 303 3132 libenter
325 3073 392 3124 eum
412 3051 555 3131 excipere,
576 3051 626 3144 qni
644 3052 675 3111 in
692 3053 815 3134 gratiam
834 3063 965 3114 nostram
986 3074 1020 3114 ex
1038 3049 1193 3133 altitudine

57 3151 112 3194 sua
137 3128 307 3190 descendit?
329 3157 331 3170 =
351 3115 437 3212 'Ergo
470 3127 632 3190 ut·Chr1sti
648 3127 798 3190 ‘comitis'
817 3131 1018 3191 reverentiam
1041 3130 1085 3190 illi
1113 3133 1193 3212 apud

58 3205 162 3271 fideles
182 3205 338 3281 conciliet,
362 3215 447 3285 quain
468 3204 562 3280 utilis,
588 3206 653 3267 'imo
670 3207 840 3274 necessaria
855 3208 898 3280 sit,
916 3207 1060 3280 admonet·
1076 3208 1192 3280 lessius.
1301 3255 1305 3268 ,

58 3283 126 3346 Sibi
147 3283 271 3362 quisque
292 3293 425 3346 nostrum
451 3281 614 3364 fragilitatis
634 3303 701 3344 suae
722 3285 857 3345 conscius
878 3296 935 3347 est:
961 3284 1029 3360 hinc
1050 3299 1193 3368 ,reputare

59 3361 214 3435 convenit,
240 3369 424 3440 quantopere
449 3359 584 3419 omnibus
605 3358 740 3439 expediat
757 3359 946 3443 indulgenter
965 3383 982 3422 a
1003 3361 1123 3429 Christo
1144 3365 1192 3424 lo-

57 3440 139 3503 veri.'
170 3435 239 3497 Non
261 3436 369 3516 loquor
388 3436 425 3496 de
444 3435 620 3512 incredulis,
640 3437 690 3516 qui
710 3437 797 3502 omni
812 3435 939 3517 Spiritui
959 3441 1052 3522 gratia
1072 3453 1192 3521 prorsus

58 3514 156 3579 adhuc
175 3513 257 3574 vacui
277 3525 360 3587 sunt,
384 3513 434 3573 sed
455 3513 505 3593 qui
524 3512 582 3574 iam
600 3513 697 3575 vocati
715 3525 784 3573 sunt
803 3533 819 3573 a
838 3515 987 3591 Domino,
1012 3518 1107 3578 donec
1125 3517 1192 3596 ple-¹

57 3593 127 3654 nius
153 3593 184 3650 in
210 3590 267 3652 illis
292 3589 391 3650 lumen
418 3590 574 3662 accendat,
604 3603 635 3650 et
664 3589 790 3650 solidum
816 3591 907 3651 robur
926 3616 959 3652 su
979 3592 1103 3674 peditet.
1143 3593 1192 3653 An

24 3723 29 3733 ,
59 3690 123 3731 non
157 3687 258 3728 omnes
287 3666 471 3729 semifractae
500 3666 635 3727 arundini
661 3678 691 3738 et
721 3663 877 3749 ellychnio
900 3657 971 3731 sunit
993 3666 1053 3729 anti
1075 3658 1192 3730 :similes

58 3744 148 3814 sunt?
187 3742 280 3820 Quod
301 3763 372 3826 ergo
397 3743 496 3814 itase
516 3743 649 3807 Christus
677 3755 796 3806 nostrae
821 3743 981 3816 infirmitati
1007 3755 1195 3826 attemperat,

58 3824 230 3885 immensam
262 3821 323 3882 eius
355 3819 518 3881 bonitatem
549 3819 709 3881 exosculari
739 3819 888 3900 discamup.
943 3821 1060 3883 Interea
1091 3834 1191 3884 tamen

59 3897 150 3960 nemo
171 3892 226 3958 sibi
247 3896 276 3957 in
294 3897 371 3958 vitiis
391 3895 567 3971 blandiatur,
585 3894 636 3968 'seil
657 3901 763 3977 pro'se'
785 3897 907 3978 quisque
927 3895 956 3958 in
978 3896 1081 3958 melius
1099 3900 1191 3980 proli-

60 3995 130 4038 cere
148 3976 279 4048 studeat,
298 3995 336 4035 ne
357 3961 499 4034 iactemur
517 3984 585 4038 tota
600 3974 657 4033 vita
678 3972 725 4038 rel
745 3973 781 4034 ad
802 3975 964 4068 quamlibet
983 3995 1081 4034 auram
1103 3988 1190 4035 nute-

59 4075 124 4114 mus
144 4052 318 4114 arundinum
335 4053 442 4112 instar:
462 4051 513 4111 sed
529 4050 726 4112 adolescamus
745 4049 776 4110 in
788 4073 868 4113 viros
884 4048 1045 4146 periectos,
1064 4063 1097 4115 ut
1115 4051 1192 4114 firmi
1236 4085 1243 4102 s

60 4142 170 4190 stemus
191 4141 294 4190 contra
312 4131 410 4189 varios
430 4128 555 4188 Satanae
575 4127 715 4202 insultus,
739 4149 777 4188 ne
798 4131 905 4212 exignus
924 4139 1037 4188 tantum
1057 4129 1190 4190 scintillis

17 4233 23 4244 ·
62 4218 95 4265 et
115 4203 240 4266 obscura
260 4205 382 4289 iuligine
402 4203 548 4285 implicitis
564 4205 640 4270 ,fides
660 4207 869 4280 nostramicet,
889 4206 939 4270 sed
960 4205 1073 4276 luaidos
1093 4206 1191 4284 radios

61 4281 186 4344 emittat
227 4281 291 4364 ,Iam
312 4304 382 4346 vero
403 4282 514 4345 Christi
541 4281 673 4362 exemplo
698 4283 836 4348 omnibus
860 4281 1080 4348 eius=ministris
1105 4303 1190 4364 prae·

60 4355 215 4434 sentitur,
234 4357 362 4440 qualiter
375 4381 407 4436 se
425 4378 530 4444 gerere
551 4359 687 4424 debeant.
738 4359 799 4424 Sed
818 4359 885 4440 quia
913 4359 999 4424 huius
1021 4358 1080 4424 loci
1103 4365 1201 4443 prae&

140 4517 145 4526 ·
188 4501 197 4540 l
