2816 4746
467 232 469 242 ¹
511 231 603 343 lun.
623 279 790 349 ntnxnvr.
1007 347 1011 362 ,
1176 291 1214 356 17

84 423 215 507 sopitam
241 425 386 488 flammam
410 421 559 488 iodlente:
591 426 672 506 quod
696 423 862 504 incendium
877 428 1039 509 quominus
1056 427 1217 512 sopiretur,

83 523 142 584 per
162 503 318 565 Calvinum
338 515 419 566 certe
438 523 500 562 non
519 502 609 578 stetit,
628 502 710 564 cuins
731 521 765 562 ea
784 499 821 560 de
839 521 872 562 re
890 505 925 564 ad
940 505 1109 598 Philippum
1127 527 1216 569 unam

84 593 118 640 et
150 579 272 641 alteram
304 579 455 660 epistolam
486 579 630 640 edendam
661 577 833 640 curavimus.
883 579 943 639 Sed
964 594 1117 663 utriusque
1139 586 1217 646 ιιιιίι

85 657 222 716 consiliis
252 655 359 716 nullum
391 656 506 716 loenm'·
521 655 624 716 tribuit
649 656 710 716 eius
736 654 863 714 bominis
894 656 1097 739 intemperies,
1127 681 1216 743 quem

84 731 549 874 ppcrgpeoPepgpllpffitvocElplatn
566 733 684 870 lnterteea
703 730 842 868 pgxmisspu
862 731 937 868 pptlple
950 734 1127 873 ,desaevienpl
1138 736 1216 797 mul-

126 832 140 868 s
204 831 255 868 ns
399 853 406 868 .
502 833 529 869 ιι
605 831 641 868 au
673 831 702 868 m
949 831 980 868 ιιι

87 885 201 965 flagitia
220 905 252 945 ac
271 884 442 966 praesertim
463 831 600 946 adverlls
619 827 931 964 scortationesfgquae
954 904 993 944 ne
1004 831 1217 970 1lldldllllqullldldltna

81 961 392 1040 desinerepoterant,
411 980 467 1041 pro
486 961 601 1036 viribus
616 962 791 1035 detonabat,
810 960 896 1022 bonis
917 961 1037 1042 quidem
1057 968 1216 1028 msentien-

89 1037 170 1099 tibus
208 1039 258 1098 sed
278 1037 378 1119 paucis
398 1037 570 1118 quibusdam
590 1037 769 1114 ἅημαγώγοιι
791 1036 939 1099 bonorum
966 1041 1218 1104 conatusieirin·

86 1081 238 1252 gentiluus,
257 1115 353 1175 donec
373 1114 512 1194 ipsisese
532 1115 623 1191 ultro,
642 1113 727 1174 sicuti
746 1135 799 1173 suo
821 1112 889 1175 loco
906 1115 1029 1189 dicetur,
1046 1113 1218 1198 praecipites

109 1192 244 1251 ederunt.
282 1190 454 1252 Accedebat
485 1191 611 1272 denique
638 1189 673 1249 ad
696 1188 767 1250 baec
794 1190 882 1265 mala,
907 1193 987 1271 quod
1012 1204 1076 1252 tum
1100 1213 1219 1274 quoqne

86 1289 192 1350 pamm
217 1280 299 1328 certe
322 1266 496 1348 tempestive
520 1265 676 1346 disceptari
701 1267 737 1326 de
760 1269 888 1352 propriis
912 1267 1221 1347 reipublicae·Gsne-
1283 1283 1287 1290 '

87 1346 186 1406 vensis
208 1342 395 1405 facultatibus
415 1344 526 1423 coepit:
546 1364 602 1404 nec
621 1342 681 1423 pati
700 1355 843 1422 poterant
856 1343 956 1404 fideles
968 1342 1110 1426 pastor'ss,
1122 1345 1221 1408 eccle»-
1309 1398 1313 1414 ,

86 1421 203 1483 siastica
224 1421 303 1481 bona
322 1421 480 1501 pontificiis
500 1431 600 1500 erepta
624 1439 684 1480 uon
709 1419 752 1478 sic
770 1431 803 1479 ut
823 1421 956 1500 oportuit
979 1417 1127 1502 plerisque
1147 1423 1221 1484 locis

90 1497 301 1558 administrari.
339 1497 426 1556 Multi
445 1497 513 1558 hinc
531 1497 621 1578 igitur
645 1495 804 1574 clamores,
829 1497 936 1557 multas
960 1497 1115 1576 querelae,¹
1136 1499 1222 1561 multi

88 1574 219 1654 denique
250 1573 407 1648 scribendo
440 1595 473 1634 ac
498 1572 649 1654 loquendo
676 1569 806 1644 labores,
836 1572 887 1632 sed
915 1573 1020 1634 irustra
1047 1577 1222 1660 plerumque

91 1650 236 1732 suseepti,
257 1663 357 1731 aperte
378 1650 535 1731 profitente
556 1649 692 1722 Calvino,
713 1648 880 1727 sequidem
905 1650 953 1710 isti
971 1651 1221 1714 conlusiooi-mi-

89 1729 171 1788 nime
191 1729 299 1803 lavere,
319 1748 404 1807 quam
425 1727 561 1804 divinitus
579 1725 698 1787 tandem
718 1724 807 1785 sciret
817 1726 997 1786 severissime
1008 1725 1222 1805 vindicandam,

89 1805 142 1866 sed
163 1805 195 1864 in
216 1823 252 1864 eo
271 1816 370 1864 tamen
390 1804 497 1864 iustum
516 1803 575 1864 Dei
592 1803 732 1864 iudicium
753 1819 931 1884 agnoscere,
957 1802 1036 1883 quod
1062 1805 1140 1866 bona
1159 1819 1221 1866 tam

90 1881 169 1941 male
189 1881 267 1972 prius
286 1880 462 1942 a‘sacrilicis
487 1881 626 1961 acquisita
651 1901 711 1940 non
732 1880 842 1940 sineret
860 1879 1007 1940 Dominus
1033 1880 1221 1945 ecclesiarum

89 1958 210 2018 aerariis
229 1957 341 2017 inferri.
379 1958 445 2017 Alia
467 1970 618 2037 praeterea
638 1955 744 2038 duplex
761 1954 930 2017 sollicitudo
943 1956 1095 2018 Calvinum
1116 1959 1222 2020 codem

90 2034 151 2094 boc
162 2055 239 2093 anno
251 2033 331 2094 domi
343 2033 427 2094 simul
440 2047 469 2094 et
480 2035 550 2095 ioris
562 2035 700 2094 exercuit.
720 2030 929 2092 lledierattum
937 2032 1088 2094 Genevarn
1099 2034 1221 2114 patriam

92 2129 174 2170 suam
187 2121 336 2172 veterator
370 2111 463 2171 uidam
484 2111 577 2172 adbuc
588 2110 705 2190 quidem
727 2107 848 2184 iuvenis,
868 2110 918 2190 qui
936 2121 1033 2170 temen
1055 2111 1224 2190 aliquandiu

95 2187 247 2246 eremitam
258 2186 289 2245 in
305 2133 408 2247 Galdiis
428 2187 584 2248 simularat.
622 2185 698 2245 Eum
719 2185 832 2266 pietatis
852 2187 977 2267 speciem
996 2187 1081 2248 initio
1102 2208 1172 2267 prae
1192 2207 1224 2248 se

92 2263 238 2322 ferentem
267 2264 407 2327 ‘Calvinus
440 2263 552 2342 (homo
578 2263 602 2324 si
627 2263 779 2341 quisquam
808 2262 881 2322 alius
905 2263 937 2322 in
968 2263 1223 2344 deprehendendis

93 2339 220 2400 aliorum
238 2339 363 2420 ingeniis
381 2342 490 2422 sagacis
510 2338 696 2418 sollertisque
716 2338 842 2415 iudicii),
861 2359 950 2418 quum
970 2359 1037 2396 mox
1049 2340 1225 2418 agnovisset,

91 2416 258 2476 admonere
278 2416 405 2494 priunum
424 2437 457 2476 ac
476 2429 544 2474 mor
563 2415 682 2474 liberius
703 2414 799 2487 etiam,
820 2427 922 2492 postes
935 2413 1090 2472 ambitiose
1102 2415 1224 2476 nimium
1247 2487 1249 2492 .

89 2493 126 2552 in
154 2490 391 2572 congregationis
422 2503 510 2549 coetu
534 2509 596 2548 sese
621 2489 796 2547 efferentem
828 2490 980 2566 increpare
1011 2488 1129 2567 coepit·
1157 2487 1257 2551 Hoc*

92 2567 146 2628 ille
168 2586 229 2624 non
250 2565 347 2624 leneus
367 2565 479 2645 reperit
498 2565 592 2624 tacite
604 2582 637 2620 ex
656 2563 701 2637 iis,
720 2563 750 2620 in
771 2581 895 2640 quorum
915 2562 1024 2624 scelera
1042 2563 1140 2624 intelli
1156 2566 1226 2628 soli-

93 2657 142 2704 tus
166 2653 231 2702 erat
251 2641 406 2714 Calvinus,
431 2657 555 2720 quorum
577 2639 676 2700 lavore
701 2650 733 2698 et
750 2639 847 2700 studio
873 2635 1069 2715 adiuvaretur,
1088 2637 1225 2720 adeo'ut,

96 2739 187 2800 quum
208 2718 288 2779 iorte
308 2730 445 2800 ageretur
465 2718 501 2777 de
520 2729 639 2797 pastore
658 2717 688 2776 in
708 2717 817 2777 mortui
837 2715 934 2777 locum
953 2717 1043 2779 subro
1083 2715 1153 2795 ndo,
1172 2741 1226 2802 pa-

94 2798 152 2858 larn
173 2795 310 2870 illesum
329 2795 386 2856 suis
405 2812 518 2854 sacrum
531 2793 724 2854 Ministerium
744 2793 878 2854 ambiret,
897 2793 979 2868 Quid
999 2817 1047 2854 mu
1074 2796 1114 2856 isi
1130 2797 1225 2856 intes-

95 2873 193 2955 posita
212 2890 261 2934 sua
281 2873 455 2932 auctoritate
479 2870 562 2930 iubet
582 2871 708 2930 Senatus
732 2871 815 2932 istius
839 2872 984 2932 rationem
1009 2873 1120 2934 baberi.
1159 2873 1225 2934 Ob·

96 2949 172 3011 stitit
191 2971 257 3009 curn
275 2949 333 3009 suis
353 2949 474 3031 collegis
495 2947 649 3022 Celsinus,
671 2960 701 3008 et
721 2959 902 3030 quantopere
923 2948 971 3008 bic
988 2950 1112 3012 ambitus
1131 2949 1239 3028 serbo’

95 3027 155 3086 Dei
175 3037 361 3107 repugnaret,
379 3025 522 3086 ostendit:
541 3024 728 3104 obtinuitque
748 3027 826 3086 bone
845 3047 912 3086 cum
933 3025 1062 3086 Senatus-
1077 3021 1179 3106 vebia,
1192 3036 1227 3086 ut

95 3104 213 3182 scriptis
233 3100 433 3162 ecclesiasticis
453 3101 567 3184 legibus
585 3113 720 3161 staretur.
748 3101 842 3164 Erunt
860 3113 931 3162 tunc
952 3121 1077 3181 quoque*
1090 3102 1121 3161 in
1133 3100 1227 3166 Gallis

95 3177 250 3252 nonnulli,
276 3180 324 3257 qui
355 3177 615 3258 persequutionum
645 3189 726 3238 metu
752 3178 838 3239 initio
863 3176 935 3257 lapsi
960 3197 1098 3269 'epusque
1124 3191 1227 3258 postet
1280 3248 1285 3258 x
1333 3175 1334 3182 ¹

97 3256 154 3316 sibi
174 3253 290 3335 placere
311 3267 480 3335 coeperant,
500 3266 533 3312 ut
553 3273 604 3314 eus
623 3266 768 3335 negarent
787 3273 920 3333 peccare,
941 3275 990 3334 qur
1009 3275 1039 3313 ιιι
1059 3273 1228 3314 vesamum

97 3333 244 3412 ligionens'
271 3329 376 3391 intenti
408 3351 533 3421 corpore
564 3330 701 3390 duntaxat
732 3329 891 3410 pontificiis
922 3334 1010 3390 sacris
1041 3331 1227 3392 interessent.

97 3407 215 3468 Hunc-i
239 3407 297 3466 itur
315 3407 734 3488 perniciosissimnmerrorem
755 3407 811 3466 ism
833 3407 902 3466 olim
923 3427 939 3467 a
958 3405 1090 3488 patribus
1110 3407 1228 3477 damne-

97 3498 162 3546 turn
185 3427 340 3559 calvinus,
359 3481 447 3544 'cuius
467 3482 508 3542 illi
526 3482 710 3544 severitatem
726 3482 847 3543 nimiam
878 3503 940 3544 esse
965 3482 1171 3558 causabantur,
1197 3495 1229 3544 et

98 3562 210 3642 scripto
231 3561 381 3636 luculento
402 3560 552 3634 refutavit,
578 3571 608 3618 et
632 3553 776 3620 adiunctis
808 3561 1041 3622 doctissimorum
1068 3561 1229 3643 theologo-

100 3659 177 3711 rum,
197 3627 327 3717 Pbilippi
353 3635 604 3710 Melancbthonis,
622 3636 746 3710 Buce-i,
764 3636 846 3696 Petri
861 3637 1016 3718 -lllartyris,
1036 3649 1067 3696 et
1090 3638 1230 3698 ecclesiae

100 3714 262 3796 Tigurinae
281 3713 433 3785 sententiis
452 3712 490 3773 its
511 3714 657 3787 coercuit,
682 3711 776 3772 ut'ab
802 3731 839 3772 eu
863 3725 998 3793 tempore
1017 3713 1228 3794 piisomnibus

100 3791 242 3851 loetuerit
271 3790 518 3850 Nicodemitarurn
545 3808 664 3849 nomen.
705 3790 759 3848 lta
783 3790 861 3850 euim
885 3790 927 3850 illi
951 3790 1151 3865 vocabantur,
1166 3788 1230 3866 'qui

101 3863 196 3929 errori
214 3884 269 3928 suo
288 3867 532 3930 sanctissimiviri
551 3865 628 3926 illius
648 3864 809 3947 exemplum
828 3879 1049 3947 praetexerent.-
1082 3909 1096 3918 η
1136 3906 1145 3944 ·.
1188 3899 1191 3909 ‚

217 3962 222 3986 l
435 3957 444 3972 ”
628 3957 636 3964 ”
814 3973 817 3982 ι
872 3968 877 3984 ι
927 3969 929 3977 ¹
1142 3961 1157 3981 ι’
1184 3957 1197 3974 '¹

154 4021 290 4098 usse)
319 4019 408 4080 nunc
437 4019 645 4080 annumeras
676 4019 769 4080 nitito
800 3999 900 4100 mutor
926 4021 1047 4100 empse
1092 4006 1256 4078 Praeter-c

104 4118 188 4178 qnam
208 4099 286 4156 enim
308 4097 387 4180 quod
406 4096 541 4156 adversus
560 4095 728 4175 frequentes
748 4096 922 4157 nuntios·de
944 4095 1077 4156 Caesaris
1096 4095 1231 4174 adsersus

44 4204 50 4215 ·
103 4176 155 4234 reli
177 4175 277 4234 ionetn
298 4173 499 4232 molitionibus
512 4184 548 4231 st
560 4171 713 4232 Pontillcis
733 4173 871 4249 ίίιιιιιὶιιι,ἶ
883 4181 978 4264 eiquo
998 4171 1169 4250 summissos·
1183 4174 1230 4234 in

39 4250 50 4296 Γ
104 4193 266 4311 cendiarios
286 4249 431 4323 ferebant,
450 4249 665 4310 confirmandus
685 4262 747 4310 erat
764 4245 877 4310 civium·
892 4245 1015 4319 boemus,
1035 4247 1230 4327 deplorandus

106 4341 166 4388 erat
184 4329 215 4388 in
236 4346 274 4387 eo
296 4326 452 4406 praecipue
466 4327 594 4386 eivitatis
615 4337 720 4400 status,
745 4327 825 4462 <pund
849 4337 964 4385 tantum
989 4324 1104 4386 abesset
1122 4337 1154 4385 ut
1172 4328 1231 4390 ire·

106 4405 267 4484 proborum
289 4403 472 4483 quorundam
497 4401 657 4483 petulantia
680 4413 727 4462 tot
766 4402 852 4461 erulis
878 4400 992 4506 domari
1016 4411 1231 4479 sepulteram,

912 4482 930 4537 l
