2824 4756
1191 144 1196 173 l

122 248 125 256 ·
166 227 206 290 56
362 213 513 282 SECTIO
533 215 590 276 111.
628 213 705 274 Isso
723 219 871 274 carmes
891 224 933 274 er
951 185 1120 275 susanam.

169 365 255 446 quale
275 375 343 426 ante
364 365 425 423 eius
446 361 600 422 adventum
620 357 797 436 patefactum
817 359 910 420 reteri
933 355 1047 440 populo
1071 355 1136 418 luit.
1175 355 1208 418 st
1227 377 1301 420 rere

169 455 305 504 constare
326 443 426 520 coepit
450 439 535 497 buins
561 437 687 495 nominis
708 439 796 508 ratio,
821 456 854 494 ex
874 457 933 515 quo
959 433 1093 514 apparuit
1114 431 1245 496 Christus
1267 437 1301 495 in

169 541 268 591 earne,
287 517 430 596 sequitur,
450 515 521 574 olim
542 534 602 572 non
623 513 653 572 in
673 513 810 586 solidum,
828 511 880 572 sed
901 533 934 570 ex
952 519 1036 591 parte
1056 511 1302 572 duntaxatDenm

82 605 87 620 '
170 599 363 656 coniunctum
384 594 558 654 luissecum
578 589 722 648 Patribus.
768 589 855 647 Unde
876 587 1182 665 rursum'conlicitur,
1209 589 1301 666 Chr-i-

169 685 245 732 stum
266 690 328 731 esse
349 671 445 732 Deum
464 667 496 726 ln
517 687 604 726 earne
624 665 846 725 manifestatum.
885 665 1015 724 Functus
1036 665 1154 744 quidem
1173 678 1218 736 est
1233 667 1301 726 Me·

171 748 292 808 diatoris
314 746 413 810 allicio
435 764 526 822 usque
547 742 582 802 ab
603 742 688 802 initio
710 741 821 813 mnndi,
841 741 892 802 sed
914 742 981 820 quia
1003 740 1059 802 hoc
1079 751 1175 804 totum
1195 741 1231 802 ab
1251 741 1301 800 ul-

170 827 240 886 tima
261 822 440 885 revelatione
461 818 618 899 pendebat,
638 831 709 878 tune
728 819 836 879 merito
851 818 966 877 demum
979 810 1060 896 quasi
1079 839 1155 878 nova
1176 839 1302 899 persona

171 902 293 962 indutus
324 913 445 960 vocatur
470 895 648 969 Immanuel,
672 917 761 974 quum
786 897 815 954 in
843 896 969 954 medium
991 893 1135 988 Sacerdos
1155 897 1302 988 prdcedit,

173 979 222 1057 qui
244 977 377 1057 corporis
396 976 441 1036 sui
456 973 573 1033 victima
595 972 745 1031 hominnm
767 983 883 1051 peccata
904 972 1010 1051 expiet,
1029 989 1237 1053 sangnrnrsque
1256 971 1302 1032 sni
1401 1027 1402 1038 ,

170 1056 268 1136 pretio
291 1075 341 1114 eos
362 1049 534 1113 reconciliet
546 1049 638 1122 Patri,
660 1049 786 1128 deniqne
804 1069 906 1110 omnes
927 1048 1069 1106 humanae.
1088 1048 1185 1109 salutis
1206 1061 1302 1130 partes
1401 1063 1402 1086 ³

172 1131 329 1224 compleat.
377 1129 422 1192 lta
476 1126 555 1184 riore
577 1125 695 1206 quidem
725 1126 793 1185 loco
825 1125 985 1205 reputanda
1013 1124 1099 1184 nohis
1126 1138 1169 1206 est
1193 1127 1222 1184 in
1244 1125 1302 1186 hoe

167 1225 295 1268 nomme
316 1205 409 1272 divina
433 1148 541 1265 ebrini
560 1205 703 1276 m'aiestas,
723 1215 757 1264 nt
776 1201 968 1261 reverentiam
988 1201 1062 1282 apnd
1084 1223 1137 1262 nos
1158 1203 1302 1274 obtineat,

173 1305 249 1364 quae
271 1283 359 1344 unico
381 1280 505 1341 debetur
529 1291 559 1342 et
583 1291 704 1340 aeterno
726 1279 803 1343 Deo.
842 1279 901 1338 Sed
927 1279 1044 1336 minime
1058 1277 1186 1352 ¹interim
1207 1280 1303 1362 negli-

173 1361 286 1442 gendus
313 1370 356 1418 est
381 1359 507 1426 fructus,
539 1376 627 1438 quem
659 1356 727 1415 inde
754 1378 773 1416 a
799 1355 886 1415 nobis
906 1355 987 1416 Deus
1011 1353 1111 1450 colligi
1137 1378 1170 1416 ac
1187 1358 1305 1449 percipi

172 1436 279 1500 voluit,
329 1434 456 1514 Quoties
488 1433 566 1500 enirn
590 1434 686 1504 Deum
718 1444 749 1492 et
778 1433 932 1502 hominem.
960 1432 1154 1512 conspicimus
1186 1455 1215 1492 rn
1245 1455 1305 1494 una

175 1512 287 1574 Christi
310 1532 454 1591 persona,
484 1523 565 1568 certo
598 1522 726 1570 statuere
758 1508 844 1581 licet,
874 1509 971 1567 Deum
997 1529 1051 1568 nos
1082 1509 1250 1591 possidere,
1280 1511 1305 1571 si

175 1588 295 1652 Christo
322 1589 386 1647 fide·
406 1587 557 1651 coniuncti
581 1609 688 1646 sumus.
738 1585 831 1661 Quod
858 1585 887 1644 in
913 1585 1005 1646 verbo
1028 1584 1150 1646 υοωπᾰί
1179 1599 1307 1657 arctatus

174 1676 219 1723 est
240 1685 399 1740 numerus,
412 1664 532 1724 minime
554 1663 770 1723 dissentaneum
791 1673 835 1722 est
854 1661 889 1722 ab
910 1661 955 1736 iis,
976 1683 1049 1741 qnae
1070 1665 1148 1743 prius
1168 1663 1305 1723 disserui:

173 1761 262 1804 unam
282 1742 399 1820 quidem
420 1741 568 1818 virginem,
584 1741 744 1818 alloquitur
763 1738 930 1818 Propheta,
951 1751 981 1798 et
1001 1739 1068 1798 ideo
1088 1741 1214 1800 secunda
1236 1759 1304 1820 per-

173 1837 247 1878 sona
268 1819 375 1894 utitur,
399 1819 532 1878 Vocabis.
577 1815 636 1876 Sed
664 1837 776 1896 exque
820 1814 1013 1897 romulgatnm
1034 1815 1090 1876 luit
1109 1817 1166 1877 hoc
1186 1837 1307 1892 nomen,

175 1897 338 1956 communis
359 1895 475 1976 piorum
496 1894 626 1954 omnium
646 1892 717 1954 haee
737 1837 884 1954 conlessio
902 1904 957 1970 est,
978 1892 1058 1972 qnod
1071 1893 1151 1953 Deus
1168 1913 1199 1954 se
1219 1895 1305 1958 nobis

173 1969 330 2032 fruendum
352 1973 380 2030 in
404 1967 523 2032 Christo
544 1969 668 2029 dederit.
1102 2019 1110 2024 .
1202 1977 1207 1984 “

250 2053 298 2112 tt.
336 2047 494 2112 Recitntus
512 2043 626 2121 Ioseph.
659 2044 866 2128 Promptitddo
879 2044 1025 2123 obsequii,
1044 2065 1118 2125 qnae
1137 2045 1186 2107 hie
1197 2047 1305 2107 deseri·
1401 2107 1402 2110 ,

174 2121 264 2196 bitur,
285 2146 346 2188 nnn
367 2127 463 2191 minus
482 2124 519 2189 ad
538 2124 699 2184 testandam
721 2122 926 2184 cer-titudinem
940 2123 1014 2182 'fidei
1027 2122 1144 2204 Ioseph,
1164 2145 1250 2202 quam
1270 2125 1306 2184 ad
1401 2151 1402 2180 i

174 2199 364 2266 obedientiae
386 2202 501 2267 landem
523 2199 606 2262 lacit:
633 2201 688 2266 nisi
714 2201 791 2262 enirn
813 2212 962 2280 exemptus
990 2200 1097 2268 luisset·
1111 2201 1204 2260 omnis
1224 2223 1305 2262 scru-

170 2277 262 2358 pulus
286 2279 442 2359 probeque
471 2277 570 2338 sedata
602 2278 663 2338 eins
690 2276 885 2350 conscientia,
916 2298 1066 2354 nunquam
1094 2277 1133 2336 lta
1160 2277 1305 2354 alacriter,
1401 2281 1402 2318 ³

174 2367 290 2416 mrrtato
310 2368 433 2450 repente
454 2354 592 2428 consilio,
610 2375 728 2420 uxorem
749 2353 932 2432 sumpsisset,
954 2355 1035 2415 cuius
1055 2353 1254 2414 contubernio
1274 2375 1306 2415 se

196 2430 319 2492 ollntnm
345 2436 380 2493 rri
409 2451 504 2512 nuper
528 2432 675 2508 censebat.
718 2431 823 2510 Itaque
843 2431 958 2492 somnio
979 2430 1116 2512 impressa
1136 2430 1193 2491 luit
1211 2429 1328 2511 aliqua·

172 2452 343 2574 bivinitatis
365 2522 449 2578 nota,
469 2528 544 2588 qnae
565 2510 626 2569 eius
647 2509 774 2574 animum
793 2507 929 2578 fluctuari
949 2528 1009 2568 non
1030 2508 1148 2566 sineret.
1188 2507 1305 2599 Sequu-
1400 2501 1401 2518 ¹

98 2587 101 2596 “
172 2596 219 2644 tus
241 2598 284 2646 est
304 2587 411 2650 deinde
432 2585 500 2644 fidei
520 2585 661 2661 ellectus,
692 2585 772 2665 qnod
796 2586 897 2668 agnita
916 2585 975 2644 net
997 2584 1147 2646 voluntate
1170 2597 1305 2666 protinus

174 2661 211 2720 ad
232 2663 392 2740 parendum
413 2681 444 2720 se
465 2663 596 2724 accinxit.

126 2745 131 2763 '
250 2744 297 2802 25.
323 2738 407 2801 ,Noa
436 2739 569 2810 cognovit
597 2759 660 2795 eam
684 2751 735 2796 otc.
790 2737 884 2797 Huius
920 2733 979 2796 loni
1009 2747 1162 2818 praetextu
1189 2757 1308 2818 magnas

175 2812 323 2888 quondam
344 2813 445 2876 turbas
466 2813 560 2875 movit
571 2812 720 2876 Helvidius
741 2811 771 2870 in
791 2811 935 2872 Ecclesia:
956 2815 1037 2892 qnod
1056 2813 1123 2873 inde
1142 2813 1309 2894 colligeret,

88 2915 90 2922 ⁴
172 2888 295 2948 Mariam
317 2910 377 2954 non
399 2889 453 2947 nisi
474 2888 509 2952 ad
531 2889 656 2968 primum
677 2908 769 2966 nsque
810 2900 904 2948 artum
924 2891 1066 2972 virginem
1087 2890 1184 2962 luisse,
1205 2901 1307 2970 postea

159 2976 273 3030 'autem
288 2984 332 3036 ,ex
359 2967 466 3027 marito
491 2964 639 3028 sustulisse
665 2965 737 3026 alios
763 2908 883 3027 liberos.
921 2965 1068 3048 Perpetua
1088 2967 1306 3048 hlarlaekvlrgi-

173 3043 248 3104 nitas
274 3042 380 3100 acriter
406 3053 436 3105 et
460 3041 580 3121 copiose
606 3041 642 3100 ab
663 3041 848 3123 Hieronymo
876 3041 994 3102 delensa
1021 3043 1083 3104 fnit
1129 3043 1222 3104 Nobis
1249 3043 1306 3105 hoc

173 3138 265 3176 unum
292 3117 432 3189 lulhciat,
463 3115 550 3178 stulte
576 3128 606 3179 et
625 3137 777 3202 perperam
803 3137 836 3177 ex
854 3119 950 3179 verbis
971 3120 1172 3204 Evangellstae
1196 3118 1307 3202 colligi,
1399 3189 1400 3200 χ

174 3192 243 3270 quid
264 3205 333 3272 post
354 3194 503 3256 Christum
525 3205 623 3258 natum
644 3196 812 3275 contigerit.
851 3197 984 3258 Vocatur
1002 3197 1230 3279 pn'mngenitus:
1255 3199 1307 3258 sed

173 3288 234 3328 non
256 3269 310 3330 alia
331 3271 446 3335 ratione
467 3270 522 3329 nisi
543 3271 732 3346 nesciamus,
758 3291 791 3329 ex
811 3272 925 3354 virgine
946 3294 1007 3333 esse
1028 3286 1135 3333 natum.
1174 3274 1308 3368 Negatur

172 3343 288 3426 Ioseph
303 3367 365 3408 rem
387 3369 453 3408 cum
474 3347 507 3408 e'a
527 3345 673 3420 habuisse,
694 3348 789 3412 dortee
809 3351 937 3430 peperit:
958 3350 1016 3411 hoc
1037 3371 1154 3430 qnoque
1175 3351 1210 3410 ad
1227 3351 1308 3412 adem
1399 3369 1400 3386 ¹

172 3431 288 3500 tempos
308 3424 508 3504 restringitur.
544 3423 625 3504 Quid
647 3436 749 3504 postea
768 3439 924 3505 sequutum
944 3428 991 3500 sit,
1010 3448 1073 3486 non
1091 3427 1210 3501 indicat.
1228 3427 1306 3488 ·Ta·
1398 3481 1399 3504 ἶ

174 3497 231 3558 lem
245 3518 307 3558 esse
319 3498 490 3578 Scripturae
510 3521 592 3559 usum
613 3501 680 3570 satis
701 3513 804 3560 notum
825 3513 877 3562 est.
915 3503 954 3562 Et
971 3515 1050 3562 certe
1063 3517 1158 3563 'nemo
1179 3525 1308 3584 unquam
1398 3519 1399 3580 j

173 3573 227 3664 hac
248 3574 285 3666 de
305 3596 337 3666 re
360 3576 561 3666 quaestionem
581 3578 789 3668 movehi'tmisi
809 3580 958 3646 curiosus:
978 3599 1066 3646 nemo
1086 3599 1158 3642 voro
1177 3582 1307 3668 pertha-

174 3663 249 3733 crter
267 3663 382 3718 rosutet
403 3673 459 3717 ntst
480 3664 682 3718 contentiosus
702 3667 820 3723 mator,
881 3685 888 3702 ι
1159 3705 1161 3715 .

102 3973 109 3996 ,
215 3918 299 4001 (ld)
324 3914 442 3985 «L‘UC.
469 3920 506 3984 ll.
555 3919 584 3985 l.
616 3920 751 3986 Factum
781 3932 961 3992 estantern
990 3922 1106 3990 diebus
1131 3925 1212 4004 illis,
1233 3925 1307 3991 exiit
1391 3969 1394 3983 ·

173 4017 313 4088 edictum
337 4041 356 4104 p
379 4014 522 4084 Caesare
543 4022 706 4108 Augusto,
734 4025 769 4090 u't
796 4035 982 4090 censeretur
1008 4028 1177 4092 universus
1209 4023 1307 4096 orbis.

172 4117 203 4178 2.
224 4119 315 4184 Haec
335 4118 510 4206 descriptio
529 4123 632 4207 prima
656 4124 742 4192 facta
766 4134 814 4192 est
836 4125 989 4192 Praeside
1007 4127 1123 4212 Syriae
1145 4126 1305 4214 Cyrenio.
1397 4123 1398 4126 ¹

172 4215 201 4275 3.
223 4215 265 4280 Et
289 4217 380 4283 ibant
407 4243 519 4287 orrrnes
542 4233 576 4288 nt
596 4225 844 4308 profiterentur,
872 4228 905 4290 in
928 4247 1016 4290 suam
1038 4230 1175 4314 quisque
1197 4231 1305 4294 civita-

173 4321 246 4380 tem
287 4317 317 4386 ‘t
343 4321 498 4390 Ascendit
521 4336 627 4394 auten
658 4325 829 4416 etlosopb
849 4349 877 4393 a
901 4325 1050 4396 Galilaea
1078 4349 1118 4394 ex
1139 4327 1221 4399 urbe
1242 4329 1306 4400 Na·
