2808 4748
196 303 256 369 1⁰⁰
362 293 514 361 SECTIO
534 295 589 356 tv.
626 293 906 358 Insuuarrrsnus
925 308 967 353 rr
987 307 1164 366 rmrrarro.

198 455 363 528 sequuntur
402 431 565 514 articularia
584 423 702 516 officia,
724 439 831 522 quibus
849 427 958 501 doctor
976 459 1048 524 erga
1062 437 1243 518 Ecclesiam,
1262 461 1328 503 ma-

195 523 335 605 gistratus
353 463 401 584 vel
419 520 558 602 princeps
577 536 647 602 erga
665 516 809 598 populum
829 528 861 576 et
877 515 1004 578 vicissim
1027 538 1068 599 po
1091 516 1156 578 ulus
1175 536 1246 600 erga
1264 540 1330 580 ma-

221 601 229 616 '
258 611 373 674 ratum,
395 596 516 657 maritus
536 613 606 678 erga
624 615 762 669 uxorem,
781 606 813 654 et
829 593 954 655 vicissim
973 614 1044 676 erga
1061 539 1146 664 dium
1164 615 1255 668 uxor,
1274 595 1331 656 filii

220 675 328 756 cuique
347 687 378 734 et
395 683 533 754 parentes
551 671 632 732 iuter
649 691 680 732 se
700 670 836 732 obstricti
854 681 932 730 snut
970 671 1067 733 Porro
1087 672 1155 752 quia
1175 669 1331 751 publicani

196 754 248 833 (ut
267 763 312 813 cst
351 771 422 812 enus
441 748 595 810 bominum
613 768 746 823 avarum,
774 767 878 829 rapax,
906 758 938 806 et
956 748 1090 828 crudele)
1113 767 1201 884 saepe
1219 747 1262 807 ini
1284 749 1330 809 uis

196 828 399 890 exactionibus
417 824 536 909 plebem
544 823 698 900 vexabant,
717 824 806 902 sitia,
817 823 923 904 quibus
942 823 1151 904 utplurimum
1182 823 1273 884 ab'ora
1298 837 1330 886 at

198 905 275 984 ordo
288 903 351 982 ille,
369 915 449 964 taxat
459 902 599 983 Baptista,
618 899 779 981 prohibens
798 921 838 961 ue
855 901 888 959 in
906 901 1056 983 exigendis
1069 901 1187 962 tributis
1202 901 1327 960 modum

196 980 349 1043 excedant.
386 981 466 1041 Hinc
483 989 580 1046 tamen
601 975 781 1060 colligimus,
806 977 976 1039 Christiano
1000 975 1115 1038 homini
1143 998 1205 1038 non
1229 977 1329 1038 minus

99 1107 102 1114 .
195 1057 241 1119 l'as
266 1075 329 1120 esse
353 1058 481 1140 exigere·
494 1054 621 1130 tributa,
643 1073 733 1191 poam
755 1055 938 1137 magistratui
963 1054 1118 1134 imponere
1143 1054 1326 1116 conceditur.

195 1134 281 1198 Idem
300 1145 332 1196 et
349 1134 388 1196 de
406 1131 509 1192 militia
526 1131 641 1191 sentieu
664 1153 728 1190 um:
752 1151 815 1192 uon
839 1130 925 1192 iubet
946 1129 1075 1192 Ioannes
1099 1152 1178 1191 arma
1196 1129 1327 1191 abiicere

194 1211 317 1287 milites,
336 1221 368 1271 et
385 1218 568 1270 sacramento
587 1227 642 1268 suo
661 1209 846 1284 renuntiare,
864 1207 916 1267 sed
935 1219 1015 1269 vetat
1032 1206 1153 1268 militiae
1171 1220 1327 1290 praetextu

194 1287 325 1370 expilare
352 1286 487 1347 miseram
512 1283 647 1366 plebem,
677 1284 830 1345 calumniis
857 1303 993 1364 premere
1016 1285 1168 1360 innoxios,
1199 1286 1326 1366 grassari

190 1363 381 1448 ,praedonum
398 1379 500 1436 more,
519 1372 553 1422 ut
571 1359 691 1441 plurimi
709 1351 859 1422 solebanl:
885 1381 975 1440 quare
994 1361 1030 1421 in
1041 1361 1089 1422 lais
1107 1361 1205 1423 verbis
1223 1361 1325 1422 subest

191 1462 254 1502 non
274 1439 400 1502 obscura
421 1437 544 1518 politiae
562 1437 750 1519 approbatio.
787 1436 941 1498 Frivolum
964 1436 1098 1498 cavillum
1123 1448 1182 1513 est,
1204 1437 1253 1498 bic
1271 1460 1322 1498 ru-

192 1517 278 1578 dibus
302 1525 417 1576 tautum
442 1514 588 1597 elementa
612 1514 705 1591 tradi,
728 1519 806 1595 quae'
826 1513 917 1606 longe
942 1513 1020 1575 inira
1040 1515 1234 1578 Christianam
1253 1532 1322 1594 per-

189 1593 354 1654 lectionem
377 1589 538 1653 subsidant.
585 1590 706 1653 Ioannis
729 1613 835 1652 munus
858 1591 917 1651 lust
946 1591 1065 1671 plebem
1089 1591 1222 1653 Domino
1253 1612 1322 1671 per·

189 1669 300 1732 sectam
317 1679 430 1750 aptare,
447 1689 505 1730 nec
524 1667 646 1728 dubium
666 1681 729 1746 est,
757 1668 829 1748 quin
852 1667 980 1728 fideliter
1003 1669 1034 1728 iu
1058 1667 1116 1729 boc
1134 1679 1215 1729 totus
1234 1668 1319 1728 incu-

130 1783 138 1803 .
190 1745 299 1806 buerit.
348 1746 389 1806 Et
419 1757 501 1808 certe
524 1745 718 1827 Evangelium
741 1742 882 1826 sacrilega
912 1743 1057 1806 calumnia
1079 1745 1238 1819 infamant,
1269 1745 1319 1825 qui

189 1823 285 1904 ipsum
304 1819 417 1883 iaciunt
435 1823 616 1884 contrarium
635 1821 768 1882 humanis
792 1823 833 1882 im
855 1821 937 1897 eriis,
969 1823 1028 1883 acsi
1047 1822 1211 1883 destrueret
1231 1822 1318 1885 Chri-

190 1910 267 1974 stus,
287 1899 368 1979 quod
388 1898 524 1960 coelestis
543 1897 633 1959 Pater
650 1897 781 1960 sancivit.
848 1898 913 1978 tqui
931 1911 1067 1959 mortuae
1086 1911 1154 1958 sunt
1173 1898 1268 1981 leges,
1289 1910 1319 1958 et

189 1975 304 2037 iudiciis
328 1974 409 2036 nulla
435 1970 479 2036 vis
506 1995 563 2036 nec
593 1976 752 2036 auctoritas
776 1975 856 2036 inest
878 1974 942 2034 siue
972 1976 1080 2058 gladio.
1118 1976 1181 2036 Nec
1205 1988 1318 2036 tantum

188 2050 326 2114 carnifice
345 2071 420 2134 opus
439 2050 529 2112 babet
546 2053 746 2190 mapistratus,
771 2052 822 2113 scd
847 2049 910 2112 aliis
930 2072 1048 2134 quoque
1067 2053 1221 2127 ministris,
1242 2072 1316 2132 quo-

187 2151 255 2190 rnm
274 2147 310 2190 ex
327 2145 452 2192 numero
471 2141 541 2190 snut
558 2129 598 2188 mi
611 2129 680 2204 ites,
704 2128 756 2189 ubi
778 2149 842 2188 non
866 2127 951 2190 aliter
974 2149 1077 2209 pacem
1102 2130 1180 2190 tueri
1206 2139 1315 2210 potest,

188 2226 276 2286 quam
294 2205 414 2283 illorum
432 2206 579 2287 pracsidio
594 2218 631 2276 ¹et
649 2225 746 2268 mauu.
784 2194 915 2266 Tantum
926 2206 1156 2266 considerandus
1176 2217 1221 2266 est
1239 2206 1330 2282 finis,

188 2301 229 2344 ne
247 2284 395 2366 principes
413 2283 556 2366 sauguine
574 2281 704 2344 humano
730 2282 832 2344 ludere
851 2282 908 2344 sibi
930 2283 1117 2362 permittant,
1147 2303 1187 2343 ne
1209 2282 1314 2343 milites

188 2380 254 2425 suas
278 2378 383 2441 operas
411 2361 461 2440 ad¹
477 2361 664 2421 mactandum
687 2358 818 2421 locantes
842 2359 917 2421 lucri
942 2359 1080 2439 cupidine
1106 2359 1143 2420 ad
1168 2360 1312 2428 saeuitiam

186 2437 363 2576 ppogoleut,
391 2435 444 2502 sed
472 2438 648 2502 necessitate
667 2448 702 2509 et*
721 2437 858 2518 publicae
871 2436 1013 2499 'utilitatis
1038 2448 1174 2517 respectu
1199 2436 1313 2516 utrique
1391 2437 1392 2452 ¹

218 2525 352 2578 santur.
832 2529 836 2537 ·

228 2747 312 2828 (29.)
343 2743 524 2832 MANE.
543 2747 610 2812 ΙΙΙ.Ι
645 2747 695 2813 11.
712 2747 791 2832 'Ego
821 2745 952 2834 quidem
984 2746 1116 2834 baptizo
1143 2768 1203 2814 vos
1229 2769 1311 2834 aqua
1387 2743 1388 2780 l

187 2844 230 2912 ad
250 2847 498 2933 poenitentiam:
518 2855 551 2911 at
571 2848 628 2934 qui
648 2857 723 2934 post
742 2869 794 2912 mc
814 2850 913 2927 veuit,
933 2847 1051 2915 fortior
1070 2871 1122 2915 mc
1143 2851 1202 2926 est,
1223 2851 1310 2913 cuius

135 3023 141 3038 ·
186 2963 256 3012 non
276 2967 347 3012 sum
367 2946 522 3026 idoneus,
540 2957 576 3012 ut
603 2947 822 3014 calceamenta
841 2959 982 3050 portem:
1002 2954 1072 3038 ipse
1091 2972 1151 3018 vos
1171 2949 1312 3036 baptiza-

74 3101 78 3115 .
183 3017 235 3112 bit
250 3045 373 3134 Spiritu
393 3056 505 3114 sancto
528 3038 562 3112 et'
580 3049 656 3134 igni
708 3048 758 3114 12
786 3047 891 3118 Cuius
918 3051 1134 3119 ventilabrum
1160 3055 1195 3118 in
1215 3049 1310 3116 mauu
1384 3031 1385 3070 ³

184 3147 300 3232 ipsius,
327 3158 361 3214 et
381 3146 608 3236 permundabit
628 3169 861 3236 areamsuam,
889 3162 922 3218 et
946 3152 1156 3240 congregabit
1173 3156 1308 3220 triticum
1382 3125 1384 3157 Α

183 3247 219 3314 in
249 3247 402 3316 borreum
435 3269 541 3315 suum:
574 3247 687 3337 paleas
718 3262 827 3330 ¹autem
858 3251 1027 3321 comburet
1057 3258 1125 3342 igni
1158 3256 1308 3322 inexstin-

183 3343 308 3436 guibili.
1233 3425 1236 3433 ,

264 3473 404 3546 MARC.
422 3481 446 3546 I.
488 3483 519 3548 t.
547 3483 590 3550 Et
620 3481 831 3572 praedicabat
860 3488 986 3570 dicens,
1020 3488 1123 3555 Venit
1153 3499 1229 3576 post
1256 3509 1305 3555 me
1379 3479 1380 3511 ¹

181 3579 314 3671 qnidam
335 3579 540 3664 leniorne,
560 3588 651 3652 cuius
671 3571 831 3655 nou‘sum
852 3590 1007 3671 idoneus,
1035 3600 1072 3656 ut
1091 3588 1304 3677 procumbens
1375 3615 1378 3689 p

180 3683 304 3783 solvam
326 3677 493 3767 corrigiam
516 3684 818 3755 calceamentorum.
859 3693 889 3756 8.
908 3691 981 3778 Ego
995 3691 1125 3779 quidem
1145 3690 1304 3778 baptizavi
1376 3709 1377 3720 ¹

179 3805 239 3852 vos
264 3805 364 3871 aquas
383 3782 441 3851 ille
460 3807 542 3854 reru
562 3785 743 3877 baptizabit
762 3812 823 3857 vos
843 3791 966 3880 Spiritu
985 3801 1107 3859 sancto.

261 3916 364 4006 uUC,
388 3917 443 3986 lit
484 3920 536 3989 15.
560 3921 776 4009 Exspectante
797 3916 904 3991 autem
922 3926 1064 4015 populo,
1086 3939 1119 3993 et
1139 3929 1302 4016 cogitanti-

178 4013 241 4082 bus
268 4018 419 4087 omnibus
445 4022 479 4089 iu
506 4020 661 4088 cordibus
690 4028 757 4090 suis
781 4025 824 4092 de
851 4026 988 4106 Ioanne,
1017 4049 1095 4094 num
1121 4025 1196 4117 ipse,
1220 4037 1302 4094 essct

177 4113 341 4186 Christus:
382 4122 432 4190 16.
455 4117 640 4224 Respondit
664 4125 805 4192 Ioannes
832 4129 972 4206 cunctis,
993 4126 1119 4209 dicens,
1142 4131 1212 4214 Ego
1233 4129 1299 4215 qni-

177 4211 251 4280 dem
273 4239 357 4306 aque
374 4221 507 4312 baptizo
527 4245 597 4304 vos,
615 4225 675 4291 sed
695 4217 786 4293 venit
805 4225 922 4294 fortior
943 4231 1010 4306 inc,
1030 4232 1121 4294 cuius
1142 4251 1210 4297 nou
1228 4249 1298 4292 sum

176 4309 292 4426 (lignus
311 4321 440 4392 solvere
462 4328 631 4414 corrigiam
653 4325 957 4394 calceamentorum:
983 4329 1055 4415 ipse
1075 4352 1134 4397 vos
1156 4329 1296 4415 baptiza·

173 4405 222 4476 brt
245 4410 367 4512 Spiritu
386 4437 499 4496 sancto
520 4439 552 4497 et
572 4427 647 4514 igni.
690 4425 739 4496 17.
770 4427 874 4499 Cuius
902 4425 1117 4497 v'entilabrum
1145 4433 1179 4497 in
1198 4450 1292 4496 mauu
1323 4476 1326 4484 .
