2786 4742
911 21 924 58 b

379 271 439 343 (74.
457 264 639 348 paralyticus
659 277 690 327 et
709 265 872 348 Scribas.)¹
1097 304 1099 310 ·
1128 273 1187 338 209

38 407 200 506 'abiitque
220 415 255 482 in
276 411 407 482 domum
431 401 875 500 suam'gloriflcans”1)eum.
921 403 973 484 fill.
998 417 1041 484 Et
1070 428 1185 506 stupor

45 519 349 606 corripuitomnes,
370 527 403 582 et
425 513 651 601 glorificabant
661 507 779 594 Deum,
800 526 833 582 et
842 509 960 605 repleti
975 532 1049 586 sunt
1059 523 1185 602 timore,
1288 512 1290 518 ’
1354 546 1363 620 '.·

44 607 210 698 dicentes,
231 617 381 683 Vidimus
399 612 606 728 incredibilia
628 614 740 682 bodie·
788 667 795 682 ,

131 791 236 852 Mattb.
257 797 284 858 1.
327 789 417 850 Venit
433 793 465 848 in
483 791 623 850 desimam
640 810 733 850 soom.
750 833 755 862 ,
773 791 873 853 Docet
891 789 938 852 bic
958 791 1055 865 locus,
1080 796 1184 858 urbem

46 870 246 950 Capernauna
269 866 358 951 vulgo
386 867 526 928 creditam
550 865 639 926 luisse
667 866 797 927 natalem
825 868 922 928 locum
943 869 1075 944 ssbristi,
1104 872 1185 952 quod

46 967 122 1008 eam
142 946 263 1006 maxime
275 944 496 1024 frequentaret:
517 943 637 1006 minime
650 945 728 1005 enirn
746 944 866 1006 dubium
880 957 933 1019 est,
954 945 1076 1006 eandem
1096 969 1112 1007 a
1130 949 1186 1008 tri·
1265 985 1277 1004 .

45 1024 111 1084 bus
136 1021 284 1082 historiam
309 1021 431 1095 referri,
456 1019 585 1100 quamvis
610 1019 841 1086 circumstantias
865 1021 937 1084 alius
967 1022 1025 1082 alio
1052 1022 1185 1085 subtilius
1266 1062 1268 1072 .

45 1110 219 1160 enumeret
264 1098 347 1158 Dicit
364 1098 476 1173 Lucas,
500 1095 612 1156 venisse
636 1117 670 1156 ex
695 1097 781 1158 variis
808 1098 939 1178 partibus
958 1097 1085 1160 Iudaeae
1113 1099 1186 1160 scri·
1260 1169 1263 1176 .

43 1176 122 1250 bas,
148 1175 253 1254 quibua
274 1173 476 1256 spectantibus
499 1172 690 1252 paralyticum
711 1173 846 1236 Christus
870 1177 995 1240 sanavita
1021 1175 1186 1237 subindicat

44 1266 172 1327 tamen,
192 1251 254 1313 aliis
275 1272 394 1331 quoque
415 1249 558 1328 redditam
579 1269 640 1308 esse
659 1251 812 1311 sanitatem
834 1250 945 1312 Christi
970 1251 1071 1334 gratia.
1111 1253 1186 1312 Nam

44 1329 224 1412 priusquam
250 1329 287 1388 ad
312 1327 502 1410 paralyticum
522 1324 701 1400 descendat,
723 1327 753 1386 ia
779 1327 884 1407 plurali
910 1349 1034 1389 numero
1061 1330 1186 1408 loquens

45 1406 139 1482 dicit,
180 1407 331 1468 atelactam
350 1404 411 1464 illic
431 1401 520 1462 luisse
531 1399 589 1460 Dei
608 1402 745 1472 virtutem
764 1404 800 1463 ad
816 1405 961 1466 sanandos
981 1425 1085 1466 eorum
1105 1426 1187 1466 mor-

45 1485 122 1556 bos.
157 1425 230 1541 luit
249 1493 347 1541 autem
366 1501 429 1544 oon
448 1477 573 1559 vulgaris
592 1477 828 1540 buiusmiraculi
846 1480 955 1562 gloria,
984 1483 1064 1564 quod
1085 1482 1187 1556 bomo,

45 1635 213 1704 miserant,
236 1645 360 1714 repente
384 1643 506 1714 vegetus
531 1629 674 1712 agilisque
694 1634 854 1714 consurgit.
892 1633 959 1696 Alia
978 1648 1075 1695 tamen
1096 1656 1188 1729 pecu-

52 1710 140 1771 liaris
160 1709 235 1770 ratio
257 1720 317 1785 est,
343 1715 395 1770 cu'r
413 1711 444 1769 in
466 1707 523 1768 boc
541 1706 682 1768 miraculo
703 1729 748 1768 ma
771 1709 794 1768 is
815 1731 901 1789 quam
920 1711 950 1770 in
971 1710 1033 1774 aliis
1052 1713 1189 1780 insistant

46 1785 293 1884 Evangelistae,.
316 1786 397 1866 quod
430 1783 542 1846 scilicet
577 1783 699 1865 indigue
727 1729 851 1846 tiberim
879 1787 1009 1863 scribae,
1038 1788 1190 1852 Christum

47 1863 114 1927 sibi
140 1885 184 1923 ms
209 1875 239 1922 et
264 1874 438 1944 potestatem
463 1879 585 1926 sumere,
598 1861 769 1922 remittendi
794 1875 928 1944 peccataz
962 1863 1095 1928 Christus
1115 1887 1187 1928 vero

48 1962 122 2003 eam
142 1939 250 2001 visibili
269 1942 355 2022 signo
374 1938 515 2009 sancitam
527 1956 598 1997 esse
618 1949 649 1996 et
668 1938 850 2020 obsignatam
870 1938 973 2002 voluit.

133 2022 162 2082 2.
203 2015 353 2100 Quomque
374 2015 489 2084 vidisset
503 2011 600 2094 fidem
622 2013 748 2074 illorum.
786 2016 872 2078 Fidei
917 2019 1015 2080 uidem
1038 2018 1117 2082 solus
1143 2034 1189 2083 est

47 2097 140 2157 Deus
156 2093 311 2176 cognitor,
341 2093 394 2155 sed
408 2092 486 2160 ,fidei
509 2092 658 2170 specimen
679 2091 806 2152 edebant
824 2095 858 2154 in
879 2039 932 2156 illo
952 2108 1009 2157 tam
1036 2096 1187 2159 laborioso

45 1578 145 1640 quem
164 1556 304 1616 membris
324 1555 459 1616 omnibus
484 1565 602 1634 captum
626 1573 680 1634 per
704 1556 789 1616 lones
816 1558 846 1615 iu
867 1557 945 1620 lecto
969 1559 1113 1620 iacentem
1134 1559 1187 1620 de·
1274 1588 1278 1596 ¹
1377 1530 1380 1600 l

48 2181 177 2246 conatu,
197 2171 270 2249 quia
283 2189 434 2249 nunquam
453 2177 569 2228 tantum
588 2166 735 2226 subissent
751 2168 919 2247 molestiae,
939 2193 994 2234 nec
1015 2174 1188 2236 cum'tautis
1219 2163 1225 2178 ⁸
1333 2161 1336 2172 ¹

49 2247 217 2314 obstaculis
237 2243 340 2306 luctati
359 2254 470 2318 esseut,
495 2242 551 2304 nisi
569 2240 683 2302 animos
703 2242 820 2304 lecisset
839 2259 918 2306 certa
944 2268 1091 2311 successus
1111 2250 1188 2311 fidu-

49 2327 114 2391 cia:
136 2323 177 2382 ita
196 2322 265 2383 fidei
284 2342 388 2383 eorum
406 2321 436 2380 in
458 2338 494 2379 eo
507 2316 620 2378 fructus
636 2319 782 2398 apparuit,
823 2322 881 2403 uod
893 2324 1045 2402 praecluso
1056 2327 1189 2406 undique

48 2402 140 2465 aditu
159 2398 272 2480 fatigati
291 2397 501 2458 nonluerunt.
551 2393 626 2453 Nam
646 2393 726 2472 quod
747 2341 864 2474 quidam
890 2399 1069 2472 existimant,
1101 2402 1189 2462 Clari·

48 2492 135 2546 stum
155 2474 292 2537 divinitus
312 2473 463 2534 conscium
494 2469 584 2530 tuisse
603 2468 740 2549 ¹ipsorum
764 2471 849 2550 fidei,
879 2494 956 2552 quae
975 2474 1090 2535 occulta
1109 2477 1188 2539 intus

7 2583 13 2596 ν
49 2551 185 2626 latebat,
207 2550 280 2611 mibi
304 2561 438 2612 coactum
460 2545 587 2608 videtur.
628 2545 692 2605 Iam
734 2547 780 2607 uia
804 2547 923 2610 illorum
949 2550 1017 2610 fidei
1043 2553 1190 2614 concessit

8 2659 9 2664 ¹
52 2629 205 2701 Christus,
225 2625 305 2709 quod
325 2624 485 2707 paralytico
506 2622 623 2682 daturus
644 2633 706 2682 erat
747 2625 911 2701 eueficium,
929 2627 998 2688 ideo
1010 2628 1110 2708 quaeri
1129 2627 1188 2691 boc

51 2710 125 2776 loco
147 2705 234 2781 solet,
255 2715 398 2785 quatenus
419 2700 584 2761 bominibus
626 2698 698 2760 rosit
717 2701 811 2762 aliena
830 2703 910 2764 fides.
948 2705 993 2764 Ac
1012 2704 1188 2785 primoqui-

52 2788 123 2848 dem
145 2795 258 2844 certum
280 2793 334 2854 est,
355 2776 500 2872 proluisse
518 2721 656 2838 Abrabae
676 2776 763 2837 fidem
785 2779 919 2860 posteris,
939 2780 1007 2842 dum
1027 2782 1188 2865 gratuitum

52 2861 157 2926 salutis
181 2857 284 2921 foedus
308 2857 417 2919 sibiet
439 2851 544 2916 semini
559 2873 620 2920 ,suo
642 2853 772 2916 oblatum
797 2858 943 2937 amplexus
964 2869 1016 2918 est.
1038 2857 1138 2923 ‚ldem
1159 2869 1190 2920 et

53 2941 92 3005 de
112 2937 237 3020 singulis
256 2935 390 2996 fidelibus
409 2933 519 2994 sentire
544 2933 697 3005 convenit,
724 2935 804 3012 quod
824 2934 883 3010 Dei
908 2935 1030 3016 gratiam
1054 2935 1119 2996 fide
1136 2957 1189 2998 sua

53 3017 90 3078 ad
109 3013 222 3076 liberos
242 3025 273 3074 et
292 3021 416 3092 nepotes
434 3017 611 3090 propagant,
630 3009 716 3070 etiam
729 3022 884 3091 autequam
896 3023 1064 3080 naseuntur.
1089 3011 1189 3093 Atque

54 3093 85 3154 id
104 3094 138 3151 in
160 3091 258 3173 pueris
277 3087 437 3150 infantibus
457 3086 557 3146 locum
576 3082 676 3159 babet,
696 3087 746 3166 qui
765 3089 900 3148 nondum
918 3108 972 3167 per
984 3099 1107 3149 aetatem
1118 3089 1188 3150 fidei

54 3181 125 3231 sunt
137 3187 267 3262 capaces.
304 3164 430 3225 Adultus
440 3181 522 3234 vero,
542 3180 616 3250 quos
637 3162 866 3242 propriadeficit
884 3164 955 3225 fides
974 3165 1045 3237 (siae
1058 3166 1189 3228 extranei
1262 3178 1265 3190 ‘

55 3247 130 3320 sint,
160 3264 221 3307 save
246 3242 390 3324 sanguine
414 3237 591 3313 coniuncta),
620 3239 717 3315 quoad
748 3252 895 3301 aeternam
924 3242 1036 3302 animae
1065 3243 1188 3306 salutem

55 3321 153 3384 aliena
173 3320 245 3386 fides
264 3339 325 3379 nen
347 3315 402 3376 nisi
421 3314 547 3380 mediate
566 3313 652 3376 iuvat.
690 3315 764 3376 Nam
775 3321 841 3396 quia
861 3318 1071 3398 prolectunoo
1086 3330 1190 3382 carent

56 3419 171 3480 preces,
194 3396 300 3490 quibus
319 3415 337 3454 a
355 3391 424 3454 Deo
443 3390 571 3473 petimus
589 3402 624 3450 ut
641 3391 809 3454 incredulos
829 3395 865 3456 ad
884 3397 1094 3475 poenitentiam
1115 3417 1189 3459 con·

57 3489 161 3550 vertat,
181 3474 250 3535 banc
269 3483 359 3554 patet,
378 3469 466 3532 fidem
486 3465 543 3526 illis
563 3478 692 3529 nostram
712 3470 867 3560 prodesse,
887 3492 1017 3552 eousque
1036 3479 1188 3534 tamen'ut

58 3551 95 3612 ad
119 3553 244 3614 salutem
269 3569 331 3609 uon
355 3545 543 3642 perveniant,
568 3544 665 3605 donec
683 3543 740 3606 illas
765 3547 919 3629 impetrata
943 3549 1032 3609 luerit
1056 3549 1187 3610 eiusdem

59 3627 127 3689 fidei
145 3628 287 3692 societas:
315 3626 368 3686 ubi
386 3634 484 3684 autem
504 3631 622 3682 mutuus
640 3633 685 3692 est
708 3623 777 3682 fidei
803 3643 978 3701 consensus,
1000 3625 1125 3685 vicissim
1148 3623 1186 3684 ab

60 3703 122 3766 aliis
141 3704 233 3766 iuvari
256 3701 380 3764 aliorum
405 3699 527 3762 salutem
550 3697 616 3778 plus
656 3719 722 3759 uam
748 3711 852 3760 notum
878 3713 929 3762 est.
972 3703 1041 3761 Hoc
1067 3719 1187 3779 quoque

20 3847 23 3857 .
62 3780 261 3843 controversia
285 3790 381 3856 caret,
411 3774 538 3837 terrenis
568 3774 645 3853 bene
668 3776 719 3837 ciis
749 3775 781 3836 in
807 3777 938 3839 savorem
962 3779 1080 3860 piorum
1097 3795 1186 3856 saepe

63 3855 164 3919 donari
186 3855 364 3918 incredulos.
411 3851 504 3928 Quod
529 3852 565 3913 ad
590 3864 775 3934 praesentem
798 3854 895 3914 locum
918 3865 1047 3946 spectat,
1064 3852 1187 3923 tametsi
1263 3860 1267 3872 ‘

63 3931 185 3995 aliorum
205 3921 380 3994 fide‘motus
398 3931 488 3992 luisse
508 3927 615 4004 dicitur
635 3928 785 4004 Christus,
809 3951 949 4023 consequa
974 3941 1074 3990 tamen
1099 3949 1186 4010 para-

64 4004 169 4088 lyticos
192 4010 394 4072 remissionem
417 4018 605 4088 peccatorum
636 4025 698 4066 non
721 4008 834 4086 potuit,
866 4009 922 4068 nisa
950 4006 1099 4088 propriam
1122 4006 1187 4085 ipse

65 4081 185 4146 baberet
202 4087 299 4148 fidem.
343 4085 476 4166 Indignis
500 4103 589 4163 saepe
609 4081 742 4144 Cbristus
765 4085 899 4165 eorporis
922 4083 1075 4144 sanitatem
1100 4081 1192 4150 resti2
1266 4095 1268 4102 '

24 4177 27 4230 ξ
66 4160 138 4235 tuit,
166 4164 249 4224 sicuti
267 4163 349 4225 Deus
373 4159 508 4242 quotidie
531 4158 624 4221 solem
643 4181 727 4220 sunm
747 4161 820 4222 oriri
840 4161 908 4222 lacit
925 4179 1015 4240 super
1039 4159 1136 4220 bonos
1155 4171 1187 4220 et

25 4259 27 4296 z
67 4235 170 4314 malos,
195 4252 224 4300 at
247 4262 308 4302 non
333 4239 391 4306 alio
415 4237 506 4299 modo
537 4236 764 4304 reconciliatae
789 4239 875 4299 nobis
900 4257 986 4315 quam
1010 4257 1064 4316 per
1089 4235 1185 4296 fidem.

25 4309 28 4320 ’
69 4309 168 4384 Quare
185 4317 368 4396 synecdoche
389 4327 433 4377 est
450 4315 481 4376 in
491 4333 565 4376 voce
583 4313 712 4387 illorum,
733 4316 800 4395 quia
819 4335 881 4378 non
900 4315 941 4373 ita
961 4313 1087 4393 respexit
1098 4312 1187 4376 Cbri-
1214 4379 1228 4396 f

70 4396 127 4446 stus
139 4405 197 4468 eos,
216 4395 266 4473 qui
284 4387 475 4474 paralyticum
495 4391 641 4472 ferebant,
661 4392 733 4472 quin
753 4392 814 4454 eius
827 4407 947 4471 quoque
958 4389 1053 4452 fidem
1064 4390 1187 4454 intuitus

92 4486 274 4542 osanam
288 4493 529 4543 ammantat.
543 4493 565 4542 1.
658 4541 660 4545 ,
722 4527 762 4550 -,
912 4469 952 4532 14
