2824 4756
405 231 562 308 ‹re-n.
581 181 936 311 arcesseremusne)
1192 232 1232 294 aa

98 371 243 452 apparuit
259 371 318 432 nei
348 369 465 433 bonitas
484 383 516 432 et
534 376 733 446 φιλανθρωπία
749 371 878 452 (Tite,
905 375 984 453 η),
1016 383 1050 433 ut
1080 369 1158 433 abne
1195 371 1232 433 tis

5 477 7 490 ·
96 449 300 509 saecularibus
327 446 475 508 desideriis
507 460 606 508 sancte
640 459 670 507 et
703 449 750 528 pie
776 448 954 524 ethoneste
977 449 1116 510 vivamus·
1173 447 1229 510 deo

95 523 222 599 Paulus,
243 547 332 604 quum
344 524 500 586 efficaciter
520 523 632 585 hortari
651 523 714 585 vult
734 525 845 598 fideles,
864 533 897 584 ut
915 547 946 585 se
964 526 1030 586 Deo
1052 536 1228 596 consecrent

95 602 133 662 iu
166 601 448 676 vitae2novitatem,
477 613 509 662 et
533 600 677 680 deposito,
688 603 781 662 veteri
811 601 930 661 bomine
975 603 1110 681 rioreque
1129 613 1230 662 mente

99 678 185 738 exuti
206 677 314 738 cultum
334 677 377 738 illi
397 677 567 738 rationalem
589 677 759 752 exhibeant,
779 677 922 759 proponit
941 623 994 736 iltis
1014 678 1120 738 viscera
1139 679 1227 738 mise-

95 753 250 814 ricordiae
279 754 335 814 Dei
366 755 467 834 (Rom.
493 761 544 836 12,
574 755 626 831 1.).
681 755 772 814 Plena
805 766 849 814 est
882 753 1022 812 eiusmodi
1051 755 1227 816 testimoniis

98 829 274 908 Scriptura,
287 849 359 910 quae
380 830 551 903 ostendunt,
573 831 714 890 exinaniri
736 831 846 891 Christi
889 830 1001 902 ratiam,
1020 828 1073 887 nisi
1094 831 1128 889 ad
1149 831 1226 890 hunc
1295 843 1298 850 ’

98 927 226 985 scopum
246 907 398 966 tendimus.
438 908 606 967 Notandum
627 920 723 968 autem
745 849 886 988 estquod
902 906 984 976 dicit,
1003 917 1035 962 ut
1051 908 1111 963 sine
1127 909 1228 966 timore

97 985 266 1043 serviemus.
304 984 336 1043 Si
360 983 458 1048 nificat
479 985 572 1055 enim,
602 1004 662 1044 non
686 1005 772 1064 posse
792 986 846 1046 nisi
866 979 1032 1062 tranquillis
1051 980 1151 1050 animis
1170 985 1228 1044 rite

97 1058 206 1117 Deum.
220 1059 284 1118 coli.
353 1083 398 1120 arn
416 1061 466 1139 qui
486 1061 689 1139 inquietudine
703 1060 925 1140 ,laborann'qui
943 1079 1043 1119 secum
1054 1057 1228 1136 disceptant,

94 1133 220 1194 illumne
240 1135 366 1196 habeant
385 1137 545 1217 propitium
566 1158 602 1195 an
621 1135 784 1214 infensum,
804 1149 923 1219 gratane
944 1134 1050 1194 babeat
1068 1153 1119 1193 sua
1139 1131 1225 1191 ohse-

95 1210 167 1290 quia
187 1232 223 1270 an
243 1213 395 1304 repudiet:
437 1214 467 1272 ui
486 1213 612 1293 denique
632 1213 737 1273 incerti
754 1215 896 1272 fluctuant
914 1213 994 1278 inter
1012 1233 1024 1270 s
1047 1229 1094 1268 em
1115 1219 1145 1266 et
1163 1228 1227 1267 rne-

93 1299 172 1360 tum,
191 1287 318 1347 sollicite
337 1234 486 1348 interdurn
505 1301 638 1370 satagent
657 1285 687 1348 in
709 1289 834 1349 colendo
847 1289 926 1362 Deo,
938 1287 996 1362 ,sed
1016 1231 1057 1346 illi
1078 1305 1225 1362 nunquam

5 1395 6 1400 κ
93 1363 228 1438 sineere,
247 1385 357 1444 ,neque
383 1385 416 1424 ex
441 1365 537 1425 animo
562 1385 593 1426 se
613 1364 777 1425 subiicient.
816 1367 898 1428 Facit
918 1365 995 1424 enirn
1015 1362 1173 1442 trepidatio
1195 1372 1226 1420 et

93 1439 244 1516 anxietas,
270 1453 303 1500 ut
323 1461 388 1500 enm
408 1442 563 1501 horreant:
590 1441 646 1516 ita,
669 1442 694 1501 si
713 1441 776 1502 lieri
796 1454 909 1521 posset,
935 1441 1105 1500 exstinctum
1126 1436 1226 1518 potius

5 1511 6 1522 ¹
94 1529 243 1596 cuperent
264 1517 324 1576 eius
345 1538 462 1577 numen.
503 1517 616 1598 Scimus
638 1529 744 1590 autem,
765 1519 876 1578 nullum
890 1518 957 1578 Deo
978 1515 1147 1578 sacrificium
1169 1511 1225 1573 uisi

93 1614 107 1651 s
131 1603 293 1652 ontaneum
313 1591 438 1672 placere,
458 1604 487 1652 et
499 1595 578 1674 quod
599 1593 684 1654 hilari
704 1594 802 1654 animo
823 1594 957 1655 oslertur.
997 1593 1097 1668 Quare
1110 1601 1222 1651 uivere

127 1689 192 1728 eum
215 1669 314 1747 colant
333 1669 475 1743 homines,
494 1691 595 1731 eorum
612 1671 811 1732 conscientias,
825 1672 904 1750 prius
924 1669 1017 1730 sedari
1030 1688 1149 1730 necesse
1170 1677 1223 1742 est,

93 1745 343 1824 quemadmodum
364 1759 395 1806 et
413 1747 505 1808 David
526 1746 674 1828 loquitur,
693 1747 781 1827 Apud
802 1759 832 1808 te
853 1759 897 1806 est
918 1746 1103 1827 propitiat'dt,
1130 1755 1163 1804 ut
1182 1744 1221 1803 ti·
1327 1777 1331 1787 ι

92 1821 199 1882 mearis
219 1821 307 1892 (Psal.
326 1829 394 1900 130,
413 1831 461 1901 4.).
506 1823 589 1885 Deus
608 1825 687 1884 enirn
708 1825 841 1896 homines
862 1824 930 1884 data
947 1844 1018 1904 pace
1039 1821 1165 1882 comiter
1184 1817 1221 1911 ad

93 1917 128 1958 se
146 1899 275 1958 invitans
296 1900 375 1976 lacit,
396 1912 428 1960 ιιι
448 1898 575 1962 libenter
594 1901 734 1962 accedant
754 1915 867 1961 etcum
888 1900 1003 1960 liberali
1023 1899 1085 1959 eins
1102 1897 1220 1958 colende

91 1973 211 2035 aflectu.
250 1975 329 2036 Hinc
354 1990 384 2037 et
402 1978 509 2038 Paulus
533 1980 707 2038 sententiam
727 1977 805 2038 illam
827 1971 960 2052 deducit,
983 1988 1134 2058 peccatum
1157 1991 1220 2036 esse

95 2051 234 2131 quicquid
254 2053 318 2112 sine
338 2053 395 2112 fide
420 2054 591 2134 suscipitur,
614 2054 701 2117 Rom.
722 2062 776 2130 14,
800 2061 847 2119 23.
893 2054 993 2130 Quum
1021 2065 1117 2113 autem
1137 2051 1228 2118 Deus,

91 2127 226 2202 homines
245 2128 308 2189 sibi.
321 2130 352 2190 in
374 2129 490 2191 Christo
511 2131 695 2204 reconciliet,
717 2153 806 2209 quum
827 2132 954 2192 eiusdem
975 2129 1121 2211 praesidio
1140 2127 1218 2206 ipsos

91 2216 222 2278 tueatur,
244 2216 277 2265 ut
295 2206 390 2266 securi
410 2207 468 2266 sint
487 2206 522 2268 ab
538 2207 619 2266 omni
630 2220 721 2282 metu,
741 2229 829 2286 quum
849 2227 952 2266 eorum
972 2206 1094 2266 salntem
1114 2203 1218 2264 ineius

92 2301 212 2341 manum
234 2292 264 2340 et
284 2281 444 2342 custodiam
464 2282 642 2373 deposuerit,
661 2282 768 2342 merito
789 2283 941 2342 Zacharias
962 2302 1017 2342 nos
1045 2281 1105 2340 eius
1125 2280 1217 2358 gratia

90 2356 243 2438 praedicat
261 2379 277 2416 a
296 2370 379 2417 metu
399 2357 528 2422 liherarr.
557 2359 637 2432 ,Ideo
658 2357 820 2439 prophetae
832 2359 888 2420 boc
904 2358 1057 2437 proprium
1070 2356 1219 2416 ascribunt

89 2437 154 2568 pius
174 2431 280 2512 re'gno,
298 2445 333 2492 ut
351 2454 453 2512 pacem
473 2429 608 2493 homines
627 2453 730 2494 secure
750 2435 865 2508 colant,
885 2446 915 2492 et
934 2431 1092 2510 tranquillo
1113 2429 1230 2510 gaudio·

105 2518 238 2570 tuantur.
341 2535 344 2542 ·

169 2589 215 2648 75.
254 2583 294 2644 In
311 2585 461 2644 sanctitate
479 2597 505 2644 et
522 2585 640 2648 bestitin.
680 2577 773 2646 Sicuti
791 2583 904 2645 duabus
923 2580 1030 2642 tabulis
1043 2577 1217 2661 'complexus

90 2659 236 2722 est‘Deus
255 2659 334 2721 bene
353 2661 469 2720 vivendi
488 2661 630 2743 regulam,
650 2661 690 2721 ita
710 2663 757 2724 bic
769 2661 921 2733 ZacharIas
943 2656 1217 2740 pronuntiat,·legi-

90 2735 160 2801 time
179 2749 252 2797 tunc
273 2737 390 2796 demum
411 2759 464 2798 nos
484 2739 593 2798 servire
614 2735 804 2820 Deo,'quum
826 2737 861 2798 ad
880 2737 1062 2798 sanctitatem
1084 2747 1114 2794 et
1133 2733 1216 2794 insti·

89 2812 163 2873 tiam
187 2813 349 2893 composita
374 2826 418 2874 est
442 2815 500 2876 vita
527 2821 643 2877 nostra:
676 2835 774 2897 neque
799 2815 877 2877 enim
902 2814 1022 2874 dubium
1054 2824 1113 2888 est,
1144 2811 1215 2890 quin

91 2889 226 2950 sanctitas
250 2891 365 2972 pietatis
385 2891 481 2952 officia
506 2892 656 2973 designet,
698 2914 750 2954 nae
770 2903 904 2974 spectant
923 2890 958 2952 ad
978 2891 1106 2984 priorem
1126 2888 1216 2970 Legis

90 2965 245 3044 tabulam,
265 2967 345 3046 quod
377 2989 414 3027 ne
444 2969 600 3030 Platonem
624 2915 750 3050 quidem
772 2969 865 3030 latuit.
914 2967 1028 3028 Iustitia
1054 2978 1152 3026 autem
1176 2964 1214 3024 ad

92 3041 190 3107 omnia
216 3045 341 3112 caritatis
366 3043 465 3104 officia
490 3047 685 3121 extenditur,
702 3047 769 3126 quia
800 3067 860 3107 non
890 3045 969 3107 aliud
991 3043 1078 3124 exigit
1091 3043 1178 3116 ¹Deus
1197 3063 1214 3106 a

90 3118 177 3178 nobis
196 3119 226 3178 in
245 3120 371 3182 secunda
383 3121 470 3204 Legis
489 3121 599 3200 tabula,
611 3125 673 3206 ,uisi
693 3136 727 3184 ut
746 3124 850 3200 cuique
870 3121 1022 3182 reddamus
1037 3119 1115 3212 qnod
1130 3111 1225 3180 surraml

83 3207 145 3258 ,est
186 3195 331 3269 Additur,
359 3217 457 3258 eornm
480 3203 560 3274 ipso,
586 3211 621 3260 ut
644 3200 737 3262 sciant
762 3199 879 3274 fideles,
910 3220 972 3259 non
996 3208 1063 3257 satis
1084 3215 1164 3272 esse,
1189 3194 1214 3256 si
1249 3201 1254 3210 “

89 3291 189 3332 coram
213 3272 366 3346 bominum
391 3273 482 3335 oculis
509 3277 596 3350 vitam
622 3297 701 3336 suam
726 3276 827 3368 pulcre
858 3274 1069 3348 moderentur,
1101 3289 1224 3348 manus,

90 3347 189 3430 pedes,
206 3361 362 3440 totumque
382 3371 487 3429 corpus
507 3350 550 3412 ab
565 3351 646 3414 omni
665 3353 776 3446 flagitio
797 3352 983 3422 contineant:
1003 3350 1140 3430 quoniam
1161 3369 1212 3410 eos

91 3423 126 3484 ad
145 3423 203 3484 Dei
222 3425 373 3486 arbitrium
393 3426 489 3488 vivere
509 3441 643 3510 oportet,
670 3451 718 3508 qur
739 3441 857 3488 esterna
876 3429 1066 3488 sanctimonia
1086 3437 1213 3488 conten-

90 3511 135 3562 tus
159 3521 221 3562 non
246 3513 306 3575 est,
329 3502 381 3562 sed
407 3523 461 3562 cor
507 3506 642 3585 raecipue
665 3507 806 3566 intuetur.-
856 3503 1011 3566 Postremo
1038 3503 1212 3582 nequisse

92 3575 258 3638 deiunctum
300 3591 374 3654 utet,
393 3579 444 3638 ubi
464 3524 561 3659 aliquo
582 3584 723 3662 temporis
744 3581 837 3662 spatio
857 3582 955 3642 Deum
976 3580 1115 3653 coluerit,
1140 3601 1212 3660 pro·

91 3654 204 3714 nuntiat
222 3599 390 3730 Zacharias,
414 3655 467 3718 hac
491 3656 564 3738 lege
581 3658 749 3738 redemptos
774 3678 835 3720 esse
859 3658 1010 3736 homines,
1034 3668 1067 3716 ut
1091 3655 1212 3722 colendi

90 3731 146 3790 Dei
164 3731 292 3801 studium
311 3744 374 3793 tota
394 3733 452 3792 vita
471 3747 696 3813 prosequantur.
734 3735 774 3794 Et
793 3747 888 3808 certe,
916 3758 1009 3815 quum
1034 3743 1153 3792 aeterna
1173 3733 1211 3793 sit
1266 3762 1280 3776 ·-

91 3807 271 3888 redemptio,
292 3809 351 3868 eius
370 3809 541 3872 memoriam
562 3833 710 3890 nunquam
732 3811 854 3876 ellluere
875 3811 973 3872 decet:
993 3830 1082 3890 quum
1102 3807 1160 3868 sibl
1178 3805 1210 3866 in

91 3896 262 3966 perpetuum
287 3883 421 3945 homines
444 3883 526 3946 Deus
552 3887 688 3968 adoptet,
712 3909 772 3948 nou
801 3887 890 3952 dehet
913 3887 1022 3950 caduca
1045 3883 1090 3943 vel
1116 3881 1212 3962 exigui
1268 3945 1272 3966 ι

91 3963 227 4042 temporis
248 3981 350 4024 eorum
371 3982 433 4022 esse
452 3964 615 4096 pratitudo:
642 3965 769 4044 denique
789 3986 878 4043 quum
898 3976 1030 4023 mortuus
1055 3961 1094 4020 sit
1111 3970 1142 4018 et
1162 3977 1210 4016 re-

90 4037 244 4104 surrexerit
266 4059 333 4116 pro,
347 4037 403 4099 illis
425 4037 449 4097 C
472 4038 571 4113 sistus,
598 4061 664 4100 eum
689 4043 764 4101 vitae
790 4052 821 4099 et
843 4041 947 4102 mortis
972 4038 1123 4100 dominum
1149 4053 1211 4093 esse

91 4114 236 4176 convenit.
262 4113 347 4174 ddeo
360 4113 480 4189 Paulus,
499 4137 584 4195 quem
599 4131 694 4209 nuper
706 4118 791 4182 citavi
811 4115 890 4189 loco,
909 4125 1037 4178 sanctam
1057 4125 1088 4173 et
1106 4111 1211 4178 iustam

92 4193 172 4252 vitam
185 4192 324 4336 proseqpi
344 4213 398 4252 nos
418 4191 501 4254 iubet
521 4213 614 4272 usqne
633 4195 830 4266 madventum
848 4189 946 4277 magni
955 4187 1022 4266 Dei,
1034 4189 1211 4282 Exspectata·
1280 4287 1286 4296 .

92 4278 144 4346 tes,
160 4267 268 4353 inquit,
309 4279 402 4352 eatam
421 4290 517 4361 spem,
536 4281 594 4338 etc,
