2824 4756
154 246 192 304 5⁴
344 236 497 300 SECTIO
518 239 573 299 ΙΙΙ.
612 239 687 298 lusu
707 251 861 299 narrares
874 255 915 300 er
935 247 1104 300 turanum.

158 393 310 462 utramque
330 383 469 466 gratiam,
495 396 526 444 et
545 383 648 443 arcetis
669 405 684 444 a
703 383 801 445 vohisz
826 381 914 446 stabit
937 395 1035 445 tamen
1055 383 1136 444 Deus
1160 383 1190 442 io
1211 402 1285 444 con·

157 461 262 520 stantia
287 459 366 539 pacti
385 464 438 522 sui.
476 461 586 520 Veniet
612 462 689 520 enim
714 461 871 541 promissus
891 461 1002 522 Redem
1024 473 1088 532 tor,
1114 461 1144 520 in
1191 481 1230 519 uo
1255 479 1287 520 se

159 535 241 596 Deus
264 537 398 618 perfecte
422 537 542 674 populo¹
561 555 614 597 suo
640 549 824 617 praesentem
844 549 961 598 statuet.
1001 483 1155 621 libiicinnt
1170 481 1288 614 ludaei,

139 675 141 680 ,
160 613 248 672 stulte
267 625 299 672 et
318 614 443 675 absurde
476 626 607 676 acturum
628 613 714 674 luisse
733 613 871 688 Iesaiam,
895 615 919 674 si
939 614 1015 674 illius
1034 613 1141 674 saeculi
1161 613 1289 673 homini-

160 683 215 748 bus
234 691 349 772 signum
377 691 516 763 dedisset,
548 691 626 771 quod
659 691 837 772 octingentis
884 689 964 751 ostea
988 691 1070 750 annis
1095 701 1146 750 aut
1169 689 1300 750 circiter

162 765 219 825 fnit
239 767 409 833 exhibitum.
448 769 487 828 Et
498 768 554 828 hic
579 768 751 849 plusquam
775 713 902 847 superbe
927 768 1088 842 exsultant,
1113 766 1180 846 quia
1201 766 1290 828 Chri·

161 842 323 903 stianorum
336 844 384 906 vel
402 844 559 937 imperitia,
577 842 624 905 vel
642 844 754 903 incuria
774 842 846 904 haec
866 844 997 906 obiectio
1017 844 1175 924 praeterita
1195 854 1225 903 et
1243 861 1290 902 se-

162 919 248 998 pulta·
263 921 327 982 luit.
363 922 406 992 At
428 921 546 981 mmihi
566 941 628 982 non
648 918 772 980 difficilis
791 921 907 983 videtur
925 919 1049 982 solutio:
1069 919 1212 1000 siquidem
1233 919 1289 979 ob·
1402 979 1404 985 Α

163 1007 324 1071 servemus,
353 943 456 1058 foedus
483 998 650 1078 adoptionis
677 997 774 1057 datum
804 997 1048 1072 Iudaeis'iuisse,
1073 996 1153 1056 unde
1178 994 1291 1074 reliqua
1354 1013 1361 1018 ·

163 1073 259 1133 omnia
278 1074 336 1134 Dei
366 1074 508 1135 beneficia
555 1073 707 1132 cuderent.
755 1073 827 1135 Erat
852 1095 924 1157 ergo
951 1073 1102 1156 generalis
1121 1073 1290 1154 promissio,
1384 1097 1389 1106 ·

120 1183 124 1192 ·
164 1169 221 1226 qua
240 1150 296 1211 sibi
308 1150 389 1211 Deus
409 1150 484 1210 filios
503 1095 640 1212 Abrahae
659 1150 690 1209 in
709 1147 853 1231 populum
873 1162 1074 1232 coaptaverat,
1094 1151 1124 1208 in
1145 1171 1201 1230 qua
1222 1149 1289 1208 lun-

163 1227 247 1286 datae
268 1240 351 1288 erant
369 1226 507 1307 speciales
528 1245 630 1288 omnes
676 1228 873 1288 romissiones.
911 1227 1038 1290 Rursum
1058 1227 1186 1286 loederis
1205 1225 1291 1286 buius

163 1302 384 1377 fundamentum
406 1315 469 1362 erat
478 1305 605 1365 lllessias.
661 1325 705 1366 am
724 1316 870 1380 tenemus,
890 1327 1004 1365 causam
1022 1301 1193 1362 liberandae
1210 1301 1292 1362 urbis

163 1379 263 1455 fuisse,
276 1381 341 1460 qnia
351 1378 410 1438 Dei
422 1382 617 1441 sanctuarium
631 1393 694 1441 erat
705 1393 735 1440 et
753 1381 823 1441 inde
843 1382 1012 1462 proditurus
1026 1392 1089 1453 erat
1100 1379 1291 1460 Redemptor.

163 1457 231 1516 Hoc
256 1467 392 1537 respectu
415 1456 531 1517 sublato
558 1457 669 1518 centies
698 1459 832 1540 periisset
855 1457 1072 1538 Hierosolyma.
1119 1455 1292 1591 Expendant

31 1543 55 1572 ‘
163 1553 243 1594 nunc
261 1533 302 1614 pii
321 1531 463 1610 lectores,
486 1534 577 1615 quum
600 1547 701 1614 aperte
724 1535 861 1595 reliceret
885 1535 989 1595 domus
1013 1534 1093 1616 regia
1119 1533 1158 1592 ob
1172 1544 1251 1591 atum
1276 1552 1293 1590 a

164 1609 394 1690 Deo‘signum,
429 1631 465 1672 an
492 1633 554 1672 non
588 1624 774 1692 opportunus
806 1611 896 1671 suerit
914 1611 1082 1691 Prophetae
1101 1611 1237 1670 transitus
1257 1609 1293 1668 ad

164 1685 311 1757 Messiam,
332 1687 390 1746 acsi
411 1688 539 1764 dixisset,
558 1688 698 1764 Quamvis
718 1688 865 1748 saeculum
885 1687 943 1748 hoc
962 1687 1065 1761 salute,
1086 1701 1171 1767 quam
1192 1707 1207 1746 a
1227 1685 1293 1746 Do-

163 1761 244 1820 mino
264 1760 418 1841 polliceor,
437 1765 591 1848 indignum
611 1766 659 1840 sit,
677 1765 759 1824 Deus
777 1767 877 1824 tamen
897 1764 1026 1824 foederis
1045 1763 1091 1824 sui
1110 1783 1224 1822 memor
1242 1784 1294 1820 nr-

133 1837 231 1924 sbem
251 1838 325 1899 hanc
345 1841 381 1900 ab
402 1841 535 1902 hostibus
548 1841 661 1921 eripiet.
700 1841 782 1923 Ergo
803 1854 836 1901 ut
855 1840 967 1900 nullum
986 1838 1160 1920 particulare
1178 1840 1293 1920 signum

125 1922 131 1942 ‘
162 1934 243 1975 nunc
264 1916 331 1975 edat
348 1915 499 1978 testandae
519 1919 629 2001 gratiae
650 1937 718 1978 suae
739 1938 837 1991 causa,
862 1919 919 1977 hoc
945 1939 1036 1977 unum
1062 1916 1127 1977 satis
1147 1935 1293 1996 superque

164 2009 225 2050 csse
247 1991 346 2068 debet,
366 1993 445 2075 quod
467 2014 501 2054 ex
519 1997 571 2055 stir
594 1993 739 2054 eDavidis
759 1995 889 2054 oriturus
907 1993 945 2054 sit
958 1995 1086 2054 Messias.
1124 1992 1294 2052 Notandum

163 2086 234 2128 vero
256 2081 314 2146 est,
341 2071 421 2150 quod
447 2016 616 2132 incredulos
644 2082 764 2132 revocat
782 2071 932 2152 Propheta
957 2071 992 2130 ad
1016 2069 1155 2152 generale
1180 2069 1295 2143 foedus,

164 2147 292 2224 speciem
318 2166 381 2207 esse
406 2148 655 2230 exprobrationis,
685 2148 824 2226 eoquod
850 2147 963 2207 nullum
1008 2146 1160 2206 articulare
1179 2145 1294 2226 signum

164 2221 363 2284 admitterent.
410 2223 473 2284 Iam
497 2226 568 2284 mihi
588 2225 655 2286 satis
681 2223 821 2316 probasse
841 2225 959 2300 videor,
982 2167 1179 2304 Prophetam,
1205 2243 1294 2300 quum

166 2300 317 2379 praeclusa
345 2313 420 2362 esset
436 2302 589 2366 miraculis
610 2302 747 2362 omnibns
766 2301 868 2376 ianua,
895 2301 1069 2381 tempestive
1090 2299 1126 2360 ad
1146 2298 1294 2359 Christum

165 2378 306 2453 transire,
335 2389 422 2439 uteo
448 2379 522 2450 itent
540 2379 700 2453 increduli,
728 2398 790 2437 non
808 2378 895 2439 aliam
916 2377 1005 2438 luisse
1023 2375 1205 2436 liberationis
1226 2395 1259 2435 ca
1281 2413 1295 2422 -

165 2472 226 2514 sam
251 2477 336 2535 quam
363 2397 468 2518 foedis
492 2478 558 2516 cnm
586 2455 722 2516 Patribus
747 2455 860 2515 initum.
903 2453 1003 2532 Atque
1028 2453 1086 2522 hoc
1112 2397 1302 2512 memorabili·

166 2530 346 2594 documento
365 2533 467 2594 testari
485 2533 580 2594 voluit
596 2532 679 2593 Deus
700 2531 837 2594 omnibus
856 2532 994 2606 saeculis,
1013 2531 1081 2593 ideo
1101 2547 1132 2590 se
1152 2529 1295 2590 continuo

165 2617 272 2668 tenore
291 2622 351 2669 tarn
372 2609 536 2670 beneficum
557 2610 646 2671 fuisse
667 2629 736 2690 erga
755 2608 891 2668 Abrahae
916 2607 1007 2680 filios,
1038 2607 1104 2687 quia
1137 2607 1295 2686 gratuitum

166 2703 232 2762 epm
252 2684 307 2746 illis
328 2686 433 2747 foedus
452 2689 483 2747 in
504 2686 640 2760 Christo,
660 2697 690 2746 et
709 2705 771 2744 non
791 2693 893 2745 eor'um
912 2685 1021 2744 meritis
1041 2685 1204 2764 pepigerat.
1241 2681 1301 2741 al.-

166 2771 234 2818 tero
253 2760 357 2826 cavillo
378 2773 508 2822 nostram
528 2762 703 2821 sententiam
725 2759 845 2820 eludere
859 2773 1004 2820 conantur
1015 2760 1125 2834 ludaei,
1144 2757 1210 2838 quia
1229 2779 1296 2818 mox

167 2837 300 2913 sequitur
325 2837 356 2896 in
383 2847 521 2897 contextu
542 2837 726 2917 Prophetae,
745 2837 913 2914 Antequam
937 2838 1011 2899 sciat
1033 2855 1107 2916 puer
1137 2834 1296 2917 reprobare
1325 2901 1335 2918 ῃ

73 2926 77 2934 ’
169 2912 287 2987 malurn,
308 2925 338 2974 et
350 2912 460 2995 eligere
480 2914 603 2986 bonum,
623 2913 807 2991 relinquetur
825 2925 902 2971 terra
924 2913 1069 2973 aduobus
1082 2908 1221 2992 Regibus,
1242 2923 1299 2991 etc.¹

170 2987 248 3047 Hinc
268 2988 429 3068 colligunt,
448 2990 583 3072 promitti
602 2989 722 3048 infantis
747 2999 878 3068 partum,
909 2991 959 3068 qui
983 2991 1101 3050 minime
1125 2992 1155 3048 in
1176 2990 1297 3070 longum

168 3076 283 3145 tempus
296 3066 478 3126 disserendus
489 3079 564 3126 erat:
585 3065 696 3146 alioqui
716 3085 777 3124 non
791 3067 956 3144 quadraret,
978 3067 1057 3146 quod
1075 3067 1110 3126 de
1131 3069 1296 3146 propinqua

161 3161 328 3222 regnorum
346 3144 511 3204 mutatione
532 3143 648 3218 dicitur,
667 3162 755 3222 quam
771 3141 925 3222 Propheta
946 3144 1011 3203 lore
1032 3143 1194 3216 denuntiat,
1215 3154 1297 3201 ante·
1400 3157 1401 3174 ³

170 3235 257 3295 quam
277 3219 371 3280 inians
391 3219 440 3280 ille
461 3220 617 3301 pueritiam
638 3220 763 3280 mediam
787 3219 928 3300 attigerit
967 3219 1163 3302 Respondeo,
1188 3219 1238 3278 ubi
1258 3219 1297 3278 si·

168 3311 261 3428 gnum
282 3294 318 3353 de
339 3296 438 3356 futuro
458 3295 556 3356 salutis
576 3308 696 3356 auctore
717 3295 841 3376 protulit
858 3297 972 3371 Iesaias,
994 3309 1023 3356 et
1042 3297 1183 3356 inlautem
1204 3295 1298 3356 nasci-

184 3391 267 3429 urum
287 3375 418 3446 asseruit,
438 3373 488 3453 qui
497 3393 587 3449 verus,
601 3385 678 3434 esset
695 3372 870 3450 Immanueh
889 3372 935 3433 vel
957 3379 1005 3453 (ut
1016 3371 1099 3432 Pauli
1118 3372 1212 3432 verbo
1232 3384 1299 3431 utar
1318 3391 1329 3400 “

172 3445 403 3526 1.Tim.3,¹16.)
423 3447 505 3510 Dens
524 3451 554 3509 iu
575 3471 663 3511 carne
683 3450 896 3525 manifestatus,
916 3450 971 3510 iam
993 3450 1190 3514 communiter
1209 3447 1312 3510 verba.
1399 3469 1400 3480 ¹

61 3533 65 3548 ¹
172 3523 270 3583 lacere
294 3524 533 3605 dequibuslibet
558 3526 619 3588 eius
644 3528 746 3586 aetatis
771 3525 941 3587 infantibus.
981 3527 1071 3588 Cuius
1092 3527 1133 3584 rei
1154 3527 1236 3584 firma
1256 3537 1300 3584 est

173 3601 204 3658 in
224 3614 366 3682 promptu
385 3603 476 3661 ratio:
502 3603 649 3683 praelatus
669 3598 746 3662 enim
767 3603 804 3663 de
829 3603 959 3684 generali
980 3615 1066 3683 pacto
1086 3603 1145 3662 Dei
1166 3603 1243 3661 redit
1262 3601 1298 3662 ad
1398 3635 1399 3640 .

171 3675 597 3759 specialemaepromissionem,
634 3681 714 3740 cuius
744 3701 830 3739 causa
860 3681 961 3740 missus
991 3681 1094 3739 suerat.
1141 3679 1186 3738 Ita
1218 3679 1300 3762 prior

79 3803 85 3812 .
171 3753 271 3828 locus,
303 3755 354 3834 qui
379 3756 414 3824 ad
434 3754 565 3816 ultimam
585 3756 757 3837 etdplenam
777 3756 1010 3838 redemptionem
1030 3767 1157 3836 spectat,
1187 3766 1298 3815 certum

172 3832 317 3908 quendam
336 3852 460 3913 puerum
481 3833 630 3916 designat,
656 3834 686 3892 in
707 3853 795 3912 quem
820 3832 913 3894 solum
936 3843 1084 3912 competat
1101 3832 1161 3891 Dei
1185 3831 1299 3892 titulus:

172 3920 321 3996 posterior
340 3929 428 3984 vero,
460 3907 510 3987 qui
534 3909 723 3990 adspeciale
748 3908 922 3969 beneficium
947 3910 1092 3987 refertur,
1125 3909 1299 3989 quod-tunc

172 3984 315 4057 instabat,
345 3997 462 4064 tempus
488 3985 591 4044 definit
611 4007 643 4045 ex
664 4007 766 4047 eorum
788 3986 927 4066 pueritia,
957 3986 1007 4064 qui
1027 3997 1097 4045 tunc
1116 3971 1220 4045 reeenb
1239 3984 1300 4044 nati
1397 3987 1398 4054 J

172 4059 216 4115 vel
242 4061 332 4140 paulo
358 4074 425 4141 post
446 4063 584 4121 nascituri
603 4073 693 4122 erant.
744 4063 893 4122 Hactenus
912 4062 1014 4124 validis
1038 4061 1216 4135 rationibus,
1246 4061 1301 4121 nisi
1397 4073 1398 4078 ’

172 4132 269 4218 fallor,
290 4148 320 4197 et
338 4138 439 4200 solidis
460 4138 583 4198 refutavi
601 4138 777 4214 ludaeorum
790 4139 965 4214 calumnias,
985 4139 1090 4216 quihus
1104 4138 1214 4201 Christi
1234 4137 1301 4220 glo-

174 4223 244 4266 mam
265 4212 393 4272 obruere
413 4226 576 4291 conantur,
603 4235 642 4273 ne
661 4215 692 4275 in
712 4214 769 4275 hoe
789 4217 928 4278 vaticinio
948 4215 1101 4298 refulgeat.
1145 4217 1233 4276 Nunc
1257 4214 1299 4284 dl-

172 4278 310 4346 lueudum
329 4302 421 4352 restat
438 4290 555 4351 illorum
566 4290 698 4352 cavillum
718 4290 747 4350 in
767 4314 840 4352 voce
860 4291 961 4358 nobit.
997 4293 1141 4352 Proterve
1158 4292 1300 4373 exagitant

173 4361 361 4443 blatthaeum,
382 4371 432 4449 qui
453 4373 601 4435 Christum
623 4393 655 4434 er
676 4373 798 4455 Virgiu'c
819 4387 919 4434 natum
940 4372 1063 4452 probet,
1083 4393 1173 4452 quum
1193 4392 1300 4434 nomeu
