2808 4748
184 185 241 252 122
392 173 543 240 SECTIO
565 175 600 232 V.
640 173 789 234 Murrius
809 171 884 232 lesu
904 186 1120 260 emisenum

183 327 352 396 Gentium:
394 313 625 410 ltirPopulus,
640 321 697 407 qni
717 317 855 388 s'edebat
873 321 908 386 in
929 317 1089 397 tenebris,
1102 319 1182 389 vidit
1203 321 1321 390 lucent

181 450 342 523 magnam:
360 427 460 514 etqui
478 419 641 490 sedebant
659 423 696 487 in
716 424 851 510 regione
871 418 1006 488 umbrae
1026 424 1146 499 mortis,
1166 420 1221 488 lux
1240 434 1323 489 orta

182 539 232 598 est
252 531 309 596 eia.

253 717 306 780 ta
348 705 391 770 Et
410 707 513 800 aalide
535 702 695 799 quorcth
737 705 827 798 lluqc
850 699 994 768 Matthaei
1017 705 1116 800 locum
1134 709 1319 802 'narrationi

180 791 279 949 tet
297 785 733 926 trucutanae
757 805 834 922 uc
851 795 1049 952 statut
1068 785 1227 922 'rtet
1245 806 1319 925 cr:

180 944 260 1018 reth,
277 954 313 1004 ut
330 937 464 1022 periculo
484 938 615 1012 eederet,
632 937 683 998 illa
702 957 823 1018 prorsus
841 936 938 998 valere
957 960 1049 1012 iussa,
1072 939 1103 999 in
1124 939 1166 1001 Ca
1188 959 1316 1002 emaum

179 1033 213 1082 et
229 1019 339 1083 vicinas
357 1017 445 1078 urbes
464 1015 627 1098 migrasse,
654 1015 738 1077 Haec
763 1007 884 1076 historia
907 1014 980 1075 nihil
1006 1015 1095 1076 habet
1119 962 1315 1094 dificultatis,
1381 1051 1382 1054 ¹

180 1097 238 1160 uisi
256 1093 339 1178 quod
356 1093 520 1156 Matthaeus
529 1090 700 1171 Prophetae
719 1091 890 1154 testimonio
908 1091 1014 1152 abusus
1032 1091 1148 1154 videtur
1166 1095 1199 1154 in
1219 1094 1314 1156 alium
1380 1067 1382 1128 l

142 1251 150 1268 Ι
178 1194 306 1266 aeneum.
334 1173 458 1264 ‘Verum
475 1169 501 1232 si
518 1179 669 1260 teneamus
687 1168 850 1250 genuinum
857 1167 1026 1249 Prophetae
1043 1189 1171 1263 sensum,
1190 1183 1270 1263 apta·
1281 1185 1314 1234 et

179 1245 1313 1414 ‘etat‘rcttcttttttraztttrent·„tratur

176 1347 281 1499 Ειίᾳω
299 1401 449 1474 adhibeat,
467 1411 627 1537 prpprttrt,
646 1399 699 1460 ubr
712 1400 749 1460 ad
760 1411 889 1536 extrepra
906 1399 1040 1534 redactqs
1056 1401 1150 1538 'lneqit
1169 1403 1310 1494 populus,

177 1488 1310 1647 :thttt¹¹tttttutt5²ttt‘tatttrttftt&atttettitlttf

90 1641 92 1646 “
232 1635 272 1696 tia
291 1633 369 1694 iuxta
387 1643 448 1693 tem
471 1652 504 1693 us
523 1631 662 1712 primum,
682 1651 741 1710 quo
761 1629 865 1692 leviter
883 1649 1022 1710 percussa
1041 1631 1097 1692 surt
1114 1645 1194 1694 terra
1206 1634 1307 1696 Sebu-

148 1749 152 1762 ,
189 1731 231 1774 ou
257 1720 291 1772 et
319 1651 491 1790 Naphthali:
523 1728 578 1768 nec
608 1706 686 1767 iuxta
716 1718 775 1766 tem
799 1728 832 1769 us
860 1708 1038 1781 secundum,
1089 1731 1158 1770 uum
1189 1713 1308 1792 gravius

174 1787 281 1856 afflicti
298 1799 368 1850 sunt
384 1788 464 1848 iuxta
481 1785 558 1846 viam
576 1784 664 1846 maris
683 1783 759 1843 ultra
794 1783 935 1873 ord'anem
954 1786 987 1844 in
1007 1730 1140 1848 Galilaea
1153 1785 1305 1849 Gentium.

174 1863 309 1946 Populus
336 1862 414 1927 enim
430 1861 588 1954 ‘ambulans
611 1862 650 1953 iu·
667 1859 801 1921 tenebris
824 1860 937 1951 ardebit
959 1862 1055 1922 lucem
1081 1865 1305 1957 magnamties.
1380 1881 1382 1978 p

174 1937 850 2103 tatialttlt,tlett'ttttttttttt
867 1936 1306 2106 lt‘tittltttttttttt

173 2096 224 2162 vel
242 2096 375 2157 circiter:
394 2093 503 2154 deinde
520 2112 610 2171 quum
620 2089 815 2151 salmanassar
832 2101 929 2152 toturn
947 2112 1073 2175 regnum
1092 2094 1207 2156 Israelis
1227 2097 1305 2156 exci-

175 2175 221 2238 dit
238 2173 294 2253 (11.
311 2172 388 2263 Reg.
407 2175 457 2245 15,
474 2173 522 2235 29.
542 2179 574 2228 ct
584 2172 633 2243 18,
650 2171 702 2240 9.).
739 2167 880 2229 Restabat
896 2169 985 2230 tertia
1004 2167 1111 2246 clades,
1130 2193 1216 2252 qnam
1228 2174 1303 2234 Pro-

196 2251 266 2312 heta
285 2269 417 2312 omnium
436 2243 647 2310 atrocissimam
666 2243 732 2305 fore
745 2245 855 2306 dixerat
873 2244 951 2308 circa
969 2247 1060 2306 finem
1078 2250 1174 2310 octavi
1192 2251 1302 2330 capitis.
1381 2301 1382 2306 ,

173 2273 264 2392 hunc
283 2337 382 2388 autem
400 2323 432 2386 in
452 2322 565 2398 verbis,
594 2341 670 2403 quae
700 2319 870 2399 retulimus,
897 2323 1030 2402 seqnitur
1052 2325 1211 2418 mitigatio:
1236 2329 1301 2407 quia

174 2407 259 2468 Deus
282 2401 396 2487 populo
421 2422 476 2464 suo
501 2417 619 2462 manum
644 2399 795 2484 porriget,
824 2411 951 2462 mortem
970 2401 1035 2461 lore
1055 2422 1145 2484 magra
1164 2403 1301 2466 tolerabi-

174 2483 251 2557 lem,
276 2503 363 2563 quam
388 2479 469 2561 prius
493 2475 604 2540 luerint
622 2476 729 2540 morbi.
768 2477 914 2552 Tametsi,
940 2476 1051 2558 inquit,
1079 2489 1159 2540 totus
1169 2481 1302 2561 populus

175 2559 336 2635 delebitur,
354 2556 403 2620 lux
420 2568 521 2618 tamen
538 2553 650 2634 gratiae
669 2551 816 2638 affulgens
836 2554 961 2632 efficiet,
979 2565 1013 2614 ut
1031 2554 1127 2616 minus
1146 2553 1185 2620 sit
1201 2558 1300 2641 caligi-

174 2633 221 2699 nis
239 2636 271 2696 in
290 2633 351 2696 hoc
391 2644 522 2694 osuemo
542 2631 682 2704 interitu,
703 2652 790 2710 quam
811 2630 951 2692 fueritin
970 2629 1079 2711 duplici
1097 2632 1181 2694 ruina
1200 2634 1300 2716 decem

172 2711 315 2846 tribppim.
380 2728 450 2770 orro
469 2705 542 2846 mdihi
561 2705 681 2768 dubium
694 2727 764 2798 ’non
784 2716 845 2797 est,
869 2708 1120 2844 quitidpromissio
1144 2711 1182 2770 ad
1205 2723 1300 2850 tdqtum

110 2817 116 2824 ’
173 2802 939 2949 {ttattzttttttattttttttttitttttt
953 2797 1210 2926 tttttttttt
1227 2801 1299 2926 tlt

171 2938 321 3000 rationem
339 2935 420 2998 urhis
439 2933 664 3018 Hierosolymae
682 2946 883 3025 restringunt,
905 2937 988 3015 quasi
1013 2937 1062 2998 lux
1075 2940 1172 3002 ‚vitalis
1190 2943 1299 3004 reddita

173 3015 281 3089 fuerit,
299 3013 369 3076 dum
387 3012 492 3098 fugato
509 3032 543 3074 re
566 3009 782 3103 eSannaherrb
801 3009 898 3073 soluta
916 3013 973 3074 suit
989 3014 1117 3077 obsidio.
1157 3017 1248 3080 Certe
1266 3039 1298 3080 ex
1333 3078 1337 3089 ,
1380 3063 1381 3070 1

174 3101 314 3162 contextu
333 3091 421 3172 plane
445 3033 679 3184 liquetglougius
697 3103 846 3169 respicere
864 3089 1052 3171 Prophetam.
1092 3094 1194 3168 Quum
1212 3095 1298 3178 igitur
1330 3092 1336 3111 ‘

173 3187 362 3232 communem
390 3167 483 3230 totius
512 3164 662 3228 Ecclesiae
692 3166 932 3228 instaurationem
966 3169 1133 3248 promittat,
1167 3173 1298 3254 sequitur
1380 3163 1381 3233 l

171 3254 283 3306 terram
303 3244 438 3306 Sebulon
457 3254 490 3304 et
506 3255 617 3305 terram
641 3242 798 3324 Naphthali
823 3254 855 3302 et
874 3242 1036 3322 Gahlaeam
1057 3245 1200 3308 Gentium
1219 3271 1297 3312 com-

171 3319 319 3402 prehendi
336 3322 368 3382 in
388 3340 492 3384 eorum
504 3339 639 3399 numero,
658 3321 765 3402 quibus
783 3319 925 3382 tenebrae
944 3323 1048 3384 mortis
1065 3323 1100 3384 in
1110 3325 1187 3388 vitae
1205 3325 1297 3388 lucem

172 3397 331 3458 mutandae
351 3409 444 3458 crant.
489 3397 584 3460 Huius
609 3397 682 3461 lucis
706 3397 822 3458 initium
841 3409 872 3458 et
890 3399 972 3477 quasi
996 3421 1103 3462 aurora
1122 3401 1179 3462 tuit
1197 3403 1296 3484 populi

172 3473 286 3539 reditus
306 3494 341 3534 ex
357 3472 528 3556 Babylone:
546 3475 666 3536 tandem
685 3474 775 3556 pleno
795 3473 954 3556 splendore
973 3476 1093 3538 emersit
1109 3479 1155 3539 sol
1173 3479 1295 3540 iustitiae

52 3569 57 3582 ’
174 3551 323 3629 Christus,
344 3551 395 3632 qui
413 3551 517 3614 mortis
536 3551 675 3616 tenebras
694 3552 811 3632 penitus
831 3571 885 3612 suo
905 3551 1032 3614 adventu
1050 3553 1188 3616 abolevit.
1225 3557 1294 3617 Ideo

172 3627 280 3690 Paulus
304 3627 342 3691 ad
366 3625 473 3709 Ephes.
496 3635 701 3709 cap.5,14.,
731 3627 764 3689 in
788 3647 825 3690 eo
856 3628 1010 3709 impletum
1032 3629 1121 3693 t'nisae
1151 3633 1295 3708 admonet,

173 3705 255 3786 quod
274 3704 378 3788 passim
397 3705 528 3767 occurrit
544 3706 622 3787 apud
633 3705 809 3788 Prophetas,
827 3705 985 3787 Surge—qui
996 3706 1117 3785 dormis,
1137 3720 1294 3792 etexsurge

171 3803 190 3842 a
208 3783 342 3844 mortuis.
380 3781 443 3842 Iam
462 3802 553 3862 quum
574 3783 697 3844 sciamus
716 3781 866 3863 spirituale
885 3801 948 3844 esse
961 3782 1071 3844 Christi
1090 3804 1225 3868 regnum,
1243 3806 1293 3845 nc·
1379 3807 1380 3810 ¹

172 3878 254 3920 cesse
264 3871 319 3935 est,
337 3870 372 3919 ut
391 3859 452 3919 eius
471 3869 592 3920 naturae
612 3860 660 3920 lux
670 3859 769 3921 salutis
784 3880 870 3938 quam
888 3859 986 3936 aller-t,
1005 3861 1184 3944 etquicquid
1203 3863 1293 3924 auxilii

171 3935 267 3998 abeo
293 3935 470 4016 percipimus
495 3936 682 4016 respondeat.
720 3937 810 3995 Unde
828 3956 859 3998 se
882 3936 976 4016 uitur,
1001 3937 1110 4000 animas
1132 3951 1245 4000 nostras
1262 3940 1292 3998 in

172 4011 277 4074 mortis
299 4007 438 4074 aeternie
456 4013 586 4076 tenebris
607 4012 751 4074 demersas
771 4030 848 4088 esse,
862 3958 964 4076 donec
983 4031 1033 4078 eas
1050 4035 1103 4076 sua
1121 4017 1212 4096 gratia
1230 4015 1292 4078 illu·
1379 4031 1380 4042 ¹

171 4087 275 4148 minet.
300 4088 361 4150 'Dc
380 4091 476 4174 gentis
510 4089 606 4151 uidem
626 4089 740 4150 excidio
758 4107 856 4150 sermo
875 4088 1000 4154 habetur
1018 4093 1094 4171 apud
1106 4091 1290 4174 Prophetam,

172 4163 225 4220 sed
239 4165 326 4252 'qnasi
348 4165 380 4228 in
404 4191 417 4229 s
441 4110 526 4230 eculo
552 4167 727 4228 describitur
750 4167 884 4228 conditio
908 4165 1027 4228 humani
1045 4170 1177 4250 generis,
1202 4171 1290 4230 donec

174 4233 286 4298 Chnrti
309 4243 403 4322 gratia
439 4245 579 4306 'eretum
622 4243 716 4318 Quod
738 4243 835 4304 lucem
858 4265 888 4304 m
1019 4243 1158 4306 dirmtm
1180 4247 1290 4319 vidisse,

175 4308 276 4422 quiin
294 4319 425 4384 uuebris
448 4322 598 4400 iacebant,
627 4332 697 4394 tam·
717 4317 813 4384 subita
842 4332 873 4388 et
896 4322 905 4382 i
929 4319 1013 4390 utris
1037 4321 1161 4392 mutatio
1186 4322 1291 4390 divinae
