2824 4756
451 217 513 296 (tt.
531 213 713 300 Genealogta
733 218 864 301 eumn.)
952 192 954 206 ’
1155 227 1214 288 aa

90 359 200 444 Ioseph
214 355 317 424 nullus
336 361 415 422 iuter
432 359 504 422 duos
523 355 732 442 Evangelistas,
750 355 806 424 uisi
824 361 1013 426 iu'Salatbiel
1033 375 1064 425 et
1083 363 1214 428 Sembe-

91 440 155 513 hel,
175 457 334 502 consensus
353 449 480 518 apparet.
521 437 675 500 Excusatio
697 459 770 520 quae
791 439 889 498 afferri
908 441 996 516 solet,
1020 442 1089 503 inde
1113 451 1213 504 ortum
1262 449 1264 454 '

91 535 155 576 esse
176 515 348 588 discrimen,
362 517 428 595 quia
448 512 551 578 Iudaei
569 515 770 595 utplurimum
791 515 953 578 binominus
974 531 1067 594 erant,
1088 540 1175 602 aegre
1195 539 1213 580 a

90 592 192 652 multis
213 589 380 652 admittitur.
418 590 510 671 Atqui
522 612 610 670 quum
632 591 719 652 hodie
738 591 824 652 nobis
844 591 993 672 incognita
1012 595 1049 654 sit
1062 597 1213 656 ducendae

89 669 294 747 tenendaeque
313 667 500 751 genealogiae
521 666 606 741 ratio,
627 690 713 748 quarn
733 679 871 748 sequutus
892 681 935 726 est
946 669 1119 745 Matthaeus,
1139 673 1213 734 nihil

90 745 199 804 mirum
225 756 283 821 est,
313 748 336 806 si
368 765 428 804 non
448 764 508 804 asse
532 744 640 818 bimur,
673 745 823 824 quomodo
848 745 885 804 in¹
905 744 1212 824 singulisnomiuibus

91 821 181 880 ambo
211 821 255 882 vel
280 821 454 882 conveniant
479 765 529 883 vei
549 819 696 914 disserapt.
736 821 804 880 ‘Nec
829 833 928 880 tamen
956 819 1081 880 dubitari
1103 833 1212 902 potest,

92 898 164 976 quin
194 919 209 958 a
240 911 374 980 tempore
403 895 579 978 Babylonici
607 897 695 957 exsilii
720 897 860 976 quosdam
893 895 1013 957 diversis
1044 899 1212 962 nominibus

91 973 210 1033 eosdem
244 974 375 1034 homines
407 982 595 1033 recenseant,
646 973 681 1032 In
713 972 852 1034 Salathiel
884 993 954 1034 vero
990 983 1020 1031 et
1050 971 1213 1041 Serubabel

91 1046 192 1108 eadem
216 1051 351 1116 consulto
376 1061 492 1110 retenta
516 1048 605 1110 luisse
629 1049 748 1110 nomina
772 1049 900 1110 arbitror
944 1059 1047 1129 ropter
1071 1060 1213 1112 mutatum

88 1125 192 1205 populi
203 1139 320 1202 statum,
338 1126 405 1206 quia
423 1139 501 1189 tunt,
514 1129 593 1206 regia
612 1126 743 1186 maiestas
756 1126 892 1186 exstincta
913 1069 978 1185 tilit.
1017 1125 1130 1194 Tenuis
1143 1147 1213 1188 vero

85 1193 296 1268 dominatioriis
316 1203 420 1264 umbra
440 1223 530 1282 quum
549 1201 663 1262 residua
683 1214 767 1277 esset,
786 1203 919 1295 apparuit
936 1201 1061 1286 insignis
1078 1203 1216 1278 mutatio,

88 1297 162 1359 quae
182 1279 282 1340 fideles
302 1281 486 1352 admoneret,
505 1277 678 1356 sperandum
699 1298 760 1338 esse
779 1279 855 1339 aliud
875 1280 1068 1360 praestantius
1079 1295 1215 1362 regnum,

17 1417 18 1424 ,
89 1377 174 1435 quam
193 1356 306 1416 visibile
326 1355 399 1415 illud
419 1355 597 1428 Salomonis,
617 1354 798 1434 quodbrevi
816 1367 950 1435 tempore
968 1356 1118 1419 floruerat.
1150 1356 1214 1416 Iam

88 1433 146 1492 hoc
167 1451 286 1524 quoque
306 1444 410 1492 notare
431 1450 537 1510 operae
562 1433 687 1510 pretium
708 1442 768 1505 est,
792 1431 864 1490 nihil
889 1451 949 1492 esse
974 1432 1106 1508 absurdi,
1131 1431 1214 1512 quod
1278 1477 1281 1482 Δ
1321 1441 1324 1447 ’

88 1508 187 1590 plures
204 1531 243 1577 ,ru
269 1529 323 1570 suo
350 1507 486 1589 catalogo
513 1518 648 1567 numerat
667 1508 760 1566 Lucas
785 1527 871 1587 quam
890 1509 1068 1583 Matthaeus,
1094 1509 1212 1588 quando

86 1587 224 1646 usitatum
250 1597 309 1662 est,
340 1584 439 1676 plures
471 1603 594 1658 urimero
622 1603 683 1645 esse
707 1583 738 1642 in
764 1583 888 1644 naturali
910 1587 1100 1665 generatione
1126 1595 1213 1664 quam

88 1661 184 1744 legali.
222 1661 291 1740 ¹Huc
312 1659 530 1721 etiam-accedit
549 1661 628 1740 quod
649 1659 827 1737 Matthaeus,
854 1681 942 1740 quum
963 1661 997 1726 =in
1016 1674 1081 1722 tres
1108 1662 1212 1723 classes

82 1739 264 1803 ,distribuere
283 1739 371 1798 uellet
391 1737 500 1799 Christi
524 1738 742 1820 genealogiam,
772 1750 802 1799 et
826 1735 947 1818 siugulis
972 1736 1107 1799 classibus
1128 1738 1212 1798 attri-

87 1817 179 1876 buere
199 1815 419 1908 quatuordecim
440 1812 547 1894 capita,
573 1813 696 1876 liberum
716 1813 773 1874 sibi
798 1815 871 1874 fecit
890 1815 1072 1895 quorundam
1092 1816 1213 1877 nomina

86 1903 261 1985 praeterire,
291 1911 366 1972 quae
385 1892 478 1950 Lucas
504 1891 638 1951 omittere
664 1911 724 1950 non
751 1891 865 1965 debuit,
890 1913 978 1970 quum
1002 1909 1033 1951 se
1053 1892 1087 1951 ad
1114 1891 1212 1974 legem

85 1970 162 2030 illam
188 1969 458 2050 non-astringeret.
510 1968 658 2028 Hactenus
682 1968 720 2027 de
744 1965 854 2030 Christi
878 1968 1051 2050 genealogia
1081 1969 1212 2045 disserui,

86 2059 229 2127 quatenus
249 2045 285 2104 ad
305 2065 443 2105 summam
463 2041 536 2102 utile
557 2065 618 2104 esse
638 2043 729 2104 visum
750 2059 800 2106 est.
841 2046 873 2104 Si
893 2065 979 2123 quem
1000 2045 1099 2105 titillat
1117 2046 1211 2105 maior

87 2123 254 2195 curiositas,
275 2141 330 2202 ego
351 2122 491 2181 Paulinae
511 2121 719 2180 admonitionis
739 2141 854 2182 memor
875 2122 1065 2194 sobrietatem
1087 2135 1118 2181 et
1142 2142 1220 2180 mom.

88 2199 207 2259 destiam
234 2198 345 2258 frivolis
371 2210 401 2256 et
425 2195 509 2255 nihili
534 2198 653 2278 argutiis
679 2198 822 2276 praefero.
848 2199 968 2257 'Notus
999 2211 1042 2258 est
1066 2197 1146 2276 loeus
1172 2197 1210 2256 ad

87 2273 147 2334 Tit.
165 2297 228 2354 cap.
240 2280 269 2348 3,
288 2281 328 2346 9.,
346 2273 398 2332 ubi
418 2293 472 2330 uos
492 2280 570 2330 vetat
589 2273 626 2331 de
647 2273 827 2354 genealogiis
847 2274 930 2332 nimis
949 2275 1033 2331 'anxie
1052 2274 1210 2352 disputare.

85 2353 175 2413 Nune
194 2362 345 2429 postremo
364 2347 548 2407 tractandum
569 2361 672 2419 restat,
698 2369 751 2406 cur
768 2347 1025 2414 taidrmlorda'nidus
1045 2348 1219 2426 complexus

84 2432 125 2490 sit
145 2425 308 2486 Matthaeus
333 2436 428 2483 totam
449 2423 558 2482 Christi
603 2423 799 2502 enealogiam,
831 2436 861 2482 et
885 2423 1006 2501 singulis
1027 2423 1117 2482 denos
1138 2437 1211 2502 pua-

17 2493 23 2514 '
84 2520 191 2568 ternos
212 2501 343 2558 homines
365 2498 541 2558 attribuerit.
581 2443 699 2572 {Quibus
720 2497 911 2570 videtur-,hoc
932 2499 1044 2573 secisse,
1064 2511 1097 2558 ut
1116 2498 1211 2558 lecto·
1236 2561 1239 2567 ,

84 2577 151 2642 rum
172 2577 331 2636 memoriae
351 2573 532 2646 consuleret,
558 2589 654 2654 neque
673 2581 768 2634 totum
789 2571 904 2649 dicunt,
924 2595 1019 2653 neque
1040 2573 1119 2635 nihil.
1158 2576 1212 2636 Est

47 2674 52 2680 ·
83 2656 207 2739 quidem
226 2653 303 2712 istud
315 2671 424 2726 rerum,
445 2651 553 2710 facilius
573 2653 732 2720 memoriae
752 2652 871 2712 haerere
884 2651 1045 2733 catalogum
1066 2652 1097 2711 in
1115 2651 1211 2712 tribus

84 2733 204 2816 paribus
225 2731 352 2790 numeris
373 2729 571 2810 propositum:
592 2727 677 2789 simul
691 2740 786 2787 tamen
801 2741 923 2803 constat,
943 2730 1087 2809 triplicem
1107 2729 1211 2810 populi
1249 2763 1266 2807 '.

84 2823 190 2872 statum
208 2807 259 2884 hic
273 2807 379 2866 diserte
400 2806 512 2877 notari,
525 2825 629 2884 exque
648 2807 805 2886 promissus
825 2806 920 2866 fuerat
930 2807 1062 2868 Christus
1075 2806 1210 2866 Abrahae

23 2949 27 2963 ι
84 2885 177 2966 usque
207 2885 244 2944 ad
274 2896 391 2964 tempus
420 2881 626 2962 plenitudinis,
666 2903 725 2962 quo
784 2883 923 2944 atesactus
958 2884 988 2942 in
1022 2903 1108 2943 earne
1144 2883 1208 2942 luit.

17 3025 18 3036 ,
86 2962 229 3038 Quamvis
261 2961 338 3020 euim
372 2978 463 3040 usque
493 2959 529 3018 ad
556 2959 698 3020 Davidem
727 2903 912 3020 trihusluda
942 2959 1057 3023 bonore
1082 2960 1208 3039 reliquas
1247 3007 1253 3030 ,

17 3041 19 3116 l
83 3037 258 3108 excelleret,
286 3035 397 3096 nullum
416 3049 515 3096 tamen
539 3037 734 3128 principatum
758 3039 861 3120 tenuit.
900 3037 936 3095 In
956 3037 1067 3096 Davide
1091 3045 1209 3116 praeter

17 3119 19 3154 ³
83 3115 323 3177 semomnium
348 3115 465 3174 emersit
489 3115 570 3194 regia
586 3126 733 3187 maiestas,
765 3135 839 3195 quae
871 3113 952 3174 stetit
981 3120 1074 3192 usque
1102 3114 1137 3173 ad
1158 3114 1208 3174 le·

17 3215 18 3270 3
83 3139 228 3254 choniam.
267 3190 314 3249 Ab
335 3209 371 3249 eo
391 3191 691 3270 tempore-superfuit
716 3191 747 3250 in
771 3191 852 3250 'tribu
871 3191 945 3251 luda
967 3191 1073 3268 aliqua-
1083 3189 1207 3272 dignitas

17 3281 19 3298 '
83 3283 116 3329 et
134 3267 327 3351 gubernatio,
358 3285 549 3346 quaeusque
575 3267 610 3326 ad
631 3267 752 3327 Messiae
777 3269 933 3328 adrentum
957 3279 1066 3327 erectas
1089 3279 1208 3327 teneret

82 3351 200 3427 piorum
220 3356 341 3402 mentes.

159 3428 195 3486 1.·
226 3419 534 3496 [stagnantem.
572 3420 690 3480 Frustra
711 3419 741 3479 iu
761 3418 818 3480 hoc
837 3419 926 3494 titulo
939 3417 1075 3482 laborant
1108 3421 1205 3482 uidam

82 3500 269 3578 interpretes,
289 3509 321 3556 ut
336 3506 483 3570 excusent,
504 3497 582 3588 guod
602 3509 694 3556 totam
713 3495 1034 3578 historiamlllhtthaeus
1053 3521 1068 3559 a
1088 3443 1206 3558 dimidia
1262 3527 1264 3532 ·

17 3615 18 3624 κ
82 3587 166 3657 parte
186 3575 270 3634 unius
291 3573 389 3653 capitis
410 3571 590 3632 denominet.
627 3575 731 3653 Neque
752 3574 829 3633 enim
849 3573 920 3634 haec
941 3573 1081 3649 ἐπιγραφή
1101 3575 1136 3634 ad
1156 3587 1205 3633 to-

82 3665 145 3720 tum
166 3650 273 3712 librum
293 3649 467 3722 extenditur,
486 3649 537 3708 sed
557 3648 625 3710 libri
645 3668 754 3709 nomen
774 3651 901 3731 positum
922 3662 965 3710 est
984 3669 1038 3730 pro
1059 3648 1205 3731 catalogo,

83 3729 143 3789 acsi
164 3727 274 3787 dietum
295 3739 379 3800 esset,
400 3725 543 3805 Sequitur
563 3727 656 3798 catalo
680 3749 711 3786 us
731 3727 929 3808 generationis
950 3726 1069 3788 Christi.
1107 3727 1204 3784 Porro

83 3803 232 3865 Christum
253 3815 338 3863 vocat
356 3803 449 3862 filium
459 3802 593 3862 Abrahae
614 3817 644 3862 et
689 3803 787 3877 avidis,
807 3803 1032 3884 promissionum
1052 3813 1203 3882 respectu:

83 3883 150 3961 quia
168 3882 248 3940 Deus
268 3899 370 3941 semen
388 3899 421 3938 ex
439 3877 586 3938 Abraham
606 3883 748 3940 oriturum
789 3880 950 3954 romiserat,
969 3880 999 3938 in
1041 3898 1079 3961 uo
1100 3897 1132 3936 se
1151 3877 1213 3935 be-·

17 4025 18 4032 ,
80 3958 254 4026 aedicerent
273 3959 374 4018 omnes
393 3962 496 4037 geutes'
515 3955 608 4034 (Gen.
628 3963 675 4032 12,
694 3965 743 4033 3.).
768 3901 877 4016 bivini
897 3969 992 4016 autem
1014 3899 1119 4013 clarior
1139 3953 1205 4012 elata

17 4063 18 4086 1
80 4035 362 4116 fueraopromissio,
383 4036 448 4092 fore
468 4044 500 4092 ut
518 4053 641 4114 regnum
659 4035 739 4094 dorni
759 4036 819 4094 eius
839 4032 943 4092 stabile
962 4040 1204 4109 maneretusque

81 4112 118 4171 ad
138 4111 226 4170 finem
246 4109 364 4170 saeculi:
386 4123 416 4191 et
434 4110 495 4168 Rex
516 4129 550 4168 ex
569 4110 630 4184 eius
650 4112 791 4192 progenie
810 4111 927 4170 sederet
945 4107 976 4165 in
995 4104 1088 4190 solio,
1108 4108 1203 4166 donee

80 4187 127 4248 sol
147 4200 177 4247 et
196 4189 264 4248 luna
284 4187 313 4245 in
334 4185 419 4246 coelo
441 4186 590 4268 fulgerent
609 4186 697 4264 (Psal.
713 4193 760 4262 72,
779 4195 806 4252 5.
821 4193 853 4252 ·7.
875 4195 905 4242 et
923 4187 972 4254 89,
990 4183 1062 4256 29.)
1103 4183 1204 4258 Quare

80 4264 207 4346 vulgaris
228 4263 368 4342 loquendi
386 4285 453 4323 usus
475 4265 554 4323 inter'
572 4263 695 4325 Iudaeos
717 4264 901 4332 obtinuerat,
933 4270 966 4319 ut
984 4257 1133 4335 Christum
1159 4261 1203 4320 di-

17 4365 18 4388 2
81 4353 184 4402 cerent
203 4341 294 4400 illuni
313 4338 439 4401 Doridis.
600 4336 609 4354 ‘
1073 4359 1074 4366 ¹
1219 4367 1226 4376 -
