2824 4756
112 325 114 330 Ι
180 242 221 308 88
345 225 497 300 SECTIO
518 234 571 336 w?
609 237 692 322 Iaso
705 249 889 300 saumsnus
908 251 950 300 eu
970 249 1146 300 murano.

184 381 305 444 homine
323 381 423 442 maius.
466 381 660 462 Praecipuum
680 401 801 462 quoque
820 382 909 442 finem
929 381 990 444 desi
1032 389 1077 458 at,
1102 401 1155 442 eur
1173 379 1309 440 inmun-

184 458 257 519 dum
273 458 376 520 missus
395 457 500 534 fuerit,
523 477 631 540 nempe
654 470 688 518 ut
707 476 812 520 munus
830 458 870 517 im
893 457 952 519 leat
970 461 994 526 si
1016 461 1027 518 i
1046 480 1063 520 a
1080 459 1168 519 Patre
1187 455 1309 517 coelesti

62 533 71 564 '
182 535 358 596 iniunctum.
397 535 459 594 Sed
476 535 583 606 mirum
602 545 663 610 est,-
687 535 768 626 quod
787 480 894 616 Ioseph
915 547 946 596 et
962 531 1139 597 Marianon
1158 532 1311 594 intellexe-

101 619 106 628 “
184 611 246 672 rint
264 611 323 672 hoc
341 632 529 693 responsum,
556 612 606 692 qui
625 611 723 672 multis
746 611 921 672 testimoniis
940 611 1039 674 edocti
1057 611 1188 687 Inerant,
1211 610 1309 670 Iesum
1400 683 1401 690 ἵ

78 717 80 722 v
185 707 249 749 esse
271 687 378 748 Filium
398 688 466 750 Dei.
515 686 712 769 Respondeo,
743 691 873 769 quamvis
896 687 954 750 illis
977 711 1040 751 uon
1061 681 1166 771 ignota
1190 707 1309 768 prorsus
1394 736 1399 751 .

185 763 266 826 Ioret
283 763 418 826 coelestis
439 764 552 826 Christi
580 764 625 825 ori
648 785 683 838 o,
712 783 774 824 non
797 776 895 824 tamen
919 777 1089 846 assequutus
1114 764 1203 826 fuisse
1229 763 1311 825 omni
1394 756 1399 867 1

169 861 222 924 ίιειι
239 852 339 920 parte,
362 840 445 902 illum
463 841 610 902 intentum
626 785 719 901 duisse
738 841 929 924 exsequendis
948 842 1045 905 Patris
1064 841 1222 916 mandatis,
1242 839 1312 920 quia
1393 874 1398 953 p

140 991 143 996 Ι
185 917 320 977 nondum
342 917 399 978 illis
420 918 555 1001 distincte
578 917 722 997 patefacta
748 927 811 1008 erat
835 918 896 978 eius
919 919 1049 981 vocatio.
1097 917 1189 994 Quod
1213 928 1312 977 autem
1395 972 1398 983 ,

137 1049 143 1072 ,
184 993 278 1053 Maria
296 993 328 1053 iu
348 993 438 1056 corde
456 1015 510 1056 suo
530 1004 636 1069 servat,
655 1012 731 1074 quae
749 994 854 1056 mentis
873 995 1069 1077 intelligentia
1079 994 1210 1058 nondum
1222 993 1313 1074 capit,

185 1069 255 1130 hinc
285 1070 427 1132 diseamus
464 1080 634 1130 reverenter
661 1069 825 1150 suscipere,
856 1081 887 1130 et
920 1071 1181 1152 (quemadmodum
1210 1085 1313 1131 semen

184 1155 265 1208 terra
290 1159 467 1228 conceptum
491 1145 620 1218 fovetur)
649 1147 896 1218 reconditum‚'in
926 1149 1031 1208 animis
1058 1147 1167 1210 uostris
1182 1150 1313 1226 servare,

185 1242 261 1304 quae
280 1223 387 1284 mentis
407 1234 524 1284 nostrae
544 1235 662 1304 captum
680 1246 713 1285 su
736 1234 820 1283 erant
838 1222 897 1283 Dei
915 1225 1060 1304 mysteria.
1268 1253 1273 1260 ·

261 1305 309 1366 51.
346 1299 425 1359 Erro
440 1297 569 1358 sabditos
589 1299 658 1363 etto
697 1360 700 1371 ,
738 1320 794 1374 aecx
819 1300 850 1359 in
874 1300 997 1362 salutem
1023 1303 1154 1361 nostram
1177 1313 1314 1382 suscepta

69 1398 71 1408 ¹
184 1373 242 1436 suit
264 1396 280 1435 a
300 1374 420 1437 Christo
444 1375 605 1452 humilitas,
635 1376 716 1457 quod
740 1377 888 1438 Dominus
913 1377 1085 1459 angelorum
1111 1388 1144 1438 et
1167 1391 1255 1460 caput
1281 1399 1313 1439 se

127 1471 129 1478 ’
185 1451 360 1512 mortalibus
380 1453 520 1514 creaturis
545 1453 624 1514 ultro
648 1453 782 1514 subiecit
830 1453 881 1514 Sic
900 1455 979 1514 euim
997 1453 1117 1514 ferebat
1136 1455 1195 1514 Dei
1214 1455 1315 1516 consi-

184 1527 275 1604 lium,
293 1539 328 1588 ut
345 1528 381 1589 ad
401 1524 535 1610 tempus,
551 1542 602 1590 tan
625 1550 691 1592 uam
710 1529 764 1592 suh
784 1531 905 1606 umbra,
923 1529 1030 1594 lateret
1048 1529 1101 1592 suh
1121 1533 1242 1592 nomine
1260 1532 1314 1592 Io-

184 1604 266 1684 seph.
304 1600 368 1664 Etsi
387 1617 485 1668 autem
504 1605 583 1667 nulla
603 1551 754 1668 dtr-issum
771 1607 929 1668 necessitas
949 1608 986 1668 ad
1004 1608 1080 1668 hanc
1098 1607 1315 1692 subiectionem

185 1677 329 1762 cogebat,
353 1682 424 1762 quin
443 1702 475 1744 se
496 1694 598 1763 posset
616 1683 757 1759 eximere,
782 1682 849 1762 quia
868 1694 967 1744 tamen
986 1684 1041 1746 hac
1062 1683 1128 1777 lege
1146 1695 1316 1765 susceperat
1332 1723 1335 1730 ι

184 1755 313 1817 hominis
332 1770 481 1834 naturam,
505 1770 539 1819 ut
556 1757 703 1821 subiectus
723 1771 799 1820 esset
818 1760 1008 1838 parentibus,
1032 1772 1063 1820 et
1081 1761 1167 1822 srmul
1185 1760 1316 1822 hominis

184 1851 220 1894 ac
238 1833 315 1896 servi
334 1855 491 1927 personam
510 1835 672 1912 induerat,
685 1835 783 1916 quoad
802 1835 932 1899 officium
951 1838 1158 1918 Redemptoris
1177 1837 1251 1898 haec
1269 1837 1315 1897 le-

103 1897 110 1924 ¹
184 1909 286 1992 gitima
305 1910 443 1974 Insteius
463 1910 612 1976 carduo„
652 1912 725 1988 Quo
744 1910 883 1974 Iiheotius
902 1913 1003 1976 subire
1027 1935 1083 1980 uos
1102 1914 1203 1992 decet,
1233 1913 1315 1995 quod

185 1987 345 2074 unicuique
362 1987 465 2072 iugum
484 1987 577 2054 fuerit
595 2009 612 2052 a
630 1987 764 2051 Domino
782 1987 963 2070 inpositum
1161 2039 1164 2049 .
1226 2013 1229 2018 ’

490 2359 733 2452 SECTIO
764 2363 833 2452 lv,
861 2379 1010 2454 ‹ar-³2.)
1192 2391 1195 2398 ·

346 2504 482 2605 'iaso
516 2529 766 2636 anrmsnus
800 2549 855 2604 ec
890 2510 1122 2604 anscario.
1264 2615 1268 2622 ⁴

229 2699 313 2782 (27.)
354 2701 526 2771 ΜΑΤΤΗ.
551 2706 604 2770 III.
646 2704 688 2771 1.’
702 2705 740 2772 In
762 2702 878 2772 diebus
900 2692 1091 2774 autemillis
1113 2701 1203 2770 adest
1222 2703 1316 2770 Ioan-

186 2796 247 2864 ne's
267 2800 426 2887 Baptista,
456 2804 649 2890 praedicans
670 2807 705 2870 in
725 2795 857 2870 deserto
876 2804 1035 2883 Iudaeae,
1076 2805 1107 2869 2.
1127 2805 1178 2869 Ao
1197 2795 1318 2885 dicens,

187 2897 426 2968 Paenitentiam
448 2907 546 2990 agite:
574 2906 848 2995 appropinquavit
875 2907 960 2970 euim
980 2925 1113 2990 regnum
1142 2903 1318 2994 coelorum.

188 2999 219 3082 3,
238 2997 323 3064 Nam
341 3001 396 3068 hic
417 3012 465 3071 est
485 3003 559 3086 ille,
586 3005 629 3072 de
650 3024 717 3092 quo
740 3003 860 3070 dictum
887 3013 937 3069 est
963 3004 1006 3070 ab
1026 3007 1130 3071 Iesaia
1146 3005 1319 3091 Propheta,
1400 3057 1401 3114 ,

50 3159 54 3166 .
83 3169 97 3194 Ι
189 3097 246 3194 qui
265 3101 318 3189 ait,
339 3103 414 3171 Vox
426 3104 591 3174 clamantis
609 3109 647 3189 ,in
670 3103 811 3184 deserto,
832 3105 948 3170 Parate
958 3109 1043 3172 viam
1051 3105 1199 3185 Domini,
1214 3116 1321 3172 rectas
1351 3145 1356 3156 ·
1400 3119 1401 3128 ’

189 3197 289 3265 facite
310 3205 439 3284 semitas
461 3197 550 3271 eius„
579 3205 609 3271 4
634 3205 710 3293 Ipse
724 3203 810 3271 sero
830 3204 970 3282 Ioannes
990 3196 1133 3273 hahebat
1151 3205 1322 3272 indumen-

78 3327 95 3395 «ἴ
188 3307 257 3364 tom
278 3322 371 3392 suum
399 3324 437 3368 ex
463 3303 539 3391 piIis
567 3304 779 3386 camelorum,
810 3316 843 3371 et
868 3305 1180 3395 zonam'pelliceam
1201 3308 1321 3372 circum

142 3471 146 3482 x
188 3393 436 3471 lumbos.„suos:
468 3402 560 3471 cibus
593 3415 701 3472 autem
736 3415 806 3472 erat
836 3403 984 3474 locustae
1013 3419 1046 3482 et
1070 3407 1141 3492 mel¹
1160 3406 1319 3474 siIvestre.
1359 3481 1361 3488 ,

188 3498 225 3564 ὃς
242 3499 338 3566 'Iunc
373 3516 579 3588 egressaest
607 3506 648 3573 ad
679 3529 761 3586 eum·
780 3505 1013 3594 Hierosolyma
1041 3515 1074 3572 ct
1099 3517 1168 3573 tota
1191 3507 1321 3588 Iudaea,

188 3609 323 3688 totaque
343 3605 435 3689 regio
459 3608 690 3674 circumiacens
708 3607 855 3688 Iordani,
885 3607 928 3673 o.
954 3608 997 3674 Et
1012 3597 1266 3695 haptizahaotur
1285 3608 1321 3675 in

129 3723 130 3728 ¹
188 3701 329 3770 Iordane
350 3702 393 3770 ah
415 3704 482 3785 illo,
502 3709 695 3775 confitentes
716 3719 849 3799 peccata
869 3730 938 3774 sua.

273 3833 403 3904 MARC
425 3840 448 3908 1.
490 3839 519 3906 1.
544 3841 673 3909 Initium
694 3840 865 3929 Evangelii
893 3844 968 3908 Iesu
989 3836 1125 3934 Christi,
1151 3840 1228 3908 Filii
1247 3833 1322 3920 Dei.
1400 3867 1401 3936 J

112 4011 114 4014 ¹
189 3935 334 4003 astaus
354 3941 416 4020 scri
440 3939 576 4008 tum'est
596 3943 838 4031 inProphetis,
864 3941 952 4008 Ecce
974 3964 1035 4029 ego
1057 3947 1147 4010 mitto
1174 3945 1321 4008 rruutium
1400 3959 1401 4026 t

189 4057 304 4102 meum·
318 4049 393 4124 ante
414 3962 530 4106 ihciom
544 4033 646 4122 tuam,
666 4041 955 4132 qui'praeparabit
970 4047 1054 4108 viam
1075 4053 1162 4110 tuam
1186 4052 1259 4110 ante
1279 4051 1321 4107 te.
1400 4117 1401 4122 γ

125 4219 133 4231 l
190 4135 223 4230 3ξ
241 4137 317 4204 Vox
337 4136 502 4207 clamantis
522 4144 557 4208 in
576 4141 723 4223 deserto,
741 4144 859 4208 Parate
878 4145 962 4214 viam
980 4141 1131 4222 Domini,
1151 4135 1257 4213 rectas
1276 4141 1323 4206 fa·
1400 4135 1401 4142 '

181 4231 256 4320 otte
281 4241 410 4305 semitas
430 4244 508 4308 eins.
550 4245 580 4310 4.
597 4241 792 4330 Baptizabat
811 4243 951 4328 Ioannes
972 4241 1175 4331 iudeserto,
1194 4231 1322 4332 praedi-

193 4341 271 4426 98118
289 4332 488 4437 ,baptismum
524 4345 744 4431 poeuIteutIae
761 4409 765 4416 ,
782 4345 817 4413 in
850 4343 1071 4415 remissionem
1108 4341 1326 4434 peccatorum·
1380 4358 1382 4368 ’
