2824 4756
129 221 187 316 Υ8
338 207 1109 310 sacmon.tosuu1snma1siaruarams.
1179 245 1183 258 “

240 369 288 455 ld·
315 366 375 458 ‚Nc
397 371 515 450 dmm,
538 375 701 443 luctata.
737 377 912 448 Notandum
932 400 992 465 est,
1020 390 1080 451 Dei
1104 391 1228 474 gloriam
1247 387 1293 454 ita'

166 436 382 504 formidabilem
402 467 465 510 esse
484 451 613 532 Sanctis,
631 469 666 517 ut
685 478 746 520 non
766 482 885 541 prorsus
904 465 1116 530 absorbeantur
1134 489 1151 529 a
1170 490 1292 550 pavore,

166 515 219 577 sed
237 529 351 580 tantum
376 534 410 584 ut
434 523 514 587 inani
532 529 635 594 fiducia
654 534 760 597 deiecti
786 538 933 602 humiliter
952 562 1018 603 eum
1037 545 1202 626 suspiciant.
1241 546 1291 606 Si-

166 591 234 650 mul*
253 613 325 677 crgo
350 619 384 660 ac
408 603 499 664 carnis
527 609 693 688 superbiam
721 615 877 693 prostravit
901 612 981 680 Deus
1005 620 1037 680 io
1062 622 1121 682 suis
1145 621 1293 699 fidelibus,

167 683 305 748 porrecta
324 696 411 736 manu
431 697 481 738 eos
499 683 618 745 excitat:
638 707 704 747 curn
724 691 859 770 reprobis
879 695 963 754 aliter
981 697 1050 780 agit
1087 699 1162 759 Nam
1175 697 1290 778 quoties

167 741 202 804 ad
217 744 420 840 Dei'tribunal
439 755 606 836 trabuntur,
627 782 677 824 eos
698 781 777 828 meta
797 768 898 830 obruit
917 772 1093 852 desperatio,
1112 788 1200 855 atque
1216 775 1294 857 hanc,

167 819 249 882 Deus
273 838 376 887 rustam
403 835 568 895 mercedem
593 859 625 898 ce
648 841 729 901 endit
751 845 830 906 vanis
857 867 959 908 eorum
984 850 1109 928 solatiis,
1132 851 1238 932 quibus
1256 871 1290 912 se

59 930 63 944 s
167 897 204 956 ad
235 904 376 1034 peccandi
392 903 545 971 ‘lasciviam
576 861 734 977 inebriant.
782 922 883 996 Quare
913 924 986 987 baec
1013 926 1099 990 nobis
1124 928 1289 990 consolatio

167 991 233 1054 amp
248 981 367 1042 ectaoda
387 995 441 1059 est,
462 1007 517 1066 qua
530 990 693 1054 Zachariam
705 994 837 1078 Angelus
855 998 997 1075 sublevat,
1017 1025 1078 1064 non
1099 1025 1161 1066 esse
1179 1005 1290 1065 timen-

134 1061 143 1082 ⁸
168 1049 247 1126 dum,
266 1051 317 1114 ubi
337 1057 422 1118 nobis
444 1066 588 1146 propitius
608 1082 651 1129 est
670 1065 761 1133 Deus.
800 1076 925 1138 Multum
945 1081 1022 1140 enirn
1043 1101 1074 1140 se
1094 1081 1208 1156 fallunt,
1228 1083 1290 1162 qui,

151 1136 292 1208 .11tpace
312 1132 456 1212 fruantur,
476 1159 508 1199 se
527 1142 805 1212 absconduutaDei
825 1153 908 1230 facie,
928 1179 1017 1237 quum
1037 1157 1123 1229 nobis
1143 1179 1197 1239 pax
1211 1160 1290 1240 apud

166 1210 467 1302 eumpuaeretrdasit.
504 1215 714 1284 Exuumtoest
729 1233 857 1304 proemio
875 1245 933 1293 tou.
972 1234 1290 1314 Perperamctcontra

165 1278 257 1368 pllicn
276 1298 484 1350 sulcationem
505 1293 607 1358 fecisse
626 1301 718 1362 videri
737 1307 830 1385 possit
848 1309 1015 1386 Zacharias,
1040 1311 1064 1372 si
1085 1311 1289 1372 sanctuarium

163 1375 325 1454 rngressus²
348 1365 438 1426 totius
454 1373 561 1450 'populi
583 1379 797 1461 nomine,'pro
822 1383 1004 1467 impetranda
1022 1386 1127 1448 sobole
1152 1399 1200 1448 tau
1223 1411 1289 1449 uam
1388 1379 1392 1395 ’

163 1428 254 1493 bomo
278 1449 404 1514 pravatus
430 1450 571 1513 oraverit:
601 1453 730 1516 debebat
753 1459 830 1520 enim
855 1464 990 1524 sacerdos
1014 1475 1146 1544 suscepta
1169 1409 1290 1544 publica

163 1527 300 1602 P‘fsqnaa
319 1523 456 1609 tanquam
476 1526 520 1583 sui
533 1525 652 1606 oblitus,
692 1554 726 1594 ro
747 1541 894 1599 communi
906 1541 1056 1600 Ecclesiae
1074 1542 1166 1600 salute
1207 1561 1289 1604 reccs

166 1603 334 1678 concipere.
374 1595 407 1656 δι
427 1597 562 1680 dicamus,
582 1607 656 1667 nibil
676 1631 708 1668 ru
728 1629 765 1670 eo
786 1613 874 1674 luisse
892 1615 1021 1694 absurdi,
1062 1618 1121 1681 uod
1136 1561 1290 1681 Zadbarias

162 1680 324 1758 praecipua·
351 1673 456 1734 orandi
484 1692 567 1758 parte
599 1683 754 1747 defunctus
784 1692 913 1752 secundo
940 1693 1008 1758 loco
1035 1638 1127 1755 desc
1152 1694 1289 1774 privatim

164 1748 351 1828 ⁰⁰3¹{2V011ls
378 1769 439 1809 non
463 1752 566 1837 inepta
590 1760 648 1820 crit
670 1762 789 1824 solutio.
827 1766 887 1828 Sed
907 1769 951 1830 vix
974 1770 1128 1850 probabile
1148 1782 1208 1844 est,
1232 1773 1288 1832 Za-

163 1810 289 1876 cbarranr
308 1831 381 1886 tunc
400 1829 454 1906 pr'o
475 1831 535 1892 filio
555 1834 741 1916 impetrando
754 1862 868 1918 orasse,
888 1845 924 1904 de
945 1868 1004 1927 quo
1025 1842 1226 1930 desperaverat
1245 1848 1286 1909 ob

163 1906 330 1985 Pf⁰vectam
351 1903 447 1964 uxoris
466 1920 606 1986 aetatem,
625 1933 681 1989 nec
700 1935 770 1976 sane
790 1937 824 1978 ex
842 1922 1067 2004 verbis'tlngeli
1087 1919 1202 1985 elicitur
1221 1944 1287 1984 cer-

162 1975 224 2052 tum
244 1969 364 2059 aliquod
383 1987 524 2064 temporis
547 2002 738 2052 momentum.
784 1993 885 2070 Quare
904 2000 1076 2080 simpliciter
1096 2001 1296 2082 interpretor,

164 2046 328 2108 exauditum
347 2055 464 2117 tandem
484 2052 572 2124 luisse
584 2078 695 2143 votum,
715 2071 795 2148 quod
815 2072 872 2134 iam
892 2096 908 2136 a
928 2075 1021 2137 multo
1041 2089 1176 2156 tempore
1189 2095 1287 2138 eoram

162 2115 229 2181 Deo
251 2125 406 2219 effuderat.
443 2132 540 2200 Porro
560 2143 762 2224 suscipiendae
802 2149 871 2209 colis
891 2153 1080 2228 desiderium,
1100 2153 1190 2214 modo
1211 2153 1287 2214 absit

163 2211 308 2285 f¹⁰e⁵⁵¹¹⁸a
334 2225 414 2342 prum
436 2223 466 2270 et
489 2229 619 2278 sanctum
641 2241 703 2282 esse
723 2223 863 2304 colligere
883 2229 951 2291 licet
971 2248 1004 2289 ex
1025 2230 1191 2310 Scriptura,
1211 2245 1287 2310 quae

161 2282 241 2332 ΜΓ
258 2276 317 2338 De¹
358 2285 558 2355 enedictiores
582 2294 658 2358 banc
677 2320 738 2360 non
763 2303 867 2366 ultimo
887 2304 955 2366 loco
976 2318 1119 2368 numerat.
1160 2306 1289 2374 Vocubis

69 2429 72 2440 ,
161 2367 265 2444 ''⁰¹⁸5'‘
282 2359 343 2418 ⁰²⁸²&
360 2359 511 2452 {Oannenm
553 2372 670 2433 Nomen
689 2377 837 2457 Baptistae
856 2382 1026 2464 impositum
1048 2383 1135 2454 fuisse
1155 2384 1285 2444 existimo

161 2425 198 2484 ad
216 2450 275 2490 vim
296 2436 387 2498 osfictl
406 2440 466 2504 elus
487 2452 756 2514 commendandam.
802 2477 918 2538 *pp-nm,
937 2481 991 2538 pro
1005 2481 1064 2540 quo
1078 2458 1186 2522 Graeci
1197 2461 1288 2521 Ioan-

50 2561 56 2568 .
161 2529 229 2600 ¹?em
250 2515 533 2598 dicunt‚·Hebraeis
556 2549 642 2598 sonat
666 2537 789 2600 Dmnim'
803 2545 944 2618 grafium*
986 2545 1045 2604 sed
1071 2544 1155 2605 mum
1173 2545 1214 2605 ⁵l⁰
1233 2566 1287 2617 vo·
1368 2567 1376 2586 ⁸

161 2594 258 2649 catum
283 2595 370 2660 luisse
397 2617 501 2681 putant
526 2611 617 2674 lilium
641 2615 814 2693 Zachariae,
846 2619 927 2698 quasi
946 2620 1014 2682 Deo
1035 2620 1181 2682 dilecturis.
1218 2619 1286 2702 Eg⁰

161 2675 330 2764 autemnon
344 2679 477 2770 gratiam,
498 2707 555 2766 qua
596 2688 707 2750 rivatim
720 2691 852 2774 diguatus
866 2708 909 2756 est
928 2696 1010 2758 illurn
1023 2697 1114 2773 Deus,
1131 2719 1286 2776 „cmm”

114 2809 120 2832 ἱ
161 2737 256 2829 datam
277 2745 363 2810 sursse
384 2759 525 2836 existimo,
541 2711 594 2824 sel
614 2787 699 2856 quam
721 2767 780 2828 eius
800 2771 910 2850 legatio
930 2772 1123 2838 allaturaerat
1139 2773 1285 2836 omnibus.
1315 2799 1317 2804 '

98 2881 101 2886 Ι
192 2835 231 2874 rm
250 2831 348 2884 autem
367 2839 398 2888 et
416 2835 532 2910 pondus
552 2843 680 2903 nominis
703 2854 820 2925 tempos
845 2847 1017 2927 amplificat,
1041 2851 1108 2932 (luia
1129 2865 1286 2933 ante(luam

161 2905 297 2957 nascatur
315 2903 425 2984 gratiae
443 2929 513 2972 suae
531 2916 696 3000 symbolum
714 2920 757 2981 illi
776 2923 858 2986 Deus
877 2923 1024 3008 insculpit.

137 3194 142 3200 .
202 3137 264 3218 (3.)
284 3136 385 3208 LUC·
406 3141 430 3206 I.
471 3142 521 3208 ll.
551 3141 594 3208 Et
612 3139 683 3210 ⁴'erit
709 3145 859 3231 gaudium
885 3147 947 3218 tibi
978 3162 1011 3220 et
1038 3151 1223 3232 exsultatio,
1250 3164 1285 3220 et

4 3235 6 3244 ’
119 3263 121 3269 ’
159 3237 251 3302 multi
268 3243 448 3325 supet-cius
467 3247 634 3312 nativitate
656 3245 852 3333 gaudebunt.
895 3252 945 3317 15.
965 3253 1036 3325 Erit
1054 3259 1139 3321 enim
1150 3277 1283 3342 magnus

73 3325 82 3336 ’
158 3357 266 3403 coram
288 3339 450 3422 Domino,
472 3356 505 3410 et
524 3350 634 3415 vinum
660 3350 858 3437 siceramque
884 3353 1080 3442 nonbibet:
1109 3369 1142 3422 ct
1163 3357 1285 3446 Spiritu

158 3448 270 3535 sancto
292 3441 472 3527 replebitur
492 3449 556 3512 iam
577 3447 655 3514 inde
677 3450 718 3515 ab
749 3462 843 3521 utero
871 3457 979 3520 matris
997 3461 1092 3536 suae,
1126 3456 1175 3522 16.
1196 3456 1283 3550 Mul-

156 3549 272 3626 tosquc
301 3541 444 3612 filiorum
472 3547 579 3612 Israel⁴
599 3563 766 3618 convertet
791 3553 833 3619 ad
860 3553 1035 3622 Dominum
1063 3551 1171 3622 Derim
1196 3560 1285 3643 ipso-

157 3663 236 3707 rum.
283 3641 333 3708 17.
363 3643 404 3709 Et
432 3647 502 3732 ipse
523 3652 698 3734 praecedet
721 3666 794 3722 ante
816 3655 907 3722 illum
929 3679 1000 3722 curn
1023 3657 1145 3743 Spiritu
1167 3669 1199 3722 et
1219 3661 1284 3722 vir·

157 3752 224 3808 tute
245 3737 351 3823 Elias,
378 3756 414 3812 ut
441 3735 607 3814 ¹convertat
638 3753 737 3847 corda
763 3768 890 3843 patrum
907 3757 951 3824 ad
978 3756 1079 3848 filios,
1108 3769 1140 3824 et
1166 3757 1291 3848 inobes

4 3833 5 3836 ’
64 3865 66 3870 ·
129 3842 283 3910 dientes
305 3845 347 3910 ad
374 3847 577 3932 prudentiam
597 3854 766 3935 iustorum,
800 3867 836 3922 ut
864 3868 957 3944 paret
976 3859 1120 3928 Domino
1149 3859 1291 3948 plebem.

153 3945 338 4028 perfectam·
633 3951 638 3961 ’
1082 3973 1094 3998 ³

4 4073 8 4148 t

167 4131 169 4138 ’
208 4125 276 4201 ‘rc
312 4135 383 4196 aa
404 4090 456 4196 su
475 4135 625 4214 gamem.
676 4131 833 4209 cauatam·
846 4149 946 4212 naus
978 4150 1112 4236 assigna
1135 4149 1280 4290 asperus,

157 4214 348 4347 quam—‘puod
377 4215 530 4307 percipere
555 4219 705 4282 Zacbarias
731 4237 852 4306 poterat
879 4247 912 4286 ex
936 4247 1013 4288 nova
1039 4225 1159 4290 sobole:
1204 4227 1281 4320 ,lium

158 4305 236 4344 cnam
261 4312 270 4345 r
294 4289 389 4350 ilore
420 4294 578 4376 significat,
603 4297 717 4380 qualem
741 4323 780 4362 ne
800 4315 904 4384 optare
924 4303 1043 4383 quidem
1067 4325 1152 4365 ausus
1170 4302 1293 4367 luisset.-

154 4360 225 4423 Mox
244 4363 332 4426 etiam
350 4365 427 4430 ultra
445 4373 646 4456 progreditur,
664 4396 728 4440 non
747 4379 813 4444 lore
829 4378 1020 4444 domesticum
1039 4380 1116 4446 istud
1135 4380 1282 4464 gaudium,

424 4675 432 4705 l
