2808 4748
197 327 254 392 140
445 261 455 284 ⁸
652 291 804 359 suerro
824 291 878 350 vr.

221 459 379 543 raeceptis:
399 471 499 516 sensus
517 457 615 510 tamen
627 444 720 506 clarus
732 451 786 515 est,
805 436 947 497 reiectum
963 430 998 490 iri
1008 439 1148 508 tanquam
1164 429 1317 502 postremos

199 489 371 610 bominum,
390 533 441 613 qui
461 527 550 610 Legis
570 523 734 584 doctrinam
754 515 799 578 vel
819 513 849 574 in
869 531 926 571 una
945 505 1055 588 syllaba
1074 493 1317 578 contemptibilem

203 613 396 682 reddiderint.
435 607 572 682 Regnum
594 599 737 660 coelorum
759 611 816 674 pro
836 583 985 650 Ecclesiae
1008 576 1204 642 renovatione
1224 571 1318 650 accipi·
1367 575 1368 582 ’

203 709 269 769 tur,
299 690 346 752 vel
369 683 500 749 seeundo
524 677 673 740 Ecclesiae
696 683 788 745 statu,
819 663 912 746 qualis
942 663 998 723 iam
1027 671 1098 718 tunc
1128 651 1268 734 surgebat
1288 645 1316 704 ab

203 766 357 852 Evangelii
375 757 605 846 praedicatione.
644 752 691 812 lta
709 749 808 809 Lucae
826 751 860 816 7,
878 746 944 816 28,
967 737 1109 797 maiorem
1127 729 1244 788 Ioanne
1262 723 1317 782 iacit

205 848 355 920 Christus,
381 840 431 921 qui
454 835 591 898 minimus
617 828 714 890 estin
739 839 834 904 regno
859 811 928 878 Dei.
966 813 1055 874 Ratio
1075 803 1257 886 loquutionis
1276 811 1317 871 est,

205 927 275 1022 qnia
292 922 389 992 Deus,
412 913 554 975 mundum
573 907 640 968 Filii
659 905 702 964 sui
720 919 810 960 manu
829 899 1007 966 instaurans,
1032 899 1159 969 regnum
1179 899 1259 942 snum
1278 897 1316 936 so-

206 1003 265 1064 lrde
285 994 447 1060 constituit.
491 989 573 1068 Ergo
595 982 727 1044 Christus
755 977 787 1035 in
806 972 968 1036 Ecclesiam
993 987 1089 1040 suam,
1113 961 1169 1020 ubi
1192 964 1315 1018 renovata

208 1078 308 1152 luerlt,
327 1066 522 1134 admittendos
542 1069 630 1144 negat
648 1057 802 1125 doctores,
829 1050 884 1111 ursi
904 1047 954 1128 qui
973 1043 1024 1105 fidi
1044 1050 1139 1101 erunt.
1180 1033 1264 1115 Legis
1282 1033 1317 1088 in·

206 1163 352 1236 terpretes
386 1157 417 1207 et
445 1145 589 1225 integram
619 1134 679 1194 eius
694 1130 871 1192 ‘doctrinam
895 1125 1023 1186 asserere
1055 1114 1224 1179 studebunt.
1270 1103 1316 1166 Sed

207 1230 370 1313 quaeritur,
388 1243 426 1302 an
445 1229 508 1281 nod
528 1211 713 1276 ceremoniae
732 1209 812 1268 inter
829 1213 987 1286 praecepta
1004 1197 1062 1257 Dei
1082 1196 1195 1264 forent,
1215 1201 1317 1267 marum

206 1323 307 1370 tamen
325 1300 445 1363 minime
463 1291 604 1376 exigenda
624 1299 669 1352 est
686 1279 952 1346 nuncobservatio.
990 1269 1183 1353 Respondeo,
1202 1274 1317 1344 spectan-

209 1385 279 1446 dum
305 1397 370 1442 esse
389 1369 578 1454 Legislritoris
603 1363 757 1428 consilium
783 1373 813 1421 et
836 1358 941 1418 linem:
967 1373 1035 1415 nam
1060 1348 1129 1429 quia
1156 1336 1317 1404 ceremonias

107 1505 110 1514 ι
230 1457 361 1538 raecepit
378 1453 475 1524 Deus,
505 1459 539 1506 ut
553 1439 730 1524 'temporalis
756 1447 831 1500 esset
851 1446 985 1494 externus
1011 1444 1111 1489 earnm
1130 1441 1215 1493 ustas,
1244 1412 1317 1496 sigui-

209 1485 306 1612 Ecatio
327 1542 423 1591 autem
443 1537 578 1596 aeterna,
598 1535 660 1580 non
680 1515 767 1579 solvit
786 1509 983 1583 ceremonias,
1008 1503 1057 1586 qui
1076 1519 1187 1562 earum
1199 1493 1317 1554 ellectum

211 1615 341 1676 retinens
381 1603 441 1665 uod
460 1597 617 1663 umbratile
638 1603 682 1655 est
701 1587 819 1654 uniittit
862 1589 924 1648 lam
944 1605 1034 1664 quum
1059 1593 1190 1658 aregno
1215 1589 1264 1632 suo
1282 1585 1318 1624 tx·
1367 1591 1368 1632 t

209 1688 348 1752 terminet
357 1628 502 1754 Ebristus,
522 1677 573 1757 qui
593 1674 629 1735 ad
649 1671 737 1753 Legis
757 1675 959 1746 contemptum
978 1655 1174 1720 assuefaciunt
1194 1646 1317 1710 homines,
1367 1639 1368 1718 ζ

211 1762 397 1849 prodigiosus
418 1769 462 1818 est
487 1774 589 1816 eorum
614 1762 734 1830 stupor,
765 1765 837 1825 quos
866 1761 927 1800 non
959 1736 1052 1820 pudet
1074 1730 1217 1808 sacrilega
1239 1715 1319 1781 indul-

170 1855 172 1862 '
211 1837 491 1926 geutla'remlttcre,
511 1825 592 1910 qnod
604 1829 685 1886 Dens
705 1839 805 1882 severe
820 1817 925 1900 exigit,
945 1827 975 1874 et
993 1807 1114 1874 venialis
1135 1801 1232 1866 delicti
1250 1812 1317 1880 prae

212 1929 293 1979 textu
306 1913 393 1995 Legis
405 1908 545 1971 iustitiam
587 1899 760 1964 essumdase.
799 1897 909 1954 Rursus
922 1890 1086 1952 notandum
1099 1898 1154 1958 est,
1175 1877 1250 1964 quod
1264 1887 1318 1954 pro·
1367 1885 1368 1896 ¹

214 1995 259 2056 bis
277 2009 312 2053 ac
330 1990 437 2052 sanctis
457 1925 628 2045 doctoribus
647 1977 751 2038 tribuit
772 1973 916 2054 elogium:
937 1983 1045 2048 nempe
1066 1964 1147 2044 quod
1168 1961 1202 2020 ad
1220 1967 1319 2016 seman-

213 2072 278 2132 dam
298 2070 410 2149 Legem
429 2080 492 2123 non
511 2057 611 2122 verbis
629 2064 743 2117 tantum
768 2051 925 2112 hortentur
948 2044 1101 2116 homines,
1125 2039 1176 2102 sed
1199 2021 1318 2112 imprimis
1367 2053 1368 2060 κ

214 2150 289 2210 vitae
310 2137 455 2224 exemplo.

256 2413 339 2500 (dd)
380 2400 553 2475 Martii.
574 2401 615 2466 V.
658 2399 709 2466 20.
728 2397 815 2462 Dico
838 2395 922 2460 enim
937 2387 1041 2467 vobis,
1061 2387 1139 2473 quia
1159 2381 1219 2448 nisi
1238 2369 1318 2438 abun·
1367 2433 1368 2436 ,

218 2517 343 2585 daverit
362 2509 483 2582 iustitio
503 2515 610 2570 vestra
625 2499 699 2588 plus
720 2517 813 2587 quam
833 2489 1016 2562 Scribarum
1038 2500 1072 2554 et
1090 2485 1320 2554 Pharisaeorum

217 2635 286 2684 non
306 2611 468 2680 intrabitis
488 2609 522 2672 in
544 2625 678 2692 regnum
706 2599 881 2668 coelorum.
928 2596 979 2660 21.
1002 2590 1164 2664 ‘Audistis
1192 2573 1327 2668 quoniam,

218 2715 338 2784 dietum
360 2722 409 2776 est
430 2705 576 2792 antiquis,
597 2702 675 2770 Non
696 2701 841 2770 occides:
872 2699 927 2786 qui
945 2707 1050 2760 autem
1072 2686 1238 2756 occiderit,
1263 2683 1320 2736 reus

217 2818 281 2883 erit
307 2809 438 2876 iudicio.
497 2808 548 2872 22.
584 2801 656 2890 Ego
684 2813 790 2866 antem
809 2800 884 2864 dico
906 2796 1017 2875 vobis,
1043 2798 1121 2882 quia
1141 2787 1255 2856 omnis,
1279 2765 1320 2854 qui
1367 2769 1368 2774 ἵ

220 2915 367 2978 irascitur
386 2907 477 2973 fratri
498 2926 567 2985 suo,
587 2923 662 2968 reus
685 2905 745 2966 crit
766 2897 901 2965 iudicio:
923 2901 979 2985 qui
1001 2907 1108 2962 autem
1121 2889 1232 2958 dixerit
1250 2865 1321 2940 fratri
1367 2923 1368 2936 .

219 3035 279 3080 suo
300 3009 412 3088 racha,
437 3029 514 3075 reus
536 3007 596 3072 erit
617 3001 773 3072 ennodio:
800 3001 856 3088 qui
878 3010 984 3066 autem
1006 2997 1121 3064 dixerit
1142 2989 1240 3060 fatue,
1264 2985 1322 3039 rell
1367 2987 1368 2994 ’

221 3115 283 3180 erit
303 3110 472 3198 gehennae
493 3111 584 3195 ignis

1228 3327 1238 3373 t
1253 3255 1323 3380 Legi

222 3422 380 3512 dissipabo·
405 3421 484 3512 ‘blac
504 3421 540 3479 de
564 3417 668 3497 requi
691 3429 736 3475 ena
761 3435 822 3476 non
842 3414 987 3494 disputat,
1011 3409 1062 3470 sed
1078 3417 1198 3467 tautum
1216 3381 1323 3452 breviter

222 3498 364 3592 ostendrt,
383 3497 456 3556 mbrl
474 3496 570 3555 minus
589 3493 619 3554 in
641 3513 743 3554 eorum
764 3493 865 3553 animis
885 3508 1010 3572 regnare
1030 3503 1115 3567 quam
1128 3481 1170 3539 Le
1193 3473 1214 3532 's
1232 3460 1322 3536 zelum?

221 3597 280 3640 ²⁰⁸¹
298 3572 537 3664 ὼῑῖΜῑνΜίὴί
567 3593 598 3634 se
623 3570 746 3631 infestos
771 3589 834 3630 esse
856 3566 1008 3640 simulant,
1036 3563 1104 3642 qnia
1129 3495 1223 3615 nolit
1239 3532 1321 3600 vl⁰l³¹¹

168 3685 173 3699 «
221 3654 346 3745 Legem:
367 3661 448 3730 atqup
468 3669 502 3708 ex
521 3669 625 3709 eorum
642 3649 701 3709 rita
722 3659 854 3728 apparet,
874 3665 960 3724 quam
980 3640 1086 3722 frigide
1105 3635 1212 3712 Legem
1231 3611 1321 3696 ⁶⁰¹³,ll’

222 3749 283 3789 amo
304 3743 512 3817 quam-secure
531 3725 655 3786 illudant
672 3725 758 3800 Deo,
784 3723 853 3782 dum
871 3741 903 3782 se
930 3719 1037 3780 larvata
1057 3735 1089 3775 ae
1114 3703 1213 3770 ficticia
1235 3691 1321 3752 tusum
1367 3755 1368 3772 Χ

223 3804 300 3885 apud
325 3805 459 3896 bomines
478 3803 645 3864 venditant:
675 3801 717 3862 sic
740 3799 874 3882 plerique
898 3799 1084 3876 interpretes.
1123 3782 1181 3845 Sed
1199 3769 1319 3848 vides,ln
1367 3823 1368 3828 1

222 3897 286 3941 nora
310 3892 447 3940 vrtrosurn
471 3879 598 3940 docendi
622 3899 715 3972 genus
739 3877 829 3959 magis
854 3872 1016 3946 insimulet,
1042 3887 1100 3951 quo
1126 3851 1259 3941 populum
1279 3850 1321 3892 ¹¹1¹·

222 3955 350 4017 buerant
366 3956 515 4018 Pharisaei
535 3967 565 4015 et
583 3955 705 4016 scribae.
740 3955 818 4014 'Nam
837 3971 927 4032 quum
939 3939 1051 4032 Legem
1061 3939 1119 4005 Dei
1137 3909 1321 4053 restringerffll

223 4043 338 4124 tantem
358 4033 393 4093 ad
413 4046 532 4094 externa
552 4032 665 4107 officia,
698 4029 856 4111 discipulos
880 4049 949 4088 suos
969 4025 1052 4106 quasi
1074 4014 1167 4080 simias
1189 4003 1223 4065 ad
1263 3999 1320 4070 lP⁰'

224 4127 314 4198 erasm
332 4110 511 4201 spernebant.
548 4109 617 4170 Non
637 4107 755 4169 inficior
774 4106 892 4188 quidem
911 4123 1004 4183 aeque
1023 4109 1186 4182 perperam,
1210 4059 1320 4153 5¹¹⁰‚l²‘

204 4194 321 4274 ‘tersus
334 4207 436 4280 vnisse
448 4207 535 4269 quam
555 4186 718 4247 docebant:
739 4185 808 4244 ideo
829 4182 957 4243 libenter
967 4181 1099 4238 sucosam
1119 4165 1200 4228 salsae
1217 4143 1319 4211 iusttllae
1367 4169 1368 4236 p

226 4269 453 4355 ostentationem
486 4288 552 4326 cum
577 4261 712 4345 perversa
738 4261 872 4320 doctrina
897 4255 1090 4336 complector.
1132 4230 1218 4314 Quod
1240 4220 1321 4282 ΜΝ
1367 4239 1368 4300 ἦ

224 4351 379 4419 P‘leffll’uss
399 4362 430 4400 ¹ss
451 4345 526 4404 llanc
544 4341 697 4432 invphatur
716 4328 867 4412 Christus,
892 4327 1134 4412 exsequentibus
1155 4307 1233 4374 facite
1250 4290 1324 4375 lael*

226 4401 278 4464 “l''
297 4407 406 4490 ¹⁴‘B‘ffl
426 4424 623 4504 “purgensis
644 4415 738 4498 pravis
758 4433 860 4476 eorum
884 4409 1055 4472 commentis
1079 4413 1144 4463 suae
1162 4370 1269 4470 pullffll
1285 4375 1323 4417 ‘⁶'

295 3267 400 3330 Masrt.
418 3272 466 3334 20.
504 3265 574 3357 Nisi
591 3258 786 3323 dodonec.
829 3251 1006 3340 Perstringit
1023 3211 1148 3324 scribas,
1173 3216 1220 3326 qui

220 3347 277 3408 lam
297 3345 451 3436 Evprgebr
474 3344 626 3404 doctrinae
651 3361 680 3399 as
705 3357 808 3421 ergerc
826 3335 1040 3404 moliebantur,
1066 3329 1224 3410 quesierat

1136 4673 1144 4706 l
