2816 4746
171 293 193 352 ι
220 351 224 354 .
615 275 671 340 ιο.
693 275 863 342 canum

137 449 139 456 ’
175 427 323 492 fabulosas
341 423 480 487 historias
499 423 586 503 (quas
604 422 747 506 rnlgoLe
769 421 978 484 endasAureas
999 421 1125 483 barbaro
1144 421 1304 499 vocabulo,
1400 427 1401 468 l

115 535 121 547 ·
178 501 432 588 egoAblegandas
451 500 623 562 stercoreas
643 443 775 582 appelltss
795 499 935 571 conflare,
955 519 989 559 ac
1007 499 1125 564 tandem
1145 500 1232 560 etiam
1250 519 1304 560 ve-

151 609 159 646 ι
176 595 273 643 terum
293 575 417 651 deorum
440 575 520 638 idola
539 577 655 637 mutatis
674 587 788 636 tantum
810 575 978 636 nominibus
1001 575 1033 635 in
1052 598 1136 636 usum
1155 596 1303 638 revocare.

177 659 252 719 Tam
270 654 362 738 igitur
380 655 514 714 absumus
535 655 570 713 ab
591 654 652 713 istis
671 665 855 712 mortuorum
867 651 1038 726 cultoribus,
1059 674 1144 732 quam
1160 653 1302 714 tenebrae

175 735 235 795 luci
255 753 328 812 repn
351 742 429 792 nant.
473 727 550 789 Illud
577 732 653 789 enim
684 729 870 790 severissimis
895 728 997 788 additis
1025 730 1303 790 comminationibus

170 809 316 892 prohibet
371 807 500 868 ominus:
526 827 581 866 nos
600 806 667 864 Deo
691 804 805 865 iubenti
829 805 861 864 in
886 805 976 885 ipsius
1001 826 1092 885 opera
1118 807 1252 886 corporis
1273 817 1304 866 et

175 885 282 948 mentis
303 885 404 946 oculos
423 881 577 962 intendere
587 882 786 961 obsequimur.
824 882 920 942 Nemo
941 881 1019 940 enim
1039 893 1093 955 est,
1113 883 1232 962 opinor,
1251 883 1304 962 qui
1400 931 1401 948 ,

176 985 239 1024 non
269 962 401 1022 homines
420 961 506 1031 linter
531 960 628 1018 omnia
646 958 706 1019 Dei
733 978 841 1038 opera,
872 969 901 1018 et
926 979 1040 1020 rursum
1054 959 1143 1036 ,inter
1172 969 1321 1019 caeteros*

175 1039 315 1100 mortales
335 1059 397 1112 eos,
438 1034 468 1096 ui
487 1037 640 1095 sanctitate
659 1034 743 1096 simul
763 1056 796 1094 ac
809 1035 944 1095 doctrina
962 1034 1088 1114 pollent,
1108 1035 1230 1095 maxime
1246 1057 1302 1095 no-

110 1139 114 1146 *
174 1117 220 1176 bis
240 1057 464 1198 cognoscendos
484 1122 515 1170 et
529 1111 725 1172 observandos
747 1131 808 1171 esse
828 1107 962 1171 fateatur.
1001 1112 1075 1170 Non*
1090 1123 1202 1171 temere
1222 1122 1303 1172 certe

174 1192 283 1252 Daniel
308 1189 402 1251 stellis
429 1200 577 1266 comparat
600 1201 717 1250 sanctos
735 1188 794 1247 Dei
813 1187 963 1264 homines,
1017 1188 1046 1246 ui
1070 1187 1218 1248 felicitatis
1244 1188 1302 1246 iter
1400 1259 1401 1264 η

174 1291 228 1330 auo
247 1265 405 1350 splendore
424 1265 547 1326 caeteris
557 1276 801 1326 commonstrent:
823 1285 948 1345 quorum
968 1209 1116 1346 sdlgorem
1136 1265 1186 1344 qui
1204 1276 1301 1324 totum

150 1345 153 1350 ’
175 1343 318 1426 exstingui
337 1353 434 1402 morte
445 1340 606 1420 patiuntur,
625 1341 707 1424 digni
726 1354 794 1402 sunt
814 1362 888 1422 quos
907 1340 1049 1401 tenebrae
1070 1363 1184 1401 rursum
1204 1340 1297 1400 multo
1400 1381 1401 1384 η

174 1443 260 1514 quam
279 1430 365 1480 antea
385 1417 534 1478 densiores
554 1419 702 1498 invadant.
741 1417 901 1479 Caeterum
918 1437 957 1477 ne
977 1417 1043 1478 illos
1076 1417 1172 1476 uidem
1192 1417 1302 1497 placuit
1400 1437 1401 1490 ι

172 1496 295 1572 imitari,
327 1495 377 1574 qui
402 1495 471 1553 dum
495 1495 678 1552 ἐπιδεικτικὸν
701 1505 731 1553 et
746 1493 937 1569 πανηγυρικὸν
959 1493 1032 1555 illud
1055 1439 1178 1554 <dicendi
1206 1515 1300 1576 genus

173 1585 333 1646 sectantur,
352 1571 505 1634 veritatem
524 1583 664 1632 nontam
684 1581 871 1644 exornarunt,
892 1591 976 1654 quam
996 1583 1159 1652 suspectam
1170 1568 1301 1631 nonnul·
1400 1585 1401 1590 ’

171 1650 207 1714 lis
226 1649 426 1710 reddiderunt.
469 1651 572 1727 Itaque
592 1669 654 1707 non
674 1668 758 1727 quam
780 1658 900 1719 ornate,
924 1647 976 1706 sed
995 1670 1081 1728 quam
1100 1667 1169 1708 vere
1187 1645 1301 1708 scribe-

171 1746 235 1787 rem
255 1725 401 1808 laborans,
421 1725 545 1808 simplici
555 1723 845 1804 'potius'narratione
863 1723 1006 1782 utendum
1024 1725 1132 1804 putavi.

246 1877 338 1938 Natus
359 1891 403 1940 est
413 1875 540 1940 Ioannes
552 1876 688 1938 Calvinus
700 1873 873 1938 Novioduni
885 1877 1162 1938 veromanduorum
1177 1877 1298 1958 [Noyon

171 1978 209 2018 eo
226 1953 405 2038 Perordor]
427 1968 477 2016 aut
504 1965 585 2016 certo
603 1953 803 2033 proximorum
823 1955 1039 2015 Veromadduis
1065 1954 1166 2014 linium
1184 1954 1297 2034 oppido

171 2031 292 2107 celebri,
310 2053 388 2092 anuo
409 2054 425 2092 a
443 2033 482 2091 Ι).
502 2030 652 2092 nativitate
671 2029 785 2088 MDIX.
805 2029 857 2089 VI.
878 2029 947 2090 Idus
967 2031 1046 2104 Iulii,
1062 2044 1143 2110 patre
1161 2029 1296 2090 Gerardo

90 2161 91 2166 ,
172 2107 307 2180 Calvino,
326 2120 427 2169 matre.
439 2110 552 2170 Ioanna
568 2107 690 2180 Franca,
708 2118 837 2186 utroque
857 2105 1000 2184 honestae
1020 2108 1112 2168 lamae
1133 2120 1163 2168 et
1181 2107 1297 2168 medio-

171 2183 269 2246 eribus
289 2184 474 2246 facultatibus
495 2195 625 2266 parente.
663 2184 736 2242 Erat
754 2183 777 2242 is
793 2182 943 2243 Gerardus
963 2205 1024 2244 non
1045 2185 1126 2318 parvi
1146 2185 1248 2267 iudicii
1267 2194 1298 2243 et

97 2287 98 2292 ¹
153 2259 285 2322 consilii
310 2260 415 2338 homo,
445 2262 573 2342 ideoque
604 2259 754 2320 nobilibus
774 2259 835 2319 eius
863 2279 894 2318 re
918 2260 993 2320 ionis
1025 2261 1171 2340 perisque
1198 2282 1295 2321 carus:
1400 2263 1401 2286 ³

170 2335 259 2418 quod
271 2336 303 2396 in
324 2361 409 2399 causa
428 2337 501 2413 fuit,
520 2349 554 2398 ut
570 2340 651 2398 inter
669 2337 863 2397 Mommorios
886 2279 936 2416 [be
954 2335 1138 2418 MommorJ,
1158 2357 1231 2416 quae
1251 2336 1309 2403 la·-

141 2426 144 2430 '
167 2413 247 2474 milia
265 2414 326 2475 illic
346 2414 402 2474 fuit
426 2415 579 2477 nobilitate
604 2414 761 2495 praecipua
779 2413 919 2495 insignis,
945 2413 1105 2475 liberaliter
1130 2413 1297 2487 admodum,
1400 2449 1401 2484 ι

190 2502 292 2551 aterno
313 2503 413 2552 tamen
433 2504 550 2573 sumptu
570 2491 707 2553 Calvinus
726 2489 802 2551 filius
822 2491 949 2570 aprima
969 2491 1094 2571 pueritia
1114 2490 1296 2554 educaretur.
1400 2495 1401 2502 ’

165 2512 228 2626 llos
248 2566 355 2628 deinde
374 2569 520 2628 Lutetiam
540 2568 702 2629 studiorum
723 2568 814 2648 gratia
832 2579 983 2647 sequutus,
1002 2587 1107 2649 praece
1129 2578 1224 2626 torem
1244 2566 1296 2626 ha·

166 2641 233 2702 buit
256 2643 287 2701 in
313 2644 462 2724 gymnasio
487 2644 656 2704 Marcbiano
683 2641 817 2777 {Collige
840 2641 876 2702 de
899 2644 931 2702 ln
950 2641 1091 2724 Marcie]
1150 2643 1306 2704 aturinum
1400 2713 1401 2722 ἵ

150 2717 360 2792 ¹(iorderium,
378 2731 525 2798 spectatae
543 2730 606 2778 tum
625 2740 680 2799 pro
704 2719 781 2778 itatis
800 2730 863 2778 tum
883 2719 1056 2784 cruditionis
1076 2720 1179 2794 virum,
1199 2730 1228 2778 et
1247 2719 1296 2778 in·
1400 2785 1401 2794 ἵ

117 2833 123 2848 ..
165 2793 280 2875 signem
299 2801 423 2873 semper
436 2793 565 2854 habitum
585 2795 617 2853 in
638 2793 775 2854 omnibus
795 2795 858 2852 sere
879 2793 993 2854 Galliae
1013 2795 1119 2856 scholis
1138 2797 1295 2856 iuventutis
1400 2843 1401 2858 ι

166 2869 345 2930 erudiendae
364 2870 543 2952 magistrum,
563 2868 704 2930 Generae
725 2869 842 2928 demum
863 2889 899 2929 eo
919 2871 983 2951 ipso
1005 2893 1094 2947 anno,
1114 2893 1173 2953 quo
1196 2871 1295 2935 Calvi·
1400 2923 1401 2926 ,

165 2966 235 3022 nus,
254 2946 308 3006 vl.
327 2946 427 3007 Nonas
448 2946 614 3026 Septembr.
634 2957 800 3020 mortuum,
825 2969 914 3026 quum
940 2967 1047 3008 annum
1074 2965 1163 3031 agens
1189 2963 1293 3010 octua-

167 3024 308 3084 'esimum
330 3024 464 3104 quintum
484 3043 521 3083 eo
541 3023 606 3103 ipso
617 3023 746 3083 'docendi
765 3044 889 3083 munere
908 3023 1001 3084 adhuc
1020 3024 1051 3084 in
1070 3025 1161 3108 boog
1182 3027 1293 3087 mnasio

200 3101 335 3172 encrensi
357 3101 406 3170 lun
431 3111 537 3159 eretur.
577 3097 748 3161 Translatus
768 3091 878 3159 deinde'
894 3101 924 3159 in
945 3102 1127 3181 gymnasium
1146 3049 1293 3163 abdcuto
1321 3133 1326 3140 ·

162 3177 269 3236 Monte
301 3175 353 3256 [de
375 3119 549 3258 Mbmm'go]
577 3175 815 3259 cognominatum
836 3178 996 3258 Hispanum
1017 3178 1119 3239 habuit
1139 3179 1293 3242 doctorem

162 3273 226 3312 non
240 3251 416 3328 indoctum,
448 3275 464 3312 a
488 3275 548 3334 quo
570 3255 684 3314 exculto
711 3253 801 3334 ipsius
825 3252 965 3336 ingenio,
999 3256 1079 3335 quod
1100 3256 1208 3316 eiiam
1228 3269 1291 3315 tum

162 3339 226 3388 erat
246 3329 435 3406 acerrimum,
462 3329 501 3389 ita
521 3331 649 3410 proiecit
667 3342 701 3392 ut
727 3331 849 3392 caeteris
873 3330 1021 3392 sodalibus
1040 3332 1072 3392 in
1093 3333 1292 3414 grammatices

161 3403 310 3465 curriculo
336 3404 443 3466 relictis
468 3406 505 3466 ad
525 3407 689 3468 dialectices
709 3419 740 3467 et
759 3406 879 3468 aliarum
892 3428 961 3487 quas
980 3421 1087 3468 vocant
1105 3410 1209 3470 artium
1230 3421 1292 3469 stu-

127 3547 130 3555 ,
162 3481 243 3540 dium
262 3495 495 3561 promoveretur.
534 3484 703 3545 Destinarat
721 3497 819 3546 antem
840 3504 904 3544 eum
925 3496 1010 3564 pater
1028 3485 1064 3545 ab
1085 3487 1171 3545 initio
1188 3486 1291 3546 Theo·

157 3555 259 3638 logiae
274 3558 386 3634 studiis,
407 3559 530 3638 adquae
550 3561 629 3622 ultro
650 3561 732 3636 illum
751 3562 892 3621 inclinare
913 3582 947 3621 ex
966 3582 1001 3621 eo
1020 3560 1190 3644 colligebat,
1210 3562 1291 3642 quod

158 3632 260 3693 inilia
281 3633 369 3693 etiam
394 3647 497 3696 tenera
524 3649 619 3698 aetate
643 3639 748 3697 mirum
768 3639 799 3697 iu
825 3638 945 3698 modum
966 3637 1120 3720 religiosus
1141 3651 1233 3714 esset,
1260 3650 1291 3698 et

158 3729 276 3770 severus
297 3711 429 3770 omnium
450 3711 480 3773 in
500 3714 558 3774 suis
579 3713 727 3775 sodalibus
746 3714 884 3774 vitiorum
905 3735 1027 3790 censor,
1052 3716 1132 3795 quod
1153 3737 1186 3774 ex
1206 3733 1289 3774 non·
1330 3753 1339 3760 ,

156 3786 245 3848 nullis
276 3786 367 3846 etiam
392 3787 541 3850 catholicis
569 3789 683 3850 idoneis
702 3790 826 3863 testibus
846 3791 944 3852 multis
964 3805 1036 3928 posp
1051 3793 1151 3867 annis,
1180 3791 1291 3852 celebri

156 3863 213 3923 iam
234 3864 295 3924 eius
316 3864 450 3939 nomine,
469 3864 571 3925 audire
590 3867 720 3926 memini.
758 3867 802 3928 Ita
825 3887 863 3928 ue
883 3869 964 3946 quasi
983 3890 1016 3928 re
1040 3891 1071 3928 us
1091 3870 1179 3929 sacris
1200 3869 1289 3930 desti-

88 3963 100 3970 ··
159 3951 230 4005 uto
255 3950 346 4033 pater
377 3939 554 4001 beneficium
581 3941 616 4003 ab
643 3943 792 4023 Episcopo
849 3945 1046 4006 oviodunensi
1070 3944 1235 4030 impetravit
1258 3945 1290 4003 in

160 4013 281 4077 ecclesra
306 4013 480 4093 cathedrali,
521 4025 598 4079 'uam
618 4018 782 4099 appellant,
814 4041 847 4080 ac
867 4021 1005 4102 deinceps
1026 4022 1112 4082 etiam
1152 4021 1303 4080 arochiae·
1400 4039 1401 4046 ¹

160 4094 343 4153 curationem
360 4093 390 4153 in
402 4113 480 4174 pago
492 4039 557 4156 uibi
569 4095 679 4174 ricino,
701 4097 751 4176 qui
764 4097 845 4157 Pons
863 4097 1004 4178 Episcopi
1024 4098 1118 4177 [Pons
1133 4043 1287 4176 iEoeqaae]

222 4337 251 4418 t)
269 4337 331 4407 Quo
355 4341 520 4396 commodius
538 4341 656 4408 legantur
672 4343 752 4398 latina
773 4343 923 4410 gallicarum
944 4345 1049 4400 urbium
1074 4358 1151 4415 atque
1167 4344 1285 4398 vivorum

129 4447 136 4452 .
157 4424 274 4469 nomana,
292 4403 403 4463 adiicere
420 4411 510 4477 gallica
526 4409 609 4465 visum
626 4425 669 4486 est.
700 4429 704 4438 ‘
