2808 4748
106 571 136 626 Ο

188 179 257 294 ἰιι
533 215 685 282 sunnio
705 215 776 280 vii.
812 216 998 280 unicus
1147 217 1158 232 ‘

195 378 233 430 ct
251 385 306 428 nos
324 361 455 446 perfudit
470 383 522 428 sua
540 363 703 428 sanctitate.
741 361 907 435 Caeterum
919 383 1010 441 quum
1027 357 1092 422 solo
1110 360 1201 424 verbo
1220 357 1308 440 lepro

200 465 265 506 sum
295 461 398 536 sanare
425 452 553 534 posset,
571 441 608 502 ad
637 439 804 533 testandum
825 437 1040 575 ml⁸⁸¹lf⁰Jdl³⁰
1059 435 1197 572 ³ff¹⁸⁶t⁰l¹¹
1219 458 1308 508 manus

200 517 661 676 iitti‘ffilitiltlit‘t
677 527 1308 674 &limittit‘'titt‘ttiitt

202 673 300 733 tensio
324 673 483 733 immensae
509 671 620 754 gratiae
640 682 669 732 et
692 667 831 732 bonita'tis
854 669 970 751 signum
996 679 1028 730 et
1049 680 1157 730 tessera
1182 665 1245 727 luit.
1276 665 1308 724 Et

202 761 284 810 certe
303 749 384 841 quod
402 749 535 832 segniter
553 746 681 831 legendo
699 747 736 807 fri
759 746 807 809 ‘de
824 746 1033 826 praeterimus,
1056 745 1119 806 sine
1137 764 1243 824 magno
1260 753 1308 802 stu·

127 882 130 892 .
202 844 278 904 pore
296 837 353 886 rite
372 846 405 888 ei
427 825 496 887 endi
515 845 577 886 non
609 835 722 906 potest,
777 823 858 884 ilium
877 821 936 882 Dei
955 822 1029 882 adeo
1053 841 1115 882 non
1140 818 1307 882 abhorruisse

202 922 220 962 a
239 899 348 982 leprosi
360 901 407 966 col
420 902 522 982 oquin,
540 913 574 964 ιιι
591 922 709 963 manum
722 898 890 982 quoquead
908 897 1085 984 tangendam
1100 895 1181 958 illam
1199 899 1307 958 immun-

205 977 306 1038 ditiem
326 980 502 1076 pomipefet.
768 1052 776 1068 ·

278 1060 308 1120 d
345 1057 430 1118 Dicat
446 1055 491 1113 illi
507 1051 602 1130 laesa,
620 1067 674 1114 otc.
714 1051 855 1128 Quidam,
873 1063 906 1112 ut
925 1051 1073 1132 leprosum
1092 1060 1242 1123 excusent,
1258 1067 1305 1107 non

205 1141 310 1212 putant
327 1133 405 1195 serio
425 1130 609 1213 prohibitum
628 1129 716 1192 luisse
735 1151 752 1190 a
773 1127 909 1205 Christo,
935 1149 973 1188 ne
992 1127 1164 1190 miraculum
1182 1125 1306 1213 vulgaret,
1363 1143 1365 1162 ¹

202 1207 256 1268 sed
275 1207 318 1268 illi
341 1209 439 1289 potins
456 1207 587 1270 additum
605 1205 694 1268 luisse
712 1205 870 1269 stimulum.
916 1205 1036 1268 Rectius
1058 1215 1158 1266 tamen
1182 1203 1242 1277 alii,
1268 1221 1306 1279 qui

204 1360 371 1424 advenerat.
409 1363 518 1422 Fateor
536 1359 671 1441 quidem,
694 1381 758 1421 non
779 1361 944 1451 oportuisse
957 1357 1104 1452 ,supprimi
1144 1379 1181 1420 oc
1201 1357 1308 1416 miracu·

203 1435 281 1513 lum,
303 1436 354 1498 sed
374 1449 454 1498 certa
472 1435 548 1498 ratio
567 1435 633 1513 luit,
653 1459 706 1498 eur
722 1436 869 1500 Dominus
894 1435 941 1497 vel
960 1447 1055 1498 statim
1074 1435 1207 1497 noluerit
1228 1427 1307 1512 spargi

91 1587 94 1594 Ι
204 1507 281 1574 illius
295 1514 410 1590 lamam,
428 1511 474 1573 uel
484 1513 587 1575 saltem
607 1533 661 1595 per
679 1513 837 1594 leprosum.
876 1513 927 1573 Sic
945 1512 1035 1594 igitur
1052 1524 1162 1588 statuo,
1180 1512 1309 1598 leprosum

203 1601 395 1672 praepostero
414 1610 468 1650 suo
487 1589 589 1652 lavore
608 1591 683 1654 adeo
703 1589 776 1650 nihil
801 1581 904 1651 laudis
917 1590 1014 1652 fuisse,
1029 1589 1184 1664 meritum,
1213 1597 1243 1646 ut
1258 1599 1308 1642 iure

112 1687 122 1702 ·
204 1664 384 1728 damnandus
402 1667 451 1743 sit,
471 1667 550 1747 quod
570 1687 633 1730 non
652 1667 751 1749 paruit
770 1665 880 1729 Christi
898 1665 1046 1728 mandato.
1085 1666 1118 1728 Si
1137 1667 1256 1748 gratiam
1271 1678 1308 1718 re-

203 1741 283 1806 ferre
301 1742 429 1806 sanitatis
448 1764 518 1805 snae
536 1744 651 1806 auctori
669 1741 797 1816 volebat,
816 1737 885 1804 non
899 1743 983 1805 aliter
1001 1741 1105 1804 melius
1124 1741 1223 1825 potuit
1239 1754 1308 1818 quam

203 1816 389 1895 obedientia,
408 1839 483 1900 quae
502 1819 639 1882 omnibus
658 1818 805 1886 sacrificiis
824 1819 901 1900 apud
920 1819 1017 1880 Deum
1035 1819 1217 1899 praefertur,
1234 1827 1260 1876 et
1274 1811 1308 1870 le·
1358 1889 1359 1892 Ἴ

203 1892 300 1975 gitimi
324 1893 418 1956 cultus
448 1895 624 1976 principium
651 1908 682 1955 et
700 1907 787 1976 caput
806 1907 851 1956 est
868 1895 906 1966 (l.
926 1896 1004 1958 Sam.
1024 1903 1078 1972 15,
1096 1898 1170 1972 22).
1206 1894 1248 1954 lta
1263 1889 1308 1948 lot

204 1970 338 2061 fsemplo
361 1972 519 2064 docemur,
548 1991 685 2064 perverse
710 1971 808 2032 lacere
827 1972 995 2066 quicunque
1019 1973 1235 2034 inconsiderato
1256 1982 1307 2026 tet

203 2046 370 2128 indulgent,
381 2069 467 2140 ‚quia
487 2068 546 2128 quo
557 2068 656 2140 ‚magis
674 2060 811 2142 satagunt
830 2069 861 2110 in
880 2050 1078 2129 promerendo
1089 2049 1170 2125 Deo,
1188 2049 1244 2142 hoq
1256 2055 1307 2104 tau

201 2125 1306 2296 {tottila{atittttssttligitttttl‘lizilttlig'slttz

203 2288 355 2340 contemni
378 2279 425 2342 vel
452 2278 772 2361 praetermittendum
795 2279 939 2373 Christus.
985 2281 1048 2342 lam
1076 2281 1161 2342 Deus
1189 2300 1219 2347 in
1233 2275 1306 2370 ‘Lege

202 2355 1073 2509 tftttttttitttlt?ltltltt'dtitttt·ili
1086 2361 1305 2498 illiciti

202 2513 361 2589 gratiarum
373 2511 505 2572 actionis
543 2455 640 2571 intro
660 2510 725 2570 linis
745 2520 818 2593 erat,
837 2523 871 2571 ut
882 2511 939 2572 Dei
957 2509 1170 2574 heneficiuma
1210 2505 1306 2568 rotaret
1363 2533 1364 2544 2

202 2586 413 2678 sacerdos-suo
432 2583 557 2646 iudicio:
589 2586 714 2660 deinde,
737 2587 789 2723 zui
803 2599 924 2678 ‘sanatus
943 2600 1022 2662 erat,
1052 2588 1161 2671 gratita
1183 2587 1233 2650 inis
1254 2591 1305 2644 atile
1363 2591 1364 2594 ’

202 2670 405 2722 testimonium
436 2663 581 2724 redderet.
629 2663 711 2742 Ergo
753 2663 873 2726 ,hristus
903 2665 1051 2746 leprosum
1081 2665 1117 2727 ad
1148 2659 1305 2727 sacerdotem
1363 2677 1364 2728 l

203 2734 358 2829 ablegans,
388 2737 446 2798 sibi
471 2758 533 2804 non
553 2737 631 2800 alind
655 2739 841 2818 propositum
866 2739 953 2802 iuiasc
977 2751 1116 2815 testatur,
1146 2741 1201 2804 nisi
1219 2748 1249 2798 ut
1263 2724 1305 2790 Del

203 2810 328 2902 gloriam
358 2813 525 2905 illustraret.
576 2814 716 2874 Ostensio
742 2816 820 2875 euim
844 2816 880 2877 ad
904 2837 1023 2878 examen
1051 2812 1192 2880 refertur:
1221 2823 1305 2898 mulli

204 2897 363 2980 gratiarum
381 2901 506 2952 actionis
530 2889 706 2972 symbolum
721 2901 793 2952 erat.
841 2891 986 2955 Iudicium
1014 2895 1113 2974 itaque
1136 2895 1200 2958 vult
1221 2889 1305 2948 fient

204 2963 424 3043 sacerdotibus,
456 2985 516 3046 quo
542 2967 696 3046 perspicua
719 2979 757 3029 sit
776 2978 808 3027 et
825 2968 947 3034 rardubia
964 2971 1023 3031 Dei
1042 2983 1149 3054 gratia:
1179 2972 1305 3049 leprosum

1272 2441 1304 2484 tio
1361 2437 1364 2456 ¹

181 1285 323 1346 ¹vetandi
347 1306 462 1346 causam
487 1283 575 1344 luisse
605 1283 753 1360 sentiunt,
786 1283 854 1364 quia
882 1294 1026 1344 maturum
1054 1293 1171 1420 “mins
1195 1277 1307 1341 nondun
1364 1319 1365 1340 i

1285 1926 1365 2333 'l

1363 2389 1364 2432 l

1362 2465 1364 2520 l

1363 2553 1364 2588 i

1363 2629 1364 2664 i

1363 2731 1364 2791 l

203 3057 275 3099 vero
295 3062 377 3102 suam
396 3043 578 3104 sanationem
601 3054 751 3122 acceptam
774 3044 887 3107 referre
907 3047 986 3108 Deo.
1023 3047 1145 3110 Interim
1165 3050 1211 3127 (ut
1229 3050 1305 3116 „uper
1362 3059 1363 3120 l

205 3114 301 3207 attigi)
321 3117 393 3178 ritus
405 3119 435 3177 in
446 3118 528 3198 Lege
549 3120 742 3200 praescriptos
761 3143 855 3201 usque
873 3123 1042 3206 adtempus
1053 3119 1246 3208 abrogationis
1257 3129 1305 3174 ser·

201 3209 270 3284 yarc
289 3191 381 3254 iubet.
422 3195 514 3270 Quod
538 3196 607 3256 liinc
626 3197 819 3260 consessionis
842 3214 910 3262 suae
930 3199 1026 3282 legem
1045 3201 1167 3264 eliciunt
1184 3191 1305 3275 papiriis,

202 3286 235 3324 ιιι
255 3285 292 3326 eo
312 3281 381 3330 sunt
399 3270 511 3332 insulsi.
548 3273 675 3351 Lepram
698 3274 857 3357 allegorice
875 3275 980 3338 volunt
1005 3297 1068 3340 esse
1091 3290 1250 3359 peccatum:
1271 3282 1304 3350 ⁸3·

132 3419 137 3433 Ι
200 3341 316 3404 crificos
335 3349 449 3421 autem,
468 3368 543 3427 quos
562 3348 643 3428 Papa
661 3350 826 3435 inaugurat,
844 3353 1002 3433 spiritualis
1023 3353 1122 3435 leprad
1142 3374 1201 3416 esse
1219 3359 1304 3424 cogn?

71 4173 74 4178 v
199 4107 334 4184 asseruit,
360 4132 376 4170 a

190 3430 291 3479 :tores
333 3419 373 3481 Ut
394 3422 494 3486 demus
513 3424 544 3484 in
563 3425 645 3562 licqe
667 3429 870 3492 sacerdotibus
896 3430 970 3491 banc
992 3439 1171 3568 sotedatem
1188 3427 1249 3488 ideo
1264 3415 1303 3503 ll·

202 3507 262 3587 tiim
282 3516 359 3573 case,
379 3509 412 3557 ut
430 3500 519 3578 seipet
538 3522 618 3582 popu
631 3527 680 3582 us,
704 3517 798 3576 totam
816 3528 898 3569 suani
919 3529 988 3568 mun
1011 3509 1093 3568 itieia
1114 3510 1229 3586 eiusque
1244 3490 1302 3577 iulg·

202 3573 428 3664 erumpentem
447 3596 463 3636 a
481 3579 666 3656 sacerdotio,
689 3581 777 3662 impie
800 3593 900 3644 tamen
920 3582 977 3644 lioc
996 3585 1033 3645 ad
1052 3605 1083 3646 se
1103 3585 1218 3667 rapiunt
1233 3586 1301 3636 ΜΠ·

202 3649 250 3740 fici
270 3649 395 3731 papales.
434 3652 514 3727 Quic
537 3656 587 3717 uid
606 3658 685 3718 enini
704 3657 826 3720 honoris
846 3659 945 3720 datum
964 3671 1027 3724 erat
1045 3661 1172 3743 antiquis
1189 3643 1301 3730 sacerlq·

200 3722 296 3800 tibus,
326 3749 404 3789 nunc
428 3751 503 3790 uuus
553 3731 658 3796 hristus
682 3735 740 3798 sibi
764 3735 901 3796 vindicii
949 3737 1005 3798 lllc
1031 3758 1103 3821 ergo
1124 3751 1155 3800 et
1171 3716 1300 3816 spiritual¹3

201 3799 229 3859 le
252 3822 302 3866 rae
321 3804 459 3886 cognitor
478 3819 523 3868 est
546 3809 641 3885 eolus,
672 3813 832 3895 etdignus
854 3812 905 3873 cui
929 3815 1113 3895 purgationIs
1132 3833 1197 3881 suae
1218 3809 1299 3887 ¹¹¹¹¹¹l⁰⁵

201 3822 346 3971 olierant,
371 3881 421 3974 qui
438 3884 572 3946 mundati
591 3900 667 3949 suut
712 3889 786 3952 Nam
806 3900 836 3948 et
853 3889 923 3950 ideo
942 3891 997 3956 sub
1017 3893 1099 3974 Lege
1118 3883 1298 3968 sacrificinm*

199 3962 345 4048 terposito
364 3971 479 4040 signata
499 3959 557 4022 fuit
575 3965 747 4042 mundities,
771 3967 838 4047 quia
863 3986 924 4028 uon
948 3967 1034 4028 aliter
1073 3991 1137 4030 uam
1163 3959 1299 4042 expi²l¹⁰ne

199 4047 347 4111 sanguinis
377 4047 542 4171 purgantur
570 4039 713 4104 homines.
762 4043 812 4104 Ius
842 4063 931 4180 euplo,
958 4043 1039 4124 quod
1089 4047 1140 4108 ilio
1171 4057 1220 4104 suo
1236 4029 1298 4090 Μ
1360 4099 1361 4124 ,

332 4186 340 4200 ο
370 4111 418 4203 ‘io
438 4115 597 4178 transferre
626 4117 787 4187 nefandum
811 4140 884 4181 sacri
897 4121 995 4203 egium
1019 4133 1071 4184 est
1119 4115 1206 4199 Quod
1222 4112 1296 4192 ,auin

199 4181 379 4317 {mliii
392 4263 400 4279 ο
413 4191 566 4285 mandato·
581 4210 670 4286 suam·
690 4195 904 4288 'peccatoniluius’
934 4197 1106 4260 munditiem
1133 4177 1298 4290 Pmnuuntssl

264 4275 318 4341 'ge
330 4284 349 4320 ri
360 4278 498 4344 minmtri,
517 4269 549 4330 ud
560 4271 597 4332 ad
610 4271 744 4335 ficticium
764 4272 1006 4348 infamationem,
1024 4297 1111 4356 quam
1131 4263 1298 4350 iniagttllllur

166 4363 169 4368 v
198 4323 344 4410 Papistae,
361 4339 488 4407 mininie·
502 4347 703 4436 torquendum
723 4359 778 4426 cat,
795 4359 828 4416 ut
847 4351 925 4418 inter
943 4349 1055 4437 lepram
1074 4350 1238 4418 incusant
