<?xml version="1.0" encoding="UTF-8"?>
<!DOCTYPE html PUBLIC "-//W3C//DTD XHTML 1.0 Transitional//EN"
    "http://www.w3.org/TR/xhtml1/DTD/xhtml1-transitional.dtd">
<html xmlns="http://www.w3.org/1999/xhtml" xml:lang="en" lang="en">
 <head>
  <title>
</title>
<meta http-equiv="Content-Type" content="text/html;charset=utf-8" />
  <meta name='ocr-system' content='tesseract 3.04.00' />
  <meta name='ocr-capabilities' content='ocr_page ocr_carea ocr_par ocr_line ocrx_word'/>
</head>
<body>
  <div class='ocr_page' id='page_1' title='image "./innovumtestamen01tholgoog_0109.png"; bbox 0 0 2824 4756; ppageno 0'>
   <div class='ocr_carea' id='block_1_1' title="bbox 188 243 1183 330">
    <p class='ocr_par' dir='ltr' id='par_1_1' title="bbox 188 243 1183 330">
     <span class='ocr_line' id='line_1_1' title="bbox 188 243 1183 330; baseline -0.002 -9"><span class='ocrx_word' id='word_1_1' title='bbox 188 265 229 330; x_wconf 73' lang='lat'>28</span> <span class='ocrx_word' id='word_1_2' title='bbox 365 255 516 322; x_wconf 84' lang='lat' dir='ltr'>SECTIO</span> <span class='ocrx_word' id='word_1_3' title='bbox 536 259 577 320; x_wconf 80' lang='grc' dir='ltr'>ΙΙ.</span> <span class='ocrx_word' id='word_1_4' title='bbox 613 259 751 322; x_wconf 76' lang='lat' dir='ltr'>roman</span> <span class='ocrx_word' id='word_1_5' title='bbox 769 243 954 320; x_wconf 76' lang='lat' dir='ltr'>Baarrsrne</span> <span class='ocrx_word' id='word_1_6' title='bbox 972 264 1128 320; x_wconf 63' lang='lat' dir='ltr'>narnus.</span> <span class='ocrx_word' id='word_1_7' title='bbox 1179 299 1183 308; x_wconf 84' lang='lat'>·</span> 
     </span>
    </p>
   </div>
   <div class='ocr_carea' id='block_1_2' title="bbox 158 379 1311 639">
    <p class='ocr_par' dir='ltr' id='par_1_2' title="bbox 158 379 1311 639">
     <span class='ocr_line' id='line_1_2' title="bbox 188 379 1311 484; baseline -0.006 -14"><span class='ocrx_word' id='word_1_8' title='bbox 188 409 279 482; x_wconf 80' lang='lat' dir='ltr'>rtur,</span> <span class='ocrx_word' id='word_1_9' title='bbox 309 425 348 466; x_wconf 89' lang='lat' dir='ltr'>ne</span> <span class='ocrx_word' id='word_1_10' title='bbox 367 407 403 466; x_wconf 88' lang='lat' dir='ltr'>ad</span> <span class='ocrx_word' id='word_1_11' title='bbox 422 427 478 466; x_wconf 89' lang='lat' dir='ltr'>nos</span> <span class='ocrx_word' id='word_1_12' title='bbox 496 423 588 484; x_wconf 87' lang='lat' dir='ltr'>usque</span> <span class='ocrx_word' id='word_1_13' title='bbox 605 405 784 484; x_wconf 85' lang='lat' dir='ltr'>perveniant.</span> <span class='ocrx_word' id='word_1_14' title='bbox 834 403 868 464; x_wconf 89' lang='lat' dir='ltr'>Si</span> <span class='ocrx_word' id='word_1_15' title='bbox 887 425 943 483; x_wconf 90' lang='lat' dir='ltr'>qua</span> <span class='ocrx_word' id='word_1_16' title='bbox 966 403 1068 464; x_wconf 81' lang='lat' dir='ltr'>luisset</span> <span class='ocrx_word' id='word_1_17' title='bbox 1084 397 1192 466; x_wconf 78' lang='lat' dir='ltr'>Mariae</span> <span class='ocrx_word' id='word_1_18' title='bbox 1211 379 1311 463; x_wconf 84' lang='lat' dir='ltr'>inere-</span> 
     </span>
     <span class='ocr_line' id='line_1_3' title="bbox 158 480 1310 562; baseline -0.005 -16"><span class='ocrx_word' id='word_1_19' title='bbox 158 511 162 522; x_wconf 84' lang='grc'><strong>’</strong></span> <span class='ocrx_word' id='word_1_20' title='bbox 191 485 308 560; x_wconf 70' lang='lat' dir='ltr'>dulim,</span> <span class='ocrx_word' id='word_1_21' title='bbox 328 483 446 544; x_wconf 86' lang='lat' dir='ltr'>obstare</span> <span class='ocrx_word' id='word_1_22' title='bbox 464 493 562 542; x_wconf 88' lang='lat' dir='ltr'>tamen</span> <span class='ocrx_word' id='word_1_23' title='bbox 580 481 648 542; x_wconf 89' lang='lat' dir='ltr'>Deo</span> <span class='ocrx_word' id='word_1_24' title='bbox 669 503 730 542; x_wconf 93' lang='lat' dir='ltr'>uon</span> <span class='ocrx_word' id='word_1_25' title='bbox 748 490 875 562; x_wconf 77' lang='lat' dir='ltr'>poterat,</span> <span class='ocrx_word' id='word_1_26' title='bbox 895 481 964 560; x_wconf 90' lang='lat' dir='ltr'>quin</span> <span class='ocrx_word' id='word_1_27' title='bbox 985 500 1056 560; x_wconf 83' lang='lat' dir='ltr'>opus</span> <span class='ocrx_word' id='word_1_28' title='bbox 1075 503 1158 540; x_wconf 90' lang='lat' dir='ltr'>suurn</span> <span class='ocrx_word' id='word_1_29' title='bbox 1178 480 1310 560; x_wconf 87' lang='lat' dir='ltr'>comple-</span> 
     </span>
     <span class='ocr_line' id='line_1_4' title="bbox 189 556 1310 639; baseline -0.007 -15"><span class='ocrx_word' id='word_1_30' title='bbox 189 575 237 624; x_wconf 87' lang='lat' dir='ltr'>ret</span> <span class='ocrx_word' id='word_1_31' title='bbox 257 561 314 621; x_wconf 90' lang='lat' dir='ltr'>alio</span> <span class='ocrx_word' id='word_1_32' title='bbox 335 582 394 639; x_wconf 91' lang='lat' dir='ltr'>quo</span> <span class='ocrx_word' id='word_1_33' title='bbox 414 557 506 618; x_wconf 87' lang='lat' dir='ltr'>visuin</span> <span class='ocrx_word' id='word_1_34' title='bbox 527 571 601 618; x_wconf 84' lang='lat' dir='ltr'>esset</span> <span class='ocrx_word' id='word_1_35' title='bbox 620 559 718 617; x_wconf 89' lang='lat' dir='ltr'>modo.</span> <span class='ocrx_word' id='word_1_36' title='bbox 758 556 816 615; x_wconf 86' lang='lat' dir='ltr'>Sed</span> <span class='ocrx_word' id='word_1_37' title='bbox 837 557 922 616; x_wconf 87' lang='lat' dir='ltr'>beata</span> <span class='ocrx_word' id='word_1_38' title='bbox 943 557 1063 631; x_wconf 91' lang='lat' dir='ltr'>dicitur,</span> <span class='ocrx_word' id='word_1_39' title='bbox 1089 567 1161 636; x_wconf 84' lang='lat' dir='ltr'>quae</span> <span class='ocrx_word' id='word_1_40' title='bbox 1181 556 1310 616; x_wconf 86' lang='lat' dir='ltr'>oblatam</span> 
     </span>
    </p>
   </div>
   <div class='ocr_carea' id='block_1_3' title="bbox 189 633 1402 714">
    <p class='ocr_par' dir='ltr' id='par_1_3' title="bbox 189 633 1402 714">
     <span class='ocr_line' id='line_1_5' title="bbox 189 633 1402 714; baseline -0.012 -13"><span class='ocrx_word' id='word_1_41' title='bbox 189 640 248 702; x_wconf 72' lang='lat' dir='ltr'>&#39;sibi</span> <span class='ocrx_word' id='word_1_42' title='bbox 269 637 504 708; x_wconf 78' lang='lat' dir='ltr'>benedictionem</span> <span class='ocrx_word' id='word_1_43' title='bbox 530 634 586 694; x_wconf 81' lang='lat' dir='ltr'>fide</span> <span class='ocrx_word' id='word_1_44' title='bbox 606 635 748 714; x_wconf 88' lang='lat' dir='ltr'>recipiens</span> <span class='ocrx_word' id='word_1_45' title='bbox 767 633 834 693; x_wconf 91' lang='lat' dir='ltr'>Deo</span> <span class='ocrx_word' id='word_1_46' title='bbox 854 635 927 692; x_wconf 88' lang='lat' dir='ltr'>viam</span> <span class='ocrx_word' id='word_1_47' title='bbox 947 633 1086 712; x_wconf 79' lang='lat' dir='ltr'><strong>patefecit</strong></span> <span class='ocrx_word' id='word_1_48' title='bbox 1105 634 1140 692; x_wconf 91' lang='lat' dir='ltr'>ad</span> <span class='ocrx_word' id='word_1_49' title='bbox 1160 633 1310 712; x_wconf 87' lang='lat' dir='ltr'>complen·</span> <span class='ocrx_word' id='word_1_50' title='bbox 1401 645 1402 662; x_wconf 33' lang='lat' dir='ltr'>t</span> 
     </span>
    </p>
   </div>
   <div class='ocr_carea' id='block_1_4' title="bbox 166 709 1310 1578">
    <p class='ocr_par' dir='ltr' id='par_1_4' title="bbox 166 709 1310 1578">
     <span class='ocr_line' id='line_1_6' title="bbox 166 709 1310 800; baseline -0.007 -25"><span class='ocrx_word' id='word_1_51' title='bbox 166 715 169 724; x_wconf 73' lang='grc'>’</span> <span class='ocrx_word' id='word_1_52' title='bbox 191 717 260 790; x_wconf 86' lang='lat' dir='ltr'>dum</span> <span class='ocrx_word' id='word_1_53' title='bbox 281 734 353 794; x_wconf 90' lang='lat' dir='ltr'>opus</span> <span class='ocrx_word' id='word_1_54' title='bbox 373 735 466 785; x_wconf 87' lang='lat' dir='ltr'>suum,</span> <span class='ocrx_word' id='word_1_55' title='bbox 486 713 569 772; x_wconf 89' lang='lat' dir='ltr'>sicuti</span> <span class='ocrx_word' id='word_1_56' title='bbox 588 733 701 771; x_wconf 88' lang='lat' dir='ltr'>rursum</span> <span class='ocrx_word' id='word_1_57' title='bbox 721 710 905 769; x_wconf 76' lang='lat' dir='ltr'>incredulitas</span> <span class='ocrx_word' id='word_1_58' title='bbox 922 710 1100 769; x_wconf 76' lang='lat' dir='ltr'>ianuam&#39;illi</span> <span class='ocrx_word' id='word_1_59' title='bbox 1121 709 1229 800; x_wconf 66' lang='lat' dir='ltr'>clandit</span> <span class='ocrx_word' id='word_1_60' title='bbox 1246 730 1310 768; x_wconf 89' lang='lat' dir='ltr'>ma-</span> 
     </span>
     <span class='ocr_line' id='line_1_7' title="bbox 190 786 1309 870; baseline -0.008 -17"><span class='ocrx_word' id='word_1_61' title='bbox 190 809 320 870; x_wconf 85' lang='lat' dir='ltr'>numque</span> <span class='ocrx_word' id='word_1_62' title='bbox 338 789 407 848; x_wconf 72' lang='lat' dir='ltr'>‘eius</span> <span class='ocrx_word' id='word_1_63' title='bbox 433 788 469 847; x_wconf 84' lang='lat' dir='ltr'>ab</span> <span class='ocrx_word' id='word_1_64' title='bbox 495 798 705 867; x_wconf 49' lang='lat' dir='ltr'>operevarcet,</span> <span class='ocrx_word' id='word_1_65' title='bbox 737 805 774 844; x_wconf 92' lang='lat' dir='ltr'>ne</span> <span class='ocrx_word' id='word_1_66' title='bbox 799 786 954 846; x_wconf 86' lang='lat' dir='ltr'>salvificam</span> <span class='ocrx_word' id='word_1_67' title='bbox 980 787 1134 858; x_wconf 86' lang='lat' dir='ltr'>sentia&#39;nt,</span> <span class='ocrx_word' id='word_1_68' title='bbox 1149 807 1198 864; x_wconf 85' lang='lat' dir='ltr'>qur</span> <span class='ocrx_word' id='word_1_69' title='bbox 1217 787 1309 866; x_wconf 80' lang='lat' dir='ltr'>ipsam</span> 
     </span>
     <span class='ocr_line' id='line_1_8' title="bbox 189 863 1309 932; baseline -0.009 -3"><span class='ocrx_word' id='word_1_70' title='bbox 189 870 327 932; x_wconf 81' lang='lat' dir='ltr'>fraudant</span> <span class='ocrx_word' id='word_1_71' title='bbox 346 865 458 926; x_wconf 85' lang='lat' dir='ltr'>virtutis</span> <span class='ocrx_word' id='word_1_72' title='bbox 477 883 544 926; x_wconf 84' lang='lat' dir='ltr'>auae</span> <span class='ocrx_word' id='word_1_73' title='bbox 564 863 656 922; x_wconf 90' lang='lat' dir='ltr'>laude.</span> <span class='ocrx_word' id='word_1_74' title='bbox 700 863 836 922; x_wconf 89' lang='lat' dir='ltr'>Notanda</span> <span class='ocrx_word' id='word_1_75' title='bbox 857 876 900 923; x_wconf 87' lang='lat' dir='ltr'>est</span> <span class='ocrx_word' id='word_1_76' title='bbox 920 863 1005 922; x_wconf 92' lang='lat' dir='ltr'>etiam</span> <span class='ocrx_word' id='word_1_77' title='bbox 1025 863 1128 922; x_wconf 88' lang='lat' dir='ltr'>relatio</span> <span class='ocrx_word' id='word_1_78' title='bbox 1148 863 1225 922; x_wconf 91' lang='lat' dir='ltr'>inter</span> <span class='ocrx_word' id='word_1_79' title='bbox 1244 883 1309 920; x_wconf 84' lang='lat' dir='ltr'>oea·-</span> 
     </span>
     <span class='ocr_line' id='line_1_9' title="bbox 188 931 1309 1020; baseline -0.008 -15"><span class='ocrx_word' id='word_1_80' title='bbox 188 945 257 1020; x_wconf 76' lang='lat' dir='ltr'>bum</span> <span class='ocrx_word' id='word_1_81' title='bbox 276 955 306 1004; x_wconf 90' lang='lat' dir='ltr'>et</span> <span class='ocrx_word' id='word_1_82' title='bbox 347 941 427 1014; x_wconf 82' lang='lat' dir='ltr'>dem,</span> <span class='ocrx_word' id='word_1_83' title='bbox 448 941 526 1000; x_wconf 91' lang='lat' dir='ltr'>unde</span> <span class='ocrx_word' id='word_1_84' title='bbox 546 939 721 1020; x_wconf 74' lang='lat' dir='ltr'>colligimus,</span> <span class='ocrx_word' id='word_1_85' title='bbox 737 939 806 1017; x_wconf 91' lang='lat' dir='ltr'>quid</span> <span class='ocrx_word' id='word_1_86' title='bbox 825 939 863 999; x_wconf 83' lang='lat' dir='ltr'>sit</span> <span class='ocrx_word' id='word_1_87' title='bbox 883 940 1017 999; x_wconf 84' lang='lat' dir='ltr'>credere:</span> <span class='ocrx_word' id='word_1_88' title='bbox 1035 931 1104 998; x_wconf 39' lang='lat' dir='ltr'>‘nem</span> <span class='ocrx_word' id='word_1_89' title='bbox 1128 959 1154 1014; x_wconf 93' lang='lat' dir='ltr'>e,</span> <span class='ocrx_word' id='word_1_90' title='bbox 1174 940 1242 997; x_wconf 92' lang='lat' dir='ltr'>dum</span> <span class='ocrx_word' id='word_1_91' title='bbox 1262 939 1309 996; x_wconf 91' lang='lat' dir='ltr'>lo-</span> 
     </span>
     <span class='ocr_line' id='line_1_10' title="bbox 212 960 1309 1095; baseline -0.007 -13"><span class='ocrx_word' id='word_1_92' title='bbox 212 1021 293 1083; x_wconf 85' lang='lat' dir='ltr'>uenti</span> <span class='ocrx_word' id='word_1_93' title='bbox 336 1039 372 1079; x_wconf 91' lang='lat' dir='ltr'>eo</span> <span class='ocrx_word' id='word_1_94' title='bbox 383 1016 599 1088; x_wconf 86' lang='lat' dir='ltr'>subscribimus,</span> <span class='ocrx_word' id='word_1_95' title='bbox 619 1027 759 1094; x_wconf 90' lang='lat' dir='ltr'>certoque</span> <span class='ocrx_word' id='word_1_96' title='bbox 779 1017 938 1090; x_wconf 80' lang='lat' dir='ltr'>statuimus,</span> <span class='ocrx_word' id='word_1_97' title='bbox 958 1015 1039 1095; x_wconf 90' lang='lat' dir='ltr'>quod</span> <span class='ocrx_word' id='word_1_98' title='bbox 1058 960 1145 1075; x_wconf 63' lang='lat' dir='ltr'>nodis</span> <span class='ocrx_word' id='word_1_99' title='bbox 1185 1015 1309 1074; x_wconf 87' lang='lat' dir='ltr'>romittit</span> 
     </span>
     <span class='ocr_line' id='line_1_11' title="bbox 190 1037 1310 1172; baseline -0.011 -12"><span class='ocrx_word' id='word_1_100' title='bbox 190 1045 337 1161; x_wconf 72' lang='lat' dir='ltr'>iacturum</span> <span class='ocrx_word' id='word_1_101' title='bbox 348 1113 418 1154; x_wconf 91' lang='lat' dir='ltr'>esse.</span> <span class='ocrx_word' id='word_1_102' title='bbox 456 1091 599 1152; x_wconf 89' lang='lat' dir='ltr'>Particula</span> <span class='ocrx_word' id='word_1_103' title='bbox 612 1091 770 1151; x_wconf 78' lang='lat' dir='ltr'>oDomr&#39;no</span> <span class='ocrx_word' id='word_1_104' title='bbox 789 1093 959 1152; x_wconf 83' lang='lat' dir='ltr'>tantundem</span> <span class='ocrx_word' id='word_1_105' title='bbox 972 1092 1049 1152; x_wconf 81' lang='lat' dir='ltr'>valet</span> <span class='ocrx_word' id='word_1_106' title='bbox 1067 1104 1154 1172; x_wconf 89' lang='lat' dir='ltr'>atque</span> <span class='ocrx_word' id='word_1_107' title='bbox 1164 1037 1207 1152; x_wconf 60' lang='lat' dir='ltr'>bx</span> <span class='ocrx_word' id='word_1_108' title='bbox 1226 1103 1310 1170; x_wconf 90' lang='lat' dir='ltr'>parte</span> 
     </span>
     <span class='ocr_line' id='line_1_12' title="bbox 189 1166 1309 1250; baseline -0.009 -14"><span class='ocrx_word' id='word_1_109' title='bbox 189 1177 265 1250; x_wconf 86' lang='lat' dir='ltr'>Del,</span> <span class='ocrx_word' id='word_1_110' title='bbox 291 1186 323 1234; x_wconf 91' lang='lat' dir='ltr'>ut</span> <span class='ocrx_word' id='word_1_111' title='bbox 339 1170 428 1250; x_wconf 72' lang='lat' dir='ltr'>vulgo</span> <span class='ocrx_word' id='word_1_112' title='bbox 453 1167 571 1226; x_wconf 86' lang='lat' dir='ltr'>barbari</span> <span class='ocrx_word' id='word_1_113' title='bbox 595 1166 765 1247; x_wconf 86' lang='lat' dir='ltr'>loquuntur.</span> <span class='ocrx_word' id='word_1_114' title='bbox 808 1169 967 1230; x_wconf 85' lang='lat' dir='ltr'>Promissio</span> <span class='ocrx_word' id='word_1_115' title='bbox 994 1169 1072 1227; x_wconf 89' lang='lat' dir='ltr'>enim</span> <span class='ocrx_word' id='word_1_116' title='bbox 1095 1189 1149 1248; x_wconf 88' lang='lat' dir='ltr'>per</span> <span class='ocrx_word' id='word_1_117' title='bbox 1173 1166 1309 1247; x_wconf 84' lang='lat' dir='ltr'>angelum</span> 
     </span>
     <span class='ocr_line' id='line_1_13' title="bbox 189 1243 1310 1324; baseline -0.013 -8"><span class='ocrx_word' id='word_1_118' title='bbox 189 1254 276 1316; x_wconf 77' lang='lat' dir='ltr'>alldta</span> <span class='ocrx_word' id='word_1_119' title='bbox 295 1251 399 1320; x_wconf 83' lang='lat' dir='ltr'>suerat,</span> <span class='ocrx_word' id='word_1_120' title='bbox 417 1245 468 1304; x_wconf 91' lang='lat' dir='ltr'>sed</span> <span class='ocrx_word' id='word_1_121' title='bbox 487 1244 636 1324; x_wconf 77' lang='lat' dir='ltr'>prodierat</span> <span class='ocrx_word' id='word_1_122' title='bbox 656 1266 671 1304; x_wconf 88' lang='lat' dir='ltr'>a</span> <span class='ocrx_word' id='word_1_123' title='bbox 691 1245 755 1306; x_wconf 82' lang='lat' dir='ltr'>solo</span> <span class='ocrx_word' id='word_1_124' title='bbox 768 1245 844 1305; x_wconf 78' lang='lat' dir='ltr'>Deo‘.</span> <span class='ocrx_word' id='word_1_125' title='bbox 882 1245 970 1304; x_wconf 89' lang='lat' dir='ltr'>Unde</span> <span class='ocrx_word' id='word_1_126' title='bbox 990 1243 1057 1306; x_wconf 90' lang='lat' dir='ltr'>colli</span> <span class='ocrx_word' id='word_1_127' title='bbox 1080 1245 1161 1320; x_wconf 85' lang='lat' dir='ltr'>imus,</span> <span class='ocrx_word' id='word_1_128' title='bbox 1180 1245 1238 1304; x_wconf 86' lang='lat' dir='ltr'>sive</span> <span class='ocrx_word' id='word_1_129' title='bbox 1256 1264 1310 1302; x_wconf 86' lang='lat' dir='ltr'>an-</span> 
     </span>
     <span class='ocr_line' id='line_1_14' title="bbox 188 1264 1310 1414; baseline -0.013 -22"><span class='ocrx_word' id='word_1_130' title='bbox 188 1330 324 1414; x_wconf 85' lang='lat' dir='ltr'>gelorum</span> <span class='ocrx_word' id='word_1_131' title='bbox 344 1325 403 1384; x_wconf 88' lang='lat' dir='ltr'>sive</span> <span class='ocrx_word' id='word_1_132' title='bbox 427 1321 577 1380; x_wconf 87' lang='lat' dir='ltr'>hominurn</span> <span class='ocrx_word' id='word_1_133' title='bbox 602 1321 762 1381; x_wconf 91' lang='lat' dir='ltr'>ministerio</span> <span class='ocrx_word' id='word_1_134' title='bbox 788 1333 886 1381; x_wconf 87' lang='lat' dir='ltr'>utatur</span> <span class='ocrx_word' id='word_1_135' title='bbox 904 1323 1000 1396; x_wconf 89' lang='lat' dir='ltr'>Deus,</span> <span class='ocrx_word' id='word_1_136' title='bbox 1024 1264 1098 1381; x_wconf 76' lang='lat' dir='ltr'>velle</span> <span class='ocrx_word' id='word_1_137' title='bbox 1123 1333 1221 1380; x_wconf 88' lang='lat' dir='ltr'>tamen</span> <span class='ocrx_word' id='word_1_138' title='bbox 1247 1341 1310 1378; x_wconf 93' lang='lat' dir='ltr'>non</span> 
     </span>
     <span class='ocr_line' id='line_1_15' title="bbox 188 1394 1309 1481; baseline -0.008 -16"><span class='ocrx_word' id='word_1_139' title='bbox 188 1408 284 1474; x_wconf 85' lang='lat' dir='ltr'>miuus</span> <span class='ocrx_word' id='word_1_140' title='bbox 310 1397 432 1460; x_wconf 89' lang='lat' dir='ltr'>honoris·</span> <span class='ocrx_word' id='word_1_141' title='bbox 458 1396 551 1460; x_wconf 84' lang='lat' dir='ltr'>verbo</span> <span class='ocrx_word' id='word_1_142' title='bbox 579 1419 634 1459; x_wconf 87' lang='lat' dir='ltr'>suo</span> <span class='ocrx_word' id='word_1_143' title='bbox 665 1398 789 1476; x_wconf 83' lang='lat' dir='ltr'>deterri,</span> <span class='ocrx_word' id='word_1_144' title='bbox 814 1419 906 1480; x_wconf 27' lang='lat' dir='ltr'>&#39;quam</span> <span class='ocrx_word' id='word_1_145' title='bbox 929 1399 954 1460; x_wconf 82' lang='lat' dir='ltr'>si</span> <span class='ocrx_word' id='word_1_146' title='bbox 976 1397 1071 1481; x_wconf 84' lang='lat' dir='ltr'>palam</span> <span class='ocrx_word' id='word_1_147' title='bbox 1094 1398 1157 1477; x_wconf 89' lang='lat' dir='ltr'>ipse</span> <span class='ocrx_word' id='word_1_148' title='bbox 1182 1417 1200 1457; x_wconf 91' lang='lat' dir='ltr'>e</span> <span class='ocrx_word' id='word_1_149' title='bbox 1223 1394 1309 1458; x_wconf 88' lang='lat' dir='ltr'>coelo</span> 
     </span>
     <span class='ocr_line' id='line_1_16' title="bbox 191 1477 1225 1578; baseline -0.012 -36"><span class='ocrx_word' id='word_1_150' title='bbox 191 1477 390 1578; x_wconf 70' lang='lat' dir='ltr'>descendepet.</span> <span class='ocrx_word' id='word_1_151' title='bbox 790 1507 807 1516; x_wconf 88' lang='lat'>-</span> <span class='ocrx_word' id='word_1_152' title='bbox 1223 1503 1225 1510; x_wconf 41' lang='grc' dir='ltr'><strong><em>ι</em></strong></span> 
     </span>
    </p>
   </div>
   <div class='ocr_carea' id='block_1_5' title="bbox 157 1705 1310 2405">
    <p class='ocr_par' dir='ltr' id='par_1_5' title="bbox 157 1705 1310 2405">
     <span class='ocr_line' id='line_1_17' title="bbox 229 1705 1310 1797; baseline -0.006 -18"><span class='ocrx_word' id='word_1_153' title='bbox 229 1715 292 1797; x_wconf 85' lang='grc'><strong>(9.)</strong></span> <span class='ocrx_word' id='word_1_154' title='bbox 332 1711 434 1778; x_wconf 86' lang='lat' dir='ltr'><strong>LUC.</strong></span> <span class='ocrx_word' id='word_1_155' title='bbox 452 1711 476 1775; x_wconf 90' lang='lat'>1.</span> <span class='ocrx_word' id='word_1_156' title='bbox 517 1710 568 1774; x_wconf 74' lang='lat'>46,</span> <span class='ocrx_word' id='word_1_157' title='bbox 589 1709 631 1774; x_wconf 86' lang='lat' dir='ltr'>Et</span> <span class='ocrx_word' id='word_1_158' title='bbox 649 1710 693 1774; x_wconf 89' lang='lat' dir='ltr'>ait</span> <span class='ocrx_word' id='word_1_159' title='bbox 704 1709 818 1790; x_wconf 84' lang='lat' dir='ltr'>Maria,</span> <span class='ocrx_word' id='word_1_160' title='bbox 839 1709 1028 1796; x_wconf 83' lang='lat' dir='ltr'>Magnificat</span> <span class='ocrx_word' id='word_1_161' title='bbox 1042 1709 1145 1773; x_wconf 87' lang='lat' dir='ltr'>anima</span> <span class='ocrx_word' id='word_1_162' title='bbox 1157 1727 1228 1772; x_wconf 90' lang='lat' dir='ltr'>mea</span> <span class='ocrx_word' id='word_1_163' title='bbox 1239 1705 1310 1772; x_wconf 88' lang='lat' dir='ltr'>Do-</span> 
     </span>
     <span class='ocr_line' id='line_1_18' title="bbox 166 1796 1309 1898; baseline -0.008 -17"><span class='ocrx_word' id='word_1_164' title='bbox 166 1813 321 1893; x_wconf 71' lang='lat' dir='ltr'>minum,</span> <span class='ocrx_word' id='word_1_165' title='bbox 353 1803 403 1878; x_wconf 79' lang='lat' dir='ltr'>tt.</span> <span class='ocrx_word' id='word_1_166' title='bbox 431 1811 473 1876; x_wconf 91' lang='lat' dir='ltr'>Et</span> <span class='ocrx_word' id='word_1_167' title='bbox 494 1808 660 1898; x_wconf 68' lang='lat' dir='ltr'>ensultavit</span> <span class='ocrx_word' id='word_1_168' title='bbox 686 1813 815 1896; x_wconf 86' lang='lat' dir='ltr'>spiritus</span> <span class='ocrx_word' id='word_1_169' title='bbox 841 1833 930 1875; x_wconf 87' lang='lat' dir='ltr'>meus</span> <span class='ocrx_word' id='word_1_170' title='bbox 960 1813 994 1874; x_wconf 92' lang='lat' dir='ltr'>in</span> <span class='ocrx_word' id='word_1_171' title='bbox 1020 1796 1112 1891; x_wconf 82' lang='lat' dir='ltr'>Deo,¹</span> <span class='ocrx_word' id='word_1_172' title='bbox 1145 1819 1309 1874; x_wconf 88' lang='lat' dir='ltr'>servatore</span> 
     </span>
     <span class='ocr_line' id='line_1_19' title="bbox 187 1909 1308 1996; baseline -0.008 -14"><span class='ocrx_word' id='word_1_173' title='bbox 187 1937 281 1995; x_wconf 89' lang='lat' dir='ltr'>meo,</span> <span class='ocrx_word' id='word_1_174' title='bbox 314 1915 366 1980; x_wconf 88' lang='grc'>48.</span> <span class='ocrx_word' id='word_1_175' title='bbox 388 1911 476 1996; x_wconf 85' lang='lat' dir='ltr'>Quia</span> <span class='ocrx_word' id='word_1_176' title='bbox 494 1911 632 1996; x_wconf 85' lang='lat' dir='ltr'>respexit</span> <span class='ocrx_word' id='word_1_177' title='bbox 655 1909 696 1974; x_wconf 87' lang='lat' dir='ltr'>ad</span> <span class='ocrx_word' id='word_1_178' title='bbox 716 1911 927 1976; x_wconf 87' lang='lat' dir='ltr'>humilitatem</span> <span class='ocrx_word' id='word_1_179' title='bbox 948 1911 1086 1976; x_wconf 89' lang='lat' dir='ltr'>ancillae</span> <span class='ocrx_word' id='word_1_180' title='bbox 1113 1933 1206 1976; x_wconf 90' lang='lat' dir='ltr'>suae:</span> <span class='ocrx_word' id='word_1_181' title='bbox 1232 1931 1308 1974; x_wconf 89' lang='lat' dir='ltr'>ecoe</span> 
     </span>
     <span class='ocr_line' id='line_1_20' title="bbox 188 2007 1309 2098; baseline -0.007 -16"><span class='ocrx_word' id='word_1_182' title='bbox 188 2020 273 2082; x_wconf 85' lang='lat' dir='ltr'>enirn</span> <span class='ocrx_word' id='word_1_183' title='bbox 296 2037 334 2079; x_wconf 83' lang='lat' dir='ltr'>ex</span> <span class='ocrx_word' id='word_1_184' title='bbox 354 2014 418 2079; x_wconf 88' lang='lat' dir='ltr'>hoc</span> <span class='ocrx_word' id='word_1_185' title='bbox 437 2023 583 2096; x_wconf 89' lang='lat' dir='ltr'>tempore</span> <span class='ocrx_word' id='word_1_186' title='bbox 605 2009 731 2075; x_wconf 83' lang='lat' dir='ltr'>beatam</span> <span class='ocrx_word' id='word_1_187' title='bbox 752 2007 803 2076; x_wconf 89' lang='lat' dir='ltr'>m&#39;e</span> <span class='ocrx_word' id='word_1_188' title='bbox 824 2010 932 2076; x_wconf 88' lang='lat' dir='ltr'>dicent</span> <span class='ocrx_word' id='word_1_189' title='bbox 946 2033 1058 2078; x_wconf 87' lang='lat' dir='ltr'>onrnes</span> <span class='ocrx_word' id='word_1_190' title='bbox 1075 2014 1309 2098; x_wconf 81' lang='lat' dir='ltr'>generationes,</span> 
     </span>
     <span class='ocr_line' id='line_1_21' title="bbox 187 2102 1309 2203; baseline -0.008 -21"><span class='ocrx_word' id='word_1_191' title='bbox 187 2119 238 2182; x_wconf 88' lang='grc'>49.</span> <span class='ocrx_word' id='word_1_192' title='bbox 267 2115 355 2201; x_wconf 86' lang='lat' dir='ltr'>Quia</span> <span class='ocrx_word' id='word_1_193' title='bbox 381 2102 459 2178; x_wconf 79' lang='lat' dir='ltr'>fecit</span> <span class='ocrx_word' id='word_1_194' title='bbox 485 2113 562 2177; x_wconf 90' lang='lat' dir='ltr'>mihi</span> <span class='ocrx_word' id='word_1_195' title='bbox 582 2113 764 2198; x_wconf 82' lang='lat' dir='ltr'>magnilica,</span> <span class='ocrx_word' id='word_1_196' title='bbox 796 2114 852 2200; x_wconf 91' lang='lat' dir='ltr'>qui</span> <span class='ocrx_word' id='word_1_197' title='bbox 878 2123 995 2197; x_wconf 90' lang='lat' dir='ltr'>potens</span> <span class='ocrx_word' id='word_1_198' title='bbox 1021 2123 1085 2177; x_wconf 78' lang='lat' dir='ltr'>e&#39;st:</span> <span class='ocrx_word' id='word_1_199' title='bbox 1115 2123 1148 2177; x_wconf 90' lang='lat' dir='ltr'>et</span> <span class='ocrx_word' id='word_1_200' title='bbox 1167 2123 1309 2203; x_wconf 86' lang='lat' dir='ltr'>sanctum</span> 
     </span>
     <span class='ocr_line' id='line_1_22' title="bbox 185 2214 1310 2300; baseline -0.004 -16"><span class='ocrx_word' id='word_1_201' title='bbox 185 2237 307 2289; x_wconf 87' lang='lat' dir='ltr'>nomen</span> <span class='ocrx_word' id='word_1_202' title='bbox 330 2218 407 2280; x_wconf 85' lang='lat' dir='ltr'>eius.</span> <span class='ocrx_word' id='word_1_203' title='bbox 459 2216 509 2280; x_wconf 80' lang='lat'>5⁰.</span> <span class='ocrx_word' id='word_1_204' title='bbox 529 2214 571 2278; x_wconf 90' lang='lat' dir='ltr'>Et</span> <span class='ocrx_word' id='word_1_205' title='bbox 591 2214 813 2280; x_wconf 82' lang='lat' dir='ltr'>misericordia</span> <span class='ocrx_word' id='word_1_206' title='bbox 834 2215 903 2279; x_wconf 88' lang='lat' dir='ltr'>eius</span> <span class='ocrx_word' id='word_1_207' title='bbox 923 2217 957 2279; x_wconf 89' lang='lat' dir='ltr'>in</span> <span class='ocrx_word' id='word_1_208' title='bbox 978 2217 1165 2300; x_wconf 77' lang='lat' dir='ltr'>progeniem</span> <span class='ocrx_word' id='word_1_209' title='bbox 1183 2225 1215 2279; x_wconf 89' lang='lat' dir='ltr'>et</span> <span class='ocrx_word' id='word_1_210' title='bbox 1235 2236 1310 2300; x_wconf 91' lang='lat' dir='ltr'>pro·</span> 
     </span>
     <span class='ocr_line' id='line_1_23' title="bbox 157 2301 1148 2405; baseline -0.011 -21"><span class='ocrx_word' id='word_1_211' title='bbox 157 2335 159 2342; x_wconf 76' lang='grc'>’</span> <span class='ocrx_word' id='word_1_212' title='bbox 187 2301 314 2405; x_wconf 78' lang='lat' dir='ltr'>geniem</span> <span class='ocrx_word' id='word_1_213' title='bbox 334 2314 520 2381; x_wconf 87' lang='lat' dir='ltr'>timentibus</span> <span class='ocrx_word' id='word_1_214' title='bbox 542 2335 623 2379; x_wconf 88' lang='lat' dir='ltr'>eum.</span> <span class='ocrx_word' id='word_1_215' title='bbox 688 2335 691 2346; x_wconf 88' lang='lat'>·</span> <span class='ocrx_word' id='word_1_216' title='bbox 826 2317 830 2328; x_wconf 92' lang='grc'><strong>“</strong></span> <span class='ocrx_word' id='word_1_217' title='bbox 1058 2345 1059 2350; x_wconf 41' lang='lat'>1</span> <span class='ocrx_word' id='word_1_218' title='bbox 1146 2337 1148 2341; x_wconf 58' lang='grc'>’</span> 
     </span>
    </p>
   </div>
   <div class='ocr_carea' id='block_1_6' title="bbox 186 2427 1309 2783">
    <p class='ocr_par' dir='ltr' id='par_1_6' title="bbox 186 2427 1309 2783">
     <span class='ocr_line' id='line_1_24' title="bbox 689 2427 1063 2460; baseline -0.003 1"><span class='ocrx_word' id='word_1_219' title='bbox 689 2427 693 2449; x_wconf 75' lang='grc' dir='ltr'>Ι</span> <span class='ocrx_word' id='word_1_220' title='bbox 1057 2448 1063 2460; x_wconf 77' lang='grc' dir='ltr'>ν</span> 
     </span>
     <span class='ocr_line' id='line_1_25' title="bbox 261 2468 1309 2608; baseline -0.005 -72"><span class='ocrx_word' id='word_1_221' title='bbox 261 2476 349 2537; x_wconf 88' lang='lat' dir='ltr'>Nunc</span> <span class='ocrx_word' id='word_1_222' title='bbox 373 2473 503 2534; x_wconf 80' lang='lat' dir='ltr'>refertur</span> <span class='ocrx_word' id='word_1_223' title='bbox 525 2468 641 2556; x_wconf 85' lang='lat' dir='ltr'>insigne</span> <span class='ocrx_word' id='word_1_224' title='bbox 663 2483 701 2546; x_wconf 52' lang='lat' dir='ltr'>et,</span> <span class='ocrx_word' id='word_1_225' title='bbox 718 2470 910 2534; x_wconf 86' lang='lat' dir='ltr'>memorabile</span> <span class='ocrx_word' id='word_1_226' title='bbox 934 2482 1048 2534; x_wconf 86' lang='lat' dir='ltr'>sanctae</span> <span class='ocrx_word' id='word_1_227' title='bbox 1073 2469 1191 2608; x_wconf 72' lang='lat' dir='ltr'>sirpinis</span> <span class='ocrx_word' id='word_1_228' title='bbox 1214 2472 1309 2531; x_wconf 88' lang='lat' dir='ltr'>canti-</span> 
     </span>
     <span class='ocr_line' id='line_1_26' title="bbox 187 2549 1309 2632; baseline -0.004 -18"><span class='ocrx_word' id='word_1_229' title='bbox 187 2572 266 2628; x_wconf 85' lang='lat' dir='ltr'>cum,</span> <span class='ocrx_word' id='word_1_230' title='bbox 282 2573 316 2612; x_wconf 84' lang='lat' dir='ltr'>ex</span> <span class='ocrx_word' id='word_1_231' title='bbox 336 2574 395 2632; x_wconf 93' lang='lat' dir='ltr'>quo</span> <span class='ocrx_word' id='word_1_232' title='bbox 416 2552 492 2611; x_wconf 88' lang='lat' dir='ltr'>clare</span> <span class='ocrx_word' id='word_1_233' title='bbox 512 2561 643 2630; x_wconf 89' lang='lat' dir='ltr'>apparet,</span> <span class='ocrx_word' id='word_1_234' title='bbox 662 2562 771 2628; x_wconf 84' lang='lat' dir='ltr'>quanta</span> <span class='ocrx_word' id='word_1_235' title='bbox 782 2551 908 2632; x_wconf 88' lang='lat' dir='ltr'>Spiritus</span> <span class='ocrx_word' id='word_1_236' title='bbox 928 2551 1021 2632; x_wconf 84' lang='lat' dir='ltr'>gratia</span> <span class='ocrx_word' id='word_1_237' title='bbox 1042 2549 1119 2608; x_wconf 83' lang='lat' dir='ltr'>excel</span> <span class='ocrx_word' id='word_1_238' title='bbox 1132 2549 1215 2608; x_wconf 87' lang='lat' dir='ltr'>uerit.</span> <span class='ocrx_word' id='word_1_239' title='bbox 1236 2550 1309 2610; x_wconf 80' lang='lat' dir='ltr'>&#39;l&#39;ria</span> 
     </span>
     <span class='ocr_line' id='line_1_27' title="bbox 186 2625 1307 2706; baseline -0.003 -17"><span class='ocrx_word' id='word_1_240' title='bbox 186 2641 285 2700; x_wconf 78' lang='lat' dir='ltr'>autem</span> <span class='ocrx_word' id='word_1_241' title='bbox 308 2641 377 2689; x_wconf 89' lang='lat' dir='ltr'>sunt</span> <span class='ocrx_word' id='word_1_242' title='bbox 401 2627 485 2688; x_wconf 90' lang='lat' dir='ltr'>huius</span> <span class='ocrx_word' id='word_1_243' title='bbox 511 2627 617 2687; x_wconf 86' lang='lat' dir='ltr'>cantici</span> <span class='ocrx_word' id='word_1_244' title='bbox 641 2626 781 2684; x_wconf 87' lang='lat' dir='ltr'>membra.</span> <span class='ocrx_word' id='word_1_245' title='bbox 828 2627 958 2686; x_wconf 87' lang='lat' dir='ltr'>Primum</span> <span class='ocrx_word' id='word_1_246' title='bbox 984 2625 1064 2686; x_wconf 84' lang='lat' dir='ltr'>eninr</span> <span class='ocrx_word' id='word_1_247' title='bbox 1085 2627 1191 2701; x_wconf 87' lang='lat' dir='ltr'>Maria,</span> <span class='ocrx_word' id='word_1_248' title='bbox 1221 2647 1307 2706; x_wconf 74' lang='lat' dir='ltr'>quam</span> 
     </span>
     <span class='ocr_line' id='line_1_28' title="bbox 186 2702 1308 2783; baseline -0.004 -18"><span class='ocrx_word' id='word_1_249' title='bbox 186 2708 217 2766; x_wconf 89' lang='lat' dir='ltr'>in</span> <span class='ocrx_word' id='word_1_250' title='bbox 239 2725 270 2765; x_wconf 88' lang='lat' dir='ltr'>se</span> <span class='ocrx_word' id='word_1_251' title='bbox 291 2715 408 2783; x_wconf 85' lang='lat' dir='ltr'>experta</span> <span class='ocrx_word' id='word_1_252' title='bbox 428 2714 490 2763; x_wconf 90' lang='lat' dir='ltr'>erat</span> <span class='ocrx_word' id='word_1_253' title='bbox 508 2703 568 2761; x_wconf 90' lang='lat' dir='ltr'>Dei</span> <span class='ocrx_word' id='word_1_254' title='bbox 592 2703 835 2775; x_wconf 85' lang='lat' dir='ltr'>misericordiam,</span> <span class='ocrx_word' id='word_1_255' title='bbox 859 2702 984 2762; x_wconf 88' lang='lat' dir='ltr'>sollenni</span> <span class='ocrx_word' id='word_1_256' title='bbox 1009 2702 1166 2783; x_wconf 81' lang='lat' dir='ltr'>gratiarum</span> <span class='ocrx_word' id='word_1_257' title='bbox 1191 2705 1308 2774; x_wconf 83' lang='lat' dir='ltr'>actione</span> 
     </span>
    </p>
   </div>
   <div class='ocr_carea' id='block_1_7' title="bbox 99 2776 1308 2859">
    <p class='ocr_par' dir='ltr' id='par_1_7' title="bbox 99 2776 1308 2859">
     <span class='ocr_line' id='line_1_29' title="bbox 99 2776 1308 2859; baseline -0.002 -17"><span class='ocrx_word' id='word_1_258' title='bbox 99 2781 102 2790; x_wconf 89' lang='lat'>&#39;</span> <span class='ocrx_word' id='word_1_259' title='bbox 186 2780 324 2842; x_wconf 81' lang='lat' dir='ltr'>celebrat.</span> <span class='ocrx_word' id='word_1_260' title='bbox 374 2778 496 2837; x_wconf 78' lang='lat' dir='ltr'>Deindet</span> <span class='ocrx_word' id='word_1_261' title='bbox 523 2778 708 2858; x_wconf 83' lang='lat' dir='ltr'>generalibus</span> <span class='ocrx_word' id='word_1_262' title='bbox 739 2776 841 2859; x_wconf 84' lang='lat' dir='ltr'>elogiis</span> <span class='ocrx_word' id='word_1_263' title='bbox 865 2779 924 2837; x_wconf 87' lang='lat' dir='ltr'>Dei</span> <span class='ocrx_word' id='word_1_264' title='bbox 956 2779 1118 2858; x_wconf 89' lang='lat' dir='ltr'>potentiam</span> <span class='ocrx_word' id='word_1_265' title='bbox 1144 2791 1173 2838; x_wconf 91' lang='lat' dir='ltr'>et</span> <span class='ocrx_word' id='word_1_266' title='bbox 1202 2776 1308 2840; x_wconf 88' lang='lat' dir='ltr'>iudicia</span> 
     </span>
    </p>
   </div>
   <div class='ocr_carea' id='block_1_8' title="bbox 125 2853 1309 4018">
    <p class='ocr_par' dir='ltr' id='par_1_8' title="bbox 170 2853 1309 3010">
     <span class='ocr_line' id='line_1_30' title="bbox 170 2853 1309 2944; baseline -0.001 -28"><span class='ocrx_word' id='word_1_267' title='bbox 170 2856 382 2932; x_wconf 84' lang='lat' dir='ltr'>commendat.</span> <span class='ocrx_word' id='word_1_268' title='bbox 434 2853 566 2916; x_wconf 89' lang='lat' dir='ltr'>Tandem</span> <span class='ocrx_word' id='word_1_269' title='bbox 594 2874 627 2912; x_wconf 90' lang='lat' dir='ltr'>ea</span> <span class='ocrx_word' id='word_1_270' title='bbox 650 2855 852 2933; x_wconf 80' lang='lat' dir='ltr'>accommodat</span> <span class='ocrx_word' id='word_1_271' title='bbox 877 2855 1023 2944; x_wconf 83' lang='lat' dir='ltr'>praesenti</span> <span class='ocrx_word' id='word_1_272' title='bbox 1047 2876 1163 2930; x_wconf 89' lang='lat' dir='ltr'>causae,</span> <span class='ocrx_word' id='word_1_273' title='bbox 1193 2856 1246 2915; x_wconf 86' lang='lat' dir='ltr'>ubi</span> <span class='ocrx_word' id='word_1_274' title='bbox 1271 2856 1309 2916; x_wconf 93' lang='lat' dir='ltr'>de</span> 
     </span>
     <span class='ocr_line' id='line_1_31' title="bbox 185 2929 1230 3010; baseline -0.002 -18"><span class='ocrx_word' id='word_1_275' title='bbox 185 2931 389 3010; x_wconf 84' lang='lat' dir='ltr'>redemptione</span> <span class='ocrx_word' id='word_1_276' title='bbox 410 2929 479 2990; x_wconf 91' lang='lat' dir='ltr'>olim</span> <span class='ocrx_word' id='word_1_277' title='bbox 500 2929 647 2990; x_wconf 86' lang='lat' dir='ltr'>Ecclesiae</span> <span class='ocrx_word' id='word_1_278' title='bbox 660 2929 806 3008; x_wconf 48' lang='lat' dir='ltr'>¹promissa</span> <span class='ocrx_word' id='word_1_279' title='bbox 827 2941 856 2988; x_wconf 92' lang='lat' dir='ltr'>et</span> <span class='ocrx_word' id='word_1_280' title='bbox 875 2953 931 2988; x_wconf 84' lang='lat' dir='ltr'>ram</span> <span class='ocrx_word' id='word_1_281' title='bbox 952 2932 1089 3010; x_wconf 88' lang='lat' dir='ltr'>praestita</span> <span class='ocrx_word' id='word_1_282' title='bbox 1110 2933 1230 2992; x_wconf 89' lang='lat' dir='ltr'>disserit.</span> 
     </span>
    </p>

    <p class='ocr_par' dir='ltr' id='par_1_9' title="bbox 125 3006 1309 3524">
     <span class='ocr_line' id='line_1_32' title="bbox 262 3006 1309 3087; baseline 0.004 -22"><span class='ocrx_word' id='word_1_283' title='bbox 262 3013 309 3071; x_wconf 84' lang='grc'>46.</span> <span class='ocrx_word' id='word_1_284' title='bbox 347 3006 528 3084; x_wconf 69' lang='lat' dir='ltr'>Magnificot</span> <span class='ocrx_word' id='word_1_285' title='bbox 545 3009 644 3064; x_wconf 73' lang='lat' dir='ltr'>uulnus</span> <span class='ocrx_word' id='word_1_286' title='bbox 662 3027 733 3064; x_wconf 82' lang='lat' dir='ltr'>mea.</span> <span class='ocrx_word' id='word_1_287' title='bbox 778 3006 836 3066; x_wconf 88' lang='lat' dir='ltr'>Hic</span> <span class='ocrx_word' id='word_1_288' title='bbox 856 3008 1061 3087; x_wconf 84' lang='lat' dir='ltr'>gratitudinem</span> <span class='ocrx_word' id='word_1_289' title='bbox 1081 3029 1160 3068; x_wconf 90' lang='lat' dir='ltr'>suam</span> <span class='ocrx_word' id='word_1_290' title='bbox 1185 3021 1309 3069; x_wconf 87' lang='lat' dir='ltr'>testatur</span> 
     </span>
     <span class='ocr_line' id='line_1_33' title="bbox 185 3082 1308 3166; baseline 0.002 -23"><span class='ocrx_word' id='word_1_291' title='bbox 185 3083 290 3159; x_wconf 85' lang='lat' dir='ltr'>Maria,</span> <span class='ocrx_word' id='word_1_292' title='bbox 311 3083 556 3162; x_wconf 87' lang='lat' dir='ltr'>quemadmodum</span> <span class='ocrx_word' id='word_1_293' title='bbox 577 3103 671 3162; x_wconf 91' lang='lat' dir='ltr'>nuper</span> <span class='ocrx_word' id='word_1_294' title='bbox 690 3082 798 3142; x_wconf 85' lang='lat' dir='ltr'>dictum</span> <span class='ocrx_word' id='word_1_295' title='bbox 824 3095 875 3142; x_wconf 82' lang='lat' dir='ltr'>est</span> <span class='ocrx_word' id='word_1_296' title='bbox 916 3083 994 3158; x_wconf 87' lang='lat' dir='ltr'>Quia</span> <span class='ocrx_word' id='word_1_297' title='bbox 1013 3096 1108 3144; x_wconf 89' lang='lat' dir='ltr'>autem</span> <span class='ocrx_word' id='word_1_298' title='bbox 1134 3085 1308 3166; x_wconf 89' lang='lat' dir='ltr'>plerumque</span> 
     </span>
     <span class='ocr_line' id='line_1_34' title="bbox 184 3158 1307 3252; baseline 0.002 -32"><span class='ocrx_word' id='word_1_299' title='bbox 184 3160 356 3252; x_wconf 77' lang='lat' dir='ltr'>hypocritae</span> <span class='ocrx_word' id='word_1_300' title='bbox 376 3160 469 3239; x_wconf 91' lang='lat' dir='ltr'>plenis</span> <span class='ocrx_word' id='word_1_301' title='bbox 489 3158 603 3229; x_wconf 87' lang='lat' dir='ltr'>buccis,</span> <span class='ocrx_word' id='word_1_302' title='bbox 624 3158 704 3217; x_wconf 94' lang='lat' dir='ltr'>nullo</span> <span class='ocrx_word' id='word_1_303' title='bbox 726 3159 823 3218; x_wconf 87' lang='lat' dir='ltr'>cordis</span> <span class='ocrx_word' id='word_1_304' title='bbox 842 3158 965 3234; x_wconf 76' lang='lat' dir='ltr'>aflectu,</span> <span class='ocrx_word' id='word_1_305' title='bbox 985 3161 1041 3219; x_wconf 88' lang='lat' dir='ltr'>Dei</span> <span class='ocrx_word' id='word_1_306' title='bbox 1061 3161 1159 3225; x_wconf 86' lang='lat' dir='ltr'>laudes</span> <span class='ocrx_word' id='word_1_307' title='bbox 1178 3174 1307 3239; x_wconf 83' lang='lat' dir='ltr'>cantant,</span> 
     </span>
     <span class='ocr_line' id='line_1_35' title="bbox 186 3235 1307 3310; baseline 0.002 -14"><span class='ocrx_word' id='word_1_308' title='bbox 186 3237 260 3297; x_wconf 88' lang='lat' dir='ltr'>drcit</span> <span class='ocrx_word' id='word_1_309' title='bbox 279 3237 386 3310; x_wconf 86' lang='lat' dir='ltr'>Maria,</span> <span class='ocrx_word' id='word_1_310' title='bbox 406 3256 437 3295; x_wconf 85' lang='lat' dir='ltr'>se</span> <span class='ocrx_word' id='word_1_311' title='bbox 458 3254 492 3293; x_wconf 79' lang='lat' dir='ltr'>ex</span> <span class='ocrx_word' id='word_1_312' title='bbox 510 3235 651 3300; x_wconf 88' lang='lat' dir='ltr'>interiore</span> <span class='ocrx_word' id='word_1_313' title='bbox 671 3235 760 3294; x_wconf 89' lang='lat' dir='ltr'>animi</span> <span class='ocrx_word' id='word_1_314' title='bbox 779 3257 864 3295; x_wconf 90' lang='lat' dir='ltr'>sensu</span> <span class='ocrx_word' id='word_1_315' title='bbox 884 3236 1000 3296; x_wconf 88' lang='lat' dir='ltr'>laudare</span> <span class='ocrx_word' id='word_1_316' title='bbox 1019 3238 1124 3296; x_wconf 88' lang='lat' dir='ltr'>Deum.</span> <span class='ocrx_word' id='word_1_317' title='bbox 1168 3239 1207 3298; x_wconf 91' lang='lat' dir='ltr'>Et</span> <span class='ocrx_word' id='word_1_318' title='bbox 1226 3253 1307 3299; x_wconf 91' lang='lat' dir='ltr'>certe</span> 
     </span>
     <span class='ocr_line' id='line_1_36' title="bbox 185 3311 1306 3393; baseline 0.003 -21"><span class='ocrx_word' id='word_1_319' title='bbox 185 3312 259 3372; x_wconf 88' lang='lat' dir='ltr'>nihil</span> <span class='ocrx_word' id='word_1_320' title='bbox 279 3313 355 3372; x_wconf 90' lang='lat' dir='ltr'>aliud</span> <span class='ocrx_word' id='word_1_321' title='bbox 368 3333 453 3393; x_wconf 90' lang='lat' dir='ltr'>quaro</span> <span class='ocrx_word' id='word_1_322' title='bbox 474 3333 587 3372; x_wconf 89' lang='lat' dir='ltr'>sacrum</span> <span class='ocrx_word' id='word_1_323' title='bbox 599 3311 656 3382; x_wconf 83' lang='lat' dir='ltr'>Dei</span> <span class='ocrx_word' id='word_1_324' title='bbox 677 3332 785 3372; x_wconf 89' lang='lat' dir='ltr'>nomen</span> <span class='ocrx_word' id='word_1_325' title='bbox 805 3313 972 3392; x_wconf 85' lang='lat' dir='ltr'>profanant,</span> <span class='ocrx_word' id='word_1_326' title='bbox 1012 3313 1041 3372; x_wconf 90' lang='lat' dir='ltr'>ui</span> <span class='ocrx_word' id='word_1_327' title='bbox 1062 3335 1123 3374; x_wconf 92' lang='lat' dir='ltr'>uon</span> <span class='ocrx_word' id='word_1_328' title='bbox 1143 3334 1177 3373; x_wconf 84' lang='lat' dir='ltr'>ex</span> <span class='ocrx_word' id='word_1_329' title='bbox 1196 3315 1306 3390; x_wconf 87' lang='lat' dir='ltr'>animo,</span> 
     </span>
     <span class='ocr_line' id='line_1_37' title="bbox 125 3333 1307 3524; baseline 0.002 -73"><span class='ocrx_word' id='word_1_330' title='bbox 125 3401 127 3404; x_wconf 82' lang='grc'><strong>’</strong></span> <span class='ocrx_word' id='word_1_331' title='bbox 185 3389 238 3483; x_wconf 78' lang='lat' dir='ltr'>sed</span> <span class='ocrx_word' id='word_1_332' title='bbox 269 3388 368 3470; x_wconf 87' lang='lat' dir='ltr'>liugna</span> <span class='ocrx_word' id='word_1_333' title='bbox 399 3400 512 3448; x_wconf 90' lang='lat' dir='ltr'>tantum</span> <span class='ocrx_word' id='word_1_334' title='bbox 543 3389 711 3468; x_wconf 89' lang='lat' dir='ltr'>praedicant</span> <span class='ocrx_word' id='word_1_335' title='bbox 737 3389 797 3449; x_wconf 92' lang='lat' dir='ltr'>eius</span> <span class='ocrx_word' id='word_1_336' title='bbox 822 3388 957 3524; x_wconf 51' lang='lat' dir='ltr'>gloriam.</span> <span class='ocrx_word' id='word_1_337' title='bbox 991 3333 1089 3449; x_wconf 62' lang='lat' dir='ltr'>lorro</span> <span class='ocrx_word' id='word_1_338' title='bbox 1110 3411 1199 3470; x_wconf 86' lang='lat' dir='ltr'>quum</span> <span class='ocrx_word' id='word_1_339' title='bbox 1218 3409 1307 3453; x_wconf 75' lang='lat' dir='ltr'>voces</span> 
     </span>
    </p>

    <p class='ocr_par' dir='ltr' id='par_1_10' title="bbox 184 3464 1307 4018">
     <span class='ocr_line' id='line_1_38' title="bbox 185 3464 804 3542; baseline -0.005 -16"><span class='ocrx_word' id='word_1_340' title='bbox 185 3487 300 3536; x_wconf 77' lang='lat' dir='ltr'>ammae</span> <span class='ocrx_word' id='word_1_341' title='bbox 319 3477 349 3525; x_wconf 92' lang='lat' dir='ltr'>et</span> <span class='ocrx_word' id='word_1_342' title='bbox 372 3467 490 3542; x_wconf 65' lang='lat' dir='ltr'>spiratus</span> <span class='ocrx_word' id='word_1_343' title='bbox 508 3464 585 3524; x_wconf 86' lang='lat' dir='ltr'>varie</span> <span class='ocrx_word' id='word_1_344' title='bbox 604 3478 754 3524; x_wconf 90' lang='lat' dir='ltr'>sumantur</span> <span class='ocrx_word' id='word_1_345' title='bbox 773 3465 804 3523; x_wconf 89' lang='lat' dir='ltr'>in</span> 
     </span>
     <span class='ocr_line' id='line_1_39' title="bbox 185 3540 1306 3624; baseline 0.003 -22"><span class='ocrx_word' id='word_1_346' title='bbox 185 3542 303 3602; x_wconf 90' lang='lat' dir='ltr'>iunctae</span> <span class='ocrx_word' id='word_1_347' title='bbox 324 3541 392 3602; x_wconf 87' lang='lat' dir='ltr'>duas</span> <span class='ocrx_word' id='word_1_348' title='bbox 411 3541 525 3600; x_wconf 79' lang='lat' dir='ltr'>animae</span> <span class='ocrx_word' id='word_1_349' title='bbox 545 3542 701 3620; x_wconf 90' lang='lat' dir='ltr'>praecipue</span> <span class='ocrx_word' id='word_1_350' title='bbox 720 3540 871 3604; x_wconf 80' lang='lat' dir='ltr'>facultates</span> <span class='ocrx_word' id='word_1_351' title='bbox 891 3542 1042 3602; x_wconf 88' lang='lat' dir='ltr'>denotant.</span> <span class='ocrx_word' id='word_1_352' title='bbox 1081 3542 1206 3624; x_wconf 87' lang='lat' dir='ltr'>Spiritus</span> <span class='ocrx_word' id='word_1_353' title='bbox 1227 3545 1306 3606; x_wconf 88' lang='lat' dir='ltr'>enim</span> 
     </span>
     <span class='ocr_line' id='line_1_40' title="bbox 185 3617 1307 3708; baseline 0.003 -30"><span class='ocrx_word' id='word_1_354' title='bbox 185 3617 456 3699; x_wconf 80' lang='lat' dir='ltr'>pro&#39;intelligentia</span> <span class='ocrx_word' id='word_1_355' title='bbox 476 3620 603 3708; x_wconf 88' lang='lat' dir='ltr'>eapitur,</span> <span class='ocrx_word' id='word_1_356' title='bbox 626 3619 749 3678; x_wconf 81' lang='lat' dir='ltr'>Animus</span> <span class='ocrx_word' id='word_1_357' title='bbox 776 3631 873 3678; x_wconf 87' lang='lat' dir='ltr'>autem</span> <span class='ocrx_word' id='word_1_358' title='bbox 893 3639 949 3697; x_wconf 86' lang='lat' dir='ltr'>pro</span> <span class='ocrx_word' id='word_1_359' title='bbox 966 3618 1036 3682; x_wconf 86' lang='lat' dir='ltr'>sede</span> <span class='ocrx_word' id='word_1_360' title='bbox 1056 3619 1223 3682; x_wconf 87' lang='lat' dir='ltr'>allectuum.</span> <span class='ocrx_word' id='word_1_361' title='bbox 1263 3621 1307 3681; x_wconf 93' lang='lat' dir='ltr'>Ut</span> 
     </span>
     <span class='ocr_line' id='line_1_41' title="bbox 184 3694 1305 3787; baseline 0.002 -31"><span class='ocrx_word' id='word_1_362' title='bbox 184 3708 337 3756; x_wconf 85' lang='lat' dir='ltr'>teneamus</span> <span class='ocrx_word' id='word_1_363' title='bbox 360 3705 475 3753; x_wconf 88' lang='lat' dir='ltr'>sanctae</span> <span class='ocrx_word' id='word_1_364' title='bbox 493 3694 614 3787; x_wconf 70' lang='lat' dir='ltr'>virginis</span> <span class='ocrx_word' id='word_1_365' title='bbox 633 3705 780 3770; x_wconf 87' lang='lat' dir='ltr'>mentem,</span> <span class='ocrx_word' id='word_1_366' title='bbox 805 3694 967 3755; x_wconf 84' lang='lat' dir='ltr'>notandum</span> <span class='ocrx_word' id='word_1_367' title='bbox 988 3706 1046 3770; x_wconf 91' lang='lat' dir='ltr'>est,</span> <span class='ocrx_word' id='word_1_368' title='bbox 1092 3698 1151 3756; x_wconf 92' lang='lat' dir='ltr'>uod</span> <span class='ocrx_word' id='word_1_369' title='bbox 1174 3699 1305 3758; x_wconf 90' lang='lat' dir='ltr'>secundo</span> 
     </span>
     <span class='ocr_line' id='line_1_42' title="bbox 184 3717 1306 3850; baseline 0.001 -18"><span class='ocrx_word' id='word_1_370' title='bbox 184 3773 254 3832; x_wconf 93' lang='lat' dir='ltr'>loco</span> <span class='ocrx_word' id='word_1_371' title='bbox 275 3770 321 3830; x_wconf 90' lang='lat' dir='ltr'>hic</span> <span class='ocrx_word' id='word_1_372' title='bbox 341 3770 475 3850; x_wconf 75' lang='lat' dir='ltr'>ponitur,</span> <span class='ocrx_word' id='word_1_373' title='bbox 489 3773 593 3830; x_wconf 80' lang='lat' dir='ltr'>ordine</span> <span class='ocrx_word' id='word_1_374' title='bbox 614 3771 694 3850; x_wconf 89' lang='lat' dir='ltr'>prius</span> <span class='ocrx_word' id='word_1_375' title='bbox 713 3790 784 3833; x_wconf 88' lang='lat' dir='ltr'>esse.</span> <span class='ocrx_word' id='word_1_376' title='bbox 805 3774 896 3832; x_wconf 87' lang='lat' dir='ltr'>-Nam</span> <span class='ocrx_word' id='word_1_377' title='bbox 917 3785 949 3832; x_wconf 88' lang='lat' dir='ltr'>ut</span> <span class='ocrx_word' id='word_1_378' title='bbox 969 3772 1004 3831; x_wconf 90' lang='lat' dir='ltr'>ad</span> <span class='ocrx_word' id='word_1_379' title='bbox 1024 3717 1196 3833; x_wconf 81' lang='lat' dir='ltr'>laudandum</span> <span class='ocrx_word' id='word_1_380' title='bbox 1208 3773 1306 3833; x_wconf 87' lang='lat' dir='ltr'>Deum</span> 
     </span>
     <span class='ocr_line' id='line_1_43' title="bbox 185 3847 1307 3928; baseline 0 -18"><span class='ocrx_word' id='word_1_381' title='bbox 185 3849 325 3910; x_wconf 85' lang='lat' dir='ltr'>incitetur</span> <span class='ocrx_word' id='word_1_382' title='bbox 352 3847 478 3906; x_wconf 86' lang='lat' dir='ltr'>hominis</span> <span class='ocrx_word' id='word_1_383' title='bbox 501 3847 649 3920; x_wconf 83' lang='lat' dir='ltr'>voluntas,</span> <span class='ocrx_word' id='word_1_384' title='bbox 699 3847 834 3908; x_wconf 85' lang='lat' dir='ltr'>raecedat</span> <span class='ocrx_word' id='word_1_385' title='bbox 863 3847 980 3928; x_wconf 85' lang='lat' dir='ltr'>spiritus</span> <span class='ocrx_word' id='word_1_386' title='bbox 1012 3849 1162 3909; x_wconf 85' lang='lat' dir='ltr'>exsultatio</span> <span class='ocrx_word' id='word_1_387' title='bbox 1186 3870 1307 3910; x_wconf 86' lang='lat' dir='ltr'>necesse</span> 
     </span>
     <span class='ocr_line' id='line_1_44' title="bbox 186 3869 1306 4018; baseline 0.003 -32"><span class='ocrx_word' id='word_1_388' title='bbox 186 3938 243 3986; x_wconf 83' lang='lat' dir='ltr'>est:</span> <span class='ocrx_word' id='word_1_389' title='bbox 264 3923 508 4018; x_wconf 72' lang='lat' dir='ltr'>quemadmodum</span> <span class='ocrx_word' id='word_1_390' title='bbox 527 3923 651 3983; x_wconf 85' lang='lat' dir='ltr'>Iacobus</span> <span class='ocrx_word' id='word_1_391' title='bbox 672 3869 759 3983; x_wconf 78' lang='lat' dir='ltr'>docet</span> <span class='ocrx_word' id='word_1_392' title='bbox 778 3927 821 4004; x_wconf 82' lang='lat'>(5,</span> <span class='ocrx_word' id='word_1_393' title='bbox 841 3925 915 4001; x_wconf 64' lang='lat' dir='ltr'>lb),</span> <span class='ocrx_word' id='word_1_394' title='bbox 934 3927 1073 3984; x_wconf 83' lang='lat' dir='ltr'>Laetatur</span> <span class='ocrx_word' id='word_1_395' title='bbox 1093 3926 1175 4005; x_wconf 79' lang='lat' dir='ltr'>quis?</span> <span class='ocrx_word' id='word_1_396' title='bbox 1194 3926 1306 4005; x_wconf 80' lang='lat' dir='ltr'>psaltae.</span> 
     </span>
    </p>
   </div>
   <div class='ocr_carea' id='block_1_9' title="bbox 85 3998 1307 4084">
    <p class='ocr_par' dir='ltr' id='par_1_11' title="bbox 85 3998 1307 4084">
     <span class='ocr_line' id='line_1_45' title="bbox 85 3998 1307 4084; baseline 0.003 -24"><span class='ocrx_word' id='word_1_397' title='bbox 85 4010 88 4018; x_wconf 82' lang='grc'><em>’</em></span> <span class='ocrx_word' id='word_1_398' title='bbox 185 4000 317 4061; x_wconf 82' lang='lat' dir='ltr'>Tristrtia</span> <span class='ocrx_word' id='word_1_399' title='bbox 338 4000 416 4063; x_wconf 86' lang='lat' dir='ltr'>euim</span> <span class='ocrx_word' id='word_1_400' title='bbox 436 4010 465 4057; x_wconf 90' lang='lat' dir='ltr'>et</span> <span class='ocrx_word' id='word_1_401' title='bbox 486 3998 611 4058; x_wconf 85' lang='lat' dir='ltr'>anxietas</span> <span class='ocrx_word' id='word_1_402' title='bbox 631 4012 692 4058; x_wconf 90' lang='lat' dir='ltr'>tum</span> <span class='ocrx_word' id='word_1_403' title='bbox 713 4001 841 4064; x_wconf 87' lang='lat' dir='ltr'>animum</span> <span class='ocrx_word' id='word_1_404' title='bbox 861 4003 1078 4080; x_wconf 82' lang='lat' dir='ltr'>constringunt,</span> <span class='ocrx_word' id='word_1_405' title='bbox 1096 4015 1157 4062; x_wconf 90' lang='lat' dir='ltr'>tum</span> <span class='ocrx_word' id='word_1_406' title='bbox 1177 4003 1307 4084; x_wconf 75' lang='lat' dir='ltr'>linguam</span> 
     </span>
    </p>
   </div>
   <div class='ocr_carea' id='block_1_10' title="bbox 185 4075 1308 4446">
    <p class='ocr_par' dir='ltr' id='par_1_12' title="bbox 185 4075 1308 4446">
     <span class='ocr_line' id='line_1_46' title="bbox 185 4075 1307 4160; baseline 0.004 -25"><span class='ocrx_word' id='word_1_407' title='bbox 185 4077 351 4158; x_wconf 83' lang='lat' dir='ltr'>impediunt</span> <span class='ocrx_word' id='word_1_408' title='bbox 375 4097 391 4135; x_wconf 82' lang='lat' dir='ltr'>a</span> <span class='ocrx_word' id='word_1_409' title='bbox 415 4075 588 4135; x_wconf 89' lang='lat' dir='ltr'>celebranda</span> <span class='ocrx_word' id='word_1_410' title='bbox 606 4075 663 4134; x_wconf 89' lang='lat' dir='ltr'>Dei</span> <span class='ocrx_word' id='word_1_411' title='bbox 688 4077 829 4138; x_wconf 86' lang='lat' dir='ltr'>bonitate.</span> <span class='ocrx_word' id='word_1_412' title='bbox 871 4077 952 4156; x_wconf 79' lang='lat' dir='ltr'>Ergo</span> <span class='ocrx_word' id='word_1_413' title='bbox 977 4079 1029 4138; x_wconf 88' lang='lat' dir='ltr'>ubi</span> <span class='ocrx_word' id='word_1_414' title='bbox 1052 4080 1158 4160; x_wconf 83' lang='lat' dir='ltr'>gaudio</span> <span class='ocrx_word' id='word_1_415' title='bbox 1185 4079 1307 4139; x_wconf 83' lang='lat' dir='ltr'>exsultat</span> 
     </span>
     <span class='ocr_line' id='line_1_47' title="bbox 185 4150 1308 4235; baseline 0.004 -24"><span class='ocrx_word' id='word_1_416' title='bbox 185 4174 268 4214; x_wconf 91' lang='lat' dir='ltr'>mens</span> <span class='ocrx_word' id='word_1_417' title='bbox 278 4155 397 4226; x_wconf 86' lang='lat' dir='ltr'>Mariae,</span> <span class='ocrx_word' id='word_1_418' title='bbox 417 4154 519 4212; x_wconf 86' lang='lat' dir='ltr'>corin</span> <span class='ocrx_word' id='word_1_419' title='bbox 538 4150 729 4212; x_wconf 86' lang='lat' dir='ltr'>laudernDei&#39;</span> <span class='ocrx_word' id='word_1_420' title='bbox 744 4155 877 4235; x_wconf 90' lang='lat' dir='ltr'>erumpit.</span> <span class='ocrx_word' id='word_1_421' title='bbox 915 4157 978 4214; x_wconf 84' lang='lat' dir='ltr'>Nec</span> <span class='ocrx_word' id='word_1_422' title='bbox 998 4155 1048 4214; x_wconf 89' lang='lat' dir='ltr'>abs</span> <span class='ocrx_word' id='word_1_423' title='bbox 1068 4176 1099 4214; x_wconf 88' lang='lat' dir='ltr'>re</span> <span class='ocrx_word' id='word_1_424' title='bbox 1115 4157 1181 4215; x_wconf 91' lang='lat' dir='ltr'>Deo</span> <span class='ocrx_word' id='word_1_425' title='bbox 1200 4154 1308 4215; x_wconf 89' lang='lat' dir='ltr'>tribuit</span> 
     </span>
     <span class='ocr_line' id='line_1_48' title="bbox 187 4228 1307 4311; baseline 0.006 -27"><span class='ocrx_word' id='word_1_426' title='bbox 187 4228 340 4306; x_wconf 82' lang='lat' dir='ltr'>epitheton</span> <span class='ocrx_word' id='word_1_427' title='bbox 362 4229 541 4301; x_wconf 84' lang='lat' dir='ltr'>Servatoris,</span> <span class='ocrx_word' id='word_1_428' title='bbox 567 4250 656 4308; x_wconf 87' lang='lat' dir='ltr'>quum</span> <span class='ocrx_word' id='word_1_429' title='bbox 676 4229 713 4288; x_wconf 89' lang='lat' dir='ltr'>de</span> <span class='ocrx_word' id='word_1_430' title='bbox 733 4229 830 4290; x_wconf 85' lang='lat' dir='ltr'>cordis</span> <span class='ocrx_word' id='word_1_431' title='bbox 849 4229 894 4290; x_wconf 87' lang='lat' dir='ltr'>sul</span> <span class='ocrx_word' id='word_1_432' title='bbox 913 4230 1022 4291; x_wconf 88' lang='lat' dir='ltr'>laetitia</span> <span class='ocrx_word' id='word_1_433' title='bbox 1042 4231 1185 4311; x_wconf 89' lang='lat' dir='ltr'>loquitur,</span> <span class='ocrx_word' id='word_1_434' title='bbox 1209 4231 1307 4292; x_wconf 88' lang='lat' dir='ltr'>donec</span> 
     </span>
     <span class='ocr_line' id='line_1_49' title="bbox 185 4303 1308 4446; baseline 0.009 -86"><span class='ocrx_word' id='word_1_435' title='bbox 185 4303 265 4361; x_wconf 81' lang='lat' dir='ltr'>enim</span> <span class='ocrx_word' id='word_1_436' title='bbox 284 4305 399 4385; x_wconf 81' lang='lat' dir='ltr'>agnitus</span> <span class='ocrx_word' id='word_1_437' title='bbox 417 4305 507 4366; x_wconf 82' lang='lat' dir='ltr'>l&#39;uerit</span> <span class='ocrx_word' id='word_1_438' title='bbox 525 4305 607 4366; x_wconf 86' lang='lat' dir='ltr'>Deus</span> <span class='ocrx_word' id='word_1_439' title='bbox 626 4305 776 4382; x_wconf 88' lang='lat' dir='ltr'>Servator,</span> <span class='ocrx_word' id='word_1_440' title='bbox 795 4327 944 4446; x_wconf 67' lang='lat' dir='ltr'>rnanpuam</span> <span class='ocrx_word' id='word_1_441' title='bbox 962 4307 993 4364; x_wconf 77' lang='lat' dir='ltr'>i&#39;n</span> <span class='ocrx_word' id='word_1_442' title='bbox 1011 4325 1112 4368; x_wconf 83' lang='lat' dir='ltr'>verum</span> <span class='ocrx_word' id='word_1_443' title='bbox 1132 4319 1162 4366; x_wconf 92' lang='lat' dir='ltr'>et</span> <span class='ocrx_word' id='word_1_444' title='bbox 1180 4306 1308 4370; x_wconf 83' lang='lat' dir='ltr'>liberum</span> 
     </span>
    </p>
   </div>
   <div class='ocr_carea' id='block_1_11' title="bbox 161 4378 1308 4480">
    <p class='ocr_par' dir='ltr' id='par_1_13' title="bbox 161 4378 1308 4480">
     <span class='ocr_line' id='line_1_50' title="bbox 161 4378 1308 4480; baseline 0.008 -42"><span class='ocrx_word' id='word_1_445' title='bbox 161 4408 163 4411; x_wconf 32' lang='lat' dir='ltr'>v</span> <span class='ocrx_word' id='word_1_446' title='bbox 186 4378 665 4464; x_wconf 72' lang='lat' dir='ltr'>gaudiumsolrenturlrominum</span> <span class='ocrx_word' id='word_1_447' title='bbox 682 4395 807 4464; x_wconf 83' lang='lat' dir='ltr'>mentes,</span> <span class='ocrx_word' id='word_1_448' title='bbox 825 4403 858 4448; x_wconf 85' lang='lat' dir='ltr'>ae</span> <span class='ocrx_word' id='word_1_449' title='bbox 890 4382 1031 4469; x_wconf 83' lang='lat' dir='ltr'>&#39;perplexe</span> <span class='ocrx_word' id='word_1_450' title='bbox 1044 4395 1075 4446; x_wconf 90' lang='lat' dir='ltr'>et</span> <span class='ocrx_word' id='word_1_451' title='bbox 1090 4383 1217 4480; x_wconf 68' lang='lat' dir='ltr'>sollicite</span> <span class='ocrx_word' id='word_1_452' title='bbox 1236 4383 1308 4450; x_wconf 75' lang='lat' dir='ltr'>hae-</span> 
     </span>
    </p>
   </div>
   <div class='ocr_carea' id='block_1_12' title="bbox 0 0 1416 4756">
    <p class='ocr_par' dir='ltr' id='par_1_14' title="bbox 0 0 1416 4756">
     <span class='ocr_line' id='line_1_51' title="bbox 0 0 1416 4756; baseline 0 0"><span class='ocrx_word' id='word_1_453' title='bbox 0 0 1416 4756; x_wconf 95' lang='lat' dir='ltr'> </span> 
     </span>
    </p>
   </div>
   <div class='ocr_carea' id='block_1_13' title="bbox 848 3465 1405 3544">
    <p class='ocr_par' dir='ltr' id='par_1_15' title="bbox 848 3465 1405 3544">
     <span class='ocr_line' id='line_1_52' title="bbox 848 3465 1405 3544; baseline 0.007 -18"><span class='ocrx_word' id='word_1_454' title='bbox 848 3467 990 3544; x_wconf 88' lang='lat' dir='ltr'>criptura,</span> <span class='ocrx_word' id='word_1_455' title='bbox 1009 3465 1093 3526; x_wconf 89' lang='lat' dir='ltr'>simul</span> <span class='ocrx_word' id='word_1_456' title='bbox 1112 3479 1209 3526; x_wconf 89' lang='lat' dir='ltr'>tamen</span> <span class='ocrx_word' id='word_1_457' title='bbox 1230 3489 1305 3528; x_wconf 88' lang='lat' dir='ltr'>eon·</span> <span class='ocrx_word' id='word_1_458' title='bbox 1404 3515 1405 3540; x_wconf 72' lang='lat'>,</span> 
     </span>
    </p>
   </div>
  </div>
 </body>
</html>
