2808 4748
315 216 317 228 ”
437 222 499 298 (⁷1.
514 195 657 308 'Remulus'
675 219 885 303 Centurionis.)
1167 219 1225 318 199
1306 231 1308 234 -

171 363 334 440 Μετε.,44.
375 361 632 456 Ire-testimouium
651 363 727 428 stlta
777 365 984 457 Testimottr‘mo
1011 339 1131 459 quidam
1161 383 1218 446 pro

90 440 162 520 'lege
181 439 228 501 vel
247 451 356 500 statuto
375 454 532 521 accipiunt,
552 438 795 520 quemadmodum
814 463 846 500 ur
864 441 980 502 Psalmo
1000 441 1216 522 d1c1tar(Psal.

13 541 14 550 ¹
94 523 171 590 122,
194 519 254 592 4.),
291 517 395 578 Posuit
418 517 476 578 hoc
494 518 575 578 Deus
592 517 625 578 iri
650 518 850 578 testimonium
875 518 974 578 Israel.
1017 520 1093 579 Mihi
1117 529 1217 580 tamen

94 593 154 654 hoc
177 592 378 666 videturesse
408 595 561 676 trigidum:
592 613 689 674 neque
718 595 795 654 anim
820 593 924 654 dubito
950 595 1023 674 quin
1052 616 1220 676 pronomen
1300 591 1322 613 '⁸

94 669 157 728 illis
180 670 215 732 ad
241 672 407 732 sacerdotes
431 683 552 752 spectet.
597 672 702 764 Itaque
722 671 758 731 ad
782 670 942 751 praesentis
967 672 1010 730 rei
1030 674 1220 734 circumstan-

94 748 165 804 tiam
185 747 378 808 meoiudicio
399 748 533 810 Christus
553 747 694 830 respexit,
718 750 784 828 quia
808 748 844 809 ad
870 745 1096 808 convincendam
1117 750 1220 810 eoruih

33 825 36 852 ¹
93 821 334 904 ingratitudinem
364 825 395 885 in
427 825 486 886 hoc
514 824 657 886 miraculo
687 827 755 887 satis
780 821 931 886 luculenta'
960 824 1097 905 probatio
1121 826 1220 887 lutura

95 910 166 960 erat.
204 901 267 962 Nec
280 901 488 982 obstat,·quod
506 901 655 984 leprosum
671 915 771 964 tacere
787 902 922 965 Christus
933 901 1028 977 iussit,
1046 901 1113 981 quia
1125 903 1222 972 noluit
1270 957 1272 966 ,

16 987 20 994 ’
92 989 239 1056 perpetuo
259 978 410 1062 ,sepultam
440 979 485 1042 sui
515 979 648 1040 miraculi
677 981 857 1042 memoriam.
905 977 1006 1052 Quum
1038 980 1219 1070 ergoiussu

95 1052 205 1114 Christi
223 1055 253 1114 in
274 1055 433 1117 sacerdotis
453 1069 643 1135 conspectum
661 1058 743 1119 venir
762 1057 910 1138 leprosus,
932 1057 988 1126 hoc
1008 1055 1063 1116 illis
1082 1077 1115 1132 rn
1133 1055 1217 1117 testi-

14 1191 15 1196 ,
91 1131 225 1202 monium
245 1119 320 1206 luit,
351 1133 433 1212 quod
456 1132 663 1194 inexcusabiles
687 1135 840 1195 redderet:
864 1133 889 1192 si
909 1132 1058 1194 Christum
1083 1151 1140 1212 pro
1160 1129 1219 1192 D'e'i

88 1207 228 1274 ‚ministro
253 1209 400 1289 amplecti.
413 1209 543 1282 nollent,
573 1221 603 1270 et
629 1211 715 1272 simul
744 1211 839 1272 ablata
855 1209 919 1270 illis
946 1221 1008 1270 erat
1031 1209 1240 1270 obtrectandi¹

65 1331 68 1338 .
92 1285 220 1362 occasio,
240 1307 329 1365 quum
349 1286 461 1346 nullum
473 1287 560 1370 Legis
580 1309 595 1348 a
619 1287 692 1346 icem
704 1287 837 1351 Christus
853 1287 1013 1362 omitteret.
1050 1286 1088 1346 In
1098 1305 1221 1360 summa,

91 1360 117 1419 si
138 1360 260 1421 fuissent
278 1363 431 1438 sanabiles,
451 1357 556 1423 a'dduci
575 1309 616 1424 ad
632 1361 781 1426 Christum
822 1361 950 1448 oteiant:
970 1358 1128 1424 incredulis
1145 1381 1218 1423 vero

91 1436 271 1498 damnandis·
283 1439 350 1500 satis
370 1439 471 1500 efficax
490 1452 629 1502 erat-tarn
649 1439 789 1502 sollennis
840 1441 866 1501 ei
885 1441 1072 1506 contestatio.
1192 1447 1195 1458 '

168 1519 215 1578 dh
259 1514 366 1576 Uinea
382 1515 708 1592 possctlesustruroire.
738 1518 895 1578 Hinccolli
919 1519 1001 1592 mus,
1021 1515 1218 1580 curtameito
1269 1555 1276 1576 .

91 1589 265 1652 miraculum
291 1592 433 1668 celebrari
456 1593 586 1668 noluerit
606 1595 755 1672 Christus,
776 1615 836 1674 quo
861 1535 973 1658 scilicet
998 1594 1121 1670 liberior
1139 1592 1220 1654 soret

72 1745 73 1750 ¹
92 1665 220 1727 docendi
245 1669 380 1732 facultas:
412 1692 473 1732 non
493 1672 575 1755 quod
594 1672 805 1734 insurrexerint
824 1671 950 1747 hostes,¹
971 1671 1023 1766 qui
1047 1671 1089 1740 illi
1109 1691 1143 1731 os
1163 1669 1220 1730 ob·

13 1747 15 1820 ξ
90 1751 209 1832 struere
219 1746 325 1826 conati,
337 1751 406 1825 sint,
426 1748 477 1809 sed
490 1748 556 1828 quia
566 1760 647 1812 tauta
660 1759 723 1809 erat
732 1749 812 1831 vulgi
827 1750 866 1809 im
889 1759 1034 1811 ortunrtas
1044 1749 1074 1807 iu
1085 1745 1221 1829 llagitan-

91 1817 135 1879 drs
152 1821 308 1898 miraculis,
327 1835 361 1884 ut
372 1845 434 1886 uon
446 1836 571 1886 restaret
579 1826 733 1888 doctrinae
752 1826 844 1888 locus.
893 1825 994 1888 olebat
1013 1837 1109 1886 antem
1119 1838 1222 1884 omnm

90 1895 201 1958 hahere
221 1900 399 1974 adverbum
419 1903 510 1985 magis
530 1904 673 1983 quemad
693 1904 945 1985 signaiutentosr
973 1902 1047 1964 Ideo
1068 1900 1245 1972 dicitLu*
1289 1925 1295 1932 ’
1343 1923 1345 1930 ·

90 1993 153 2048 eas,
177 1965 246 2036 ‘eum
269 1977 414 2040 habitasse
438 1979 469 2040 in
496 1980 627 2042 desertis.
671 1981 880 2062 Frequentiam
901 1984 980 2044 euim
1000 1979 1152 2040 bominum
1173 1978 1220 2044 lu-

89 2052 205 2130 gicbat,
225 2055 292 2134 quia
311 2075 342 2115 se
361 2055 480 2118 videbat
499 2057 601 2138 populi
620 2059 697 2119 votis
717 2079 779 2120 non
797 2059 1026 2134 satisfacturum,
1046 2056 1118 2136 quin
1138 2075 1220 2117 suam

89 2131 254 2192 doctrinam
273 2131 426 2215 signorum
447 2134 532 2212 copia
551 2133 702 2194 obrueret.
787 2167 789 2174 ·

130 2395 215 2477 (71.)
256 2395 428 2462 ΜΑΤΤΗ.
454 2396 540 2461 Vlll.
585 2399 616 2463 5.
649 2399 754 2464 Porro
787 2403 884 2486 quum
902 2402 1076 2492 ‚ingressus
1105 2395 1219 2484 luisset

87 2497 180 2562 Iesus
194 2494 410 2583 Capernaum,
430 2497 510 2563 adiit
530 2520 602 2564 eum
624 2495 793 2578 Centurio,
814 2497 989 2567 obsecrans
1009 2519 1095 2576 eum,
1126 2499 1156 2562 6.
1175 2497 1219 2584 Et

87 2597 218 2675 dicens,
246 2599 403 2677 Domine,
429 2598 570 2666 famulus
593 2623 685 2666 meus
714 2600 881 2665 decumbit
901 2600 989 2668 domi
1010 2587 1218 2686 paralylicus,

87 2723 127 2764 ac
148 2704 288 2786 graviter
309 2699 528 2766 discrucietur.
582 2703 610 2768 7.
635 2703 678 2770 Et
706 2701 784 2767 dicit
809 2700 859 2766 illi
885 2704 993 2780 Iesus,
1026 2701 1097 2786 Ego
1119 2722 1217 2787 quum

85 2823 220 2881 venero,
242 2801 401 2869 medebor
422 2801 481 2868 illi.
522 2805 552 2868 8.
571 2803 614 2869 Et
634 2803 839 2891 respondeus
859 2805 1020 2876 Centurio
1044 2804 1129 2881 dixit,
1148 2803 1218 2868 Do·

82 2908 190 2983 mine,
215 2924 283 2969 non
306 2925 375 2970 sum
396 2905 550 2984 idoneus,
579 2915 614 2970 ut
633 2917 751 2974 tectum
773 2929 879 2972 meum
898 2905 1035 2973 subeas:
1060 2909 1126 2974 imo
1148 2914 1217 2970 tau-

85 3016 152 3071 tum
175 3005 229 3072 dic
241 3003 385 3085 verbum,
408 3016 441 3071 et
461 3004 627 3073 sanabitur
647 3008 786 3073 famulus
807 3031 905 3074 meus.
946 3011 977 3075 9.
995 3009 1125 3092 Etenim
1155 3025 1216 3092 ego

84 3128 155 3172 sum
175 3107 273 3174 homo
296 3105 427 3172 alterius
447 3111 600 3198 potestati
621 3108 777 3192 subditus,
799 3121 831 3178 et
851 3109 960 3177 habeo
981 3109 1041 3176 sub
1062 3131 1113 3174 mc
1135 3107 1217 3176 mili·

85 3217 151 3274 tes:
171 3219 205 3273 et
225 3206 301 3273 dico
321 3207 411 3285 huic,
432 3208 543 3287 Vade,
571 3218 604 3274 et
624 3211 726 3288 uadit:
753 3224 788 3278 et
809 3197 916 3292 alteri,
937 3214 1039 3291 Veni,
1061 3221 1094 3276 et
1113 3211 1216 3278 uenit:

86 3319 119 3374 et
139 3329 236 3374 servo
258 3327 343 3384 meo,
363 3307 429 3372 Fac
450 3307 526 3388 boc,
540 3322 580 3376 ¹et
601 3309 685 3377 lacit.
727 3312 777 3379 10.
798 3315 890 3380 llaec
912 3325 1018 3379 autem
1040 3335 1138 3401 quum
1161 3333 1216 3376 au-

86 3397 187 3476 disset
207 3409 305 3490 lesus,
323 3409 498 3478 admiratus
521 3422 579 3491 est,
602 3423 634 3479 et
656 3415 766 3496 uitiis,
786 3419 841 3502 qui
855 3413 1090 3502 sequebantur,
1110 3409 1215 3480 Amen

86 3508 161 3578 dieo
174 3509 280 3588 vobis,
298 3513 393 3576 nein
404 3511 505 3578 lsrael
519 3514 650 3600 quidem
662 3525 781 3582 tautam
800 3517 901 3582 fidem
923 3501 1040 3604 reperi.
1066 3516 1115 3584 11.
1127 3515 1214 3579 Dice

86 3621 192 3678 autem
212 3611 315 3691 vohis,
341 3613 429 3699 quod
450 3613 541 3682 multi
563 3613 604 3682 ab
628 3617 753 3683 oriente
776 3628 809 3683 et
827 3617 997 3689 occidente
1014 3619 1160 3706 venient,
1183 3625 1217 3680 et

86 3711 278 3780 accumbent
303 3735 374 3778 cum
400 3712 578 3796 Abraham,
608 3719 699 3788 Isaac
727 3729 759 3786 et
784 3718 885 3788 laceb
912 3723 947 3788 in
971 3739 1076 3805 reguo
1104 3704 1214 3784 coelo

85 3831 170 3879 rum:
209 3817 262 3880 ¹12.
289 3815 366 3880 Filii
391 3837 472 3884 vero
503 3821 595 3903 regni
624 3821 793 3896 eiicientur
814 3823 849 3886 iu
874 3818 1026 3887 tenebras
1053 3829 1213 3886 extemasa

86 3909 154 3976 illic
173 3919 234 3980 erit
255 3915 350 3982 fletus
372 3928 406 3983 et
420 3917 549 3998 ,stridor
571 3918 724 3985 dentium.
776 3921 825 3987 13.
850 3923 894 3990 Et
915 3922 994 3990 dixit
1013 3923 1112 3988 lesus
1125 3919 1213 3986 Cen-

60 4093 63 4100 *
87 4016 215 4098 turioni,
232 4015 306 4100 Abi,
327 4029 359 4084 et
373 4009 644 4109 quemadmodum
657 4022 772 4104 credis,
792 4027 837 4090 ita
858 4025 916 4092 liat
937 4023 1011 4093 tibia
1032 4033 1065 4091 et
1083 4033 1214 4094 sanatus
1266 4039 1280 4054 ⁸

90 4123 137 4176 est
155 4109 302 4193 famulus·
316 4123 385 4186 eius
407 4125 440 4188 in
462 4122 543 4190 hora
564 4120 632 4190 illa.

169 4247 269 4318 LUC.
292 4255 362 4322 Vll.
406 4256 438 4346 1.ι
456 4257 565 4343 Quum
587 4221 694 4325 autem
716 4267 967 4326 consummasset
988 4258 1095 4328 omnia
1113 4259 1214 4327 verba

92 4359 148 4410 tua
177 4353 328 4426 audiente
356 4355 497 4466 populo,
517 4360 657 4431 intrent
676 4359 895 4452 Capernaum.
948 4361 977 4432 2.
1005 4358 1216 4438 Centurionis
