2824 4756
504 295 695 360 enarrans
713 296 834 362 tuem.
1001 315 1004 318 ·
1211 309 1232 370 3

109 461 173 504 cam
188 431 268 516 froco
286 440 438 516 notitiam,
461 427 549 522 quarn
569 439 607 502 de
632 441 720 502 rebus
744 442 832 524 gestis
848 443 896 506 rel
915 464 950 506 ex
971 445 1094 528 proprio
1112 444 1232 520 intuitu,
1285 489 1288 504 .

109 519 154 581 vel
184 537 221 578 ex
251 518 374 578 aliorum
400 535 536 580 sermone
553 518 756 598 concipimus.
816 519 891 582 Nam
920 521 957 584 de
985 522 1146 584 manifestis
1165 517 1230 584 Ἠοῖ

111 594 251 676 operibus
271 616 330 656 non
350 595 445 656 minus
464 593 601 656 audiendi
616 606 684 656 sunt
696 594 805 674 oculati
822 606 922 672 testes,
940 621 1024 678 quam
1036 599 1232 680 experientiae

110 671 287 733 credendum
306 684 357 734 est
394 670 480 731 Adde
500 671 581 750 quod
598 671 692 733 Lucas
711 693 774 733 non
793 672 921 766 privatos
938 675 1067 754 sequitur
1086 688 1232 754 auctores,

110 747 162 809 sed
183 748 232 826 qul
255 748 394 809 sermonis
420 749 506 808 etiam
533 748 653 808 luerunt
676 749 813 810 ministrs.
853 750 924 824 Quo
944 749 1043 842 elogio
1065 773 1151 832 supra
1172 753 1231 812 hu-

110 843 213 884 manae
236 825 415 886 auctoritatis
440 825 562 907 gradum
581 845 633 886 eos
653 823 780 886 extollit:
801 825 947 918 significat
965 845 1060 899 enam,
1079 829 1114 888 de
1134 827 1229 890 Evan-

111 899 190 982 gelio
208 901 262 962 sibi
279 913 401 962 testatos
421 921 500 976 esse,
525 897 630 980 quibus
650 902 787 964 divinitus
807 923 868 965 erus
893 901 1062 983 publicandi
1080 905 1231 968 commisse

113 989 175 1044 erat
191 977 348 1058 provincia.
388 977 467 1037 Hinc
487 979 574 1037 etiam
592 977 642 1038 illa
661 978 814 1055 securitas,
839 979 920 1042 cuius
937 978 1026 1060 paulo
1046 992 1113 1058 post
1130 983 1231 1042 memi-

111 1053 168 1128 nit,
190 1075 263 1134 quae
282 1055 337 1114 nisi
355 1053 424 1114 Deo
450 1055 573 1131 nitatur,
598 1056 709 1134 poterit
732 1055 857 1116 subinde
880 1051 1048 1136 inquietari.
1092 1055 1231 1138 Magnum

19 1175 20 1184 a
108 1135 179 1213 ergo
198 1131 316 1211 pondus
335 1130 436 1204 habet,
456 1129 535 1210 quod
555 1131 702 1194 ministros
719 1134 865 1194 sermonis
883 1145 981 1206 vocat,
1000 1130 1131 1211 aquibus
1150 1153 1232 1194 acee-

18 1193 20 1220 '
106 1209 149 1286 pit
167 1230 250 1268 suum
271 1206 476 1289 Evangelium,
495 1206 562 1287 quia
581 1208 650 1267 inde
670 1207 814 1290 colligunt
832 1208 943 1283 fideles,
961 1219 1049 1270 testes
1070 1228 1132 1268 csse
1152 1212 1232 1270 omhl

106 1284 279 1364 exceptione
298 1284 437 1359 maiores,
465 1295 498 1343 ut
517 1283 679 1363 loquuntur
696 1285 908 1362 Iureconsultl,
934 1297 965 1346 et
988 1307 1061 1366 quos
1080 1283 1235 1364 repudiare

106 1358 147 1420 las
166 1381 227 1420 nou
248 1361 297 1421 sit.
336 1361 471 1422 Erasmus
491 1361 557 1440 (qui
577 1379 611 1421 ex
629 1360 755 1443 Virgilio
775 1373 921 1424 mutuatus
941 1359 1085 1441 estquod
1104 1370 1232 1422 transtu-

105 1434 148 1512 lit,
168 1449 284 1518 partem
304 1436 430 1516 aliquam
450 1436 552 1514 luisse)
578 1458 641 1498 non
664 1438 732 1499 satis
752 1439 906 1520 expendit,
930 1439 1032 1519 quanti
1056 1437 1234 1500 aestimanda

84 1519 87 1524 ’
106 1526 180 1574 esset
199 1513 261 1573 Dei
279 1513 415 1587 vocatio,
438 1525 488 1574 aut
528 1513 577 1572 uid
595 1513 715 1576 valeret.
752 1515 823 1578 Non
842 1515 921 1576 enim
939 1513 1064 1596 profano
1083 1533 1167 1576 more
1187 1512 1234 1576 lo·

105 1591 203 1670 quitur
221 1591 337 1668 Lucas,
364 1590 417 1650 sed
436 1588 472 1650 ad
493 1589 517 1652 C
540 1590 602 1650 risti
621 1591 790 1652 mandatum
814 1591 845 1652 in
866 1612 992 1672 persona
1011 1592 1056 1652 sui
1075 1589 1234 1672 Theophili

105 1668 253 1748 respicere
275 1688 330 1728 nos
349 1666 449 1742 iubet,
468 1678 502 1726 ut
519 1667 578 1726 Dei
596 1666 704 1727 Filium
727 1680 898 1730 reverenter
921 1667 1068 1729 audiamus
1092 1688 1147 1748 per
1165 1688 1233 1730 suos

105 1743 270 1823 Apostolos
289 1743 468 1824 loquentem.
506 1743 650 1826 Magnum
670 1756 723 1820 est,
742 1744 823 1824 quod
840 1757 1020 1824 spectatores
1041 1743 1128 1822 baisse
1149 1743 1234 1804 dicit:

104 1820 328 1882 administros
347 1819 479 1883 vocando
500 1837 552 1882 eos
574 1821 672 1880 eximit
691 1842 708 1882 a
728 1821 877 1882 communi
896 1819 1047 1882 hominum
1066 1820 1181 1894 ordine,
1202 1835 1235 1882 ut

35 1944 36 1950 ,
103 1895 174 1957 fides
195 1907 296 1957 nostra
322 1917 402 1957 suam
426 1896 457 1956 in
483 1895 568 1958 coelo
595 1896 735 1959 fulturam
760 1897 881 1973 haheat,
905 1918 966 1958 non
986 1897 1018 1958 in
1041 1909 1129 1957 terra.
1166 1899 1235 1959 Hoc

104 1984 201 2034 autem
221 1973 278 2034 sibi
298 1974 359 2034 vult
376 1973 407 2033 in
433 1995 543 2034 summa
562 1974 671 2053 Lucas,
701 1987 735 2036 ut
764 1974 856 2036 literis
881 1973 1008 2036 fideliter
1032 1977 1234 2056 consignatum

103 2050 231 2125 habens,
252 2051 331 2129 quod
359 2050 498 2111 didiceras
528 2051 652 2112 antebac
671 2052 735 2113 viva
753 2072 843 2127 voce,
867 2052 995 2112 securius
1016 2051 1182 2130 acquiescas
1203 2053 1234 2110 in

103 2139 224 2208 recepta
244 2127 404 2187 doctrina,-
424 2127 512 2186 Unde
532 2139 663 2219 apparet,
682 2128 776 2189 modis
793 2128 931 2188 omnibus
950 2127 1125 2208 promissum
1146 2125 1235 2188 luisse

104 2223 120 2262 a
138 2203 228 2281 Deo,
254 2223 293 2263 ne
317 2223 351 2262 ex
371 2202 645 2274 dubiis‘homrnum
672 2204 857 2266 sermonibus
883 2225 1020 2285 suspensa
1041 2203 1113 2263 fides
1134 2217 1235 2265 nostra

102 2277 269 2352 fluctuaret.
309 2279 380 2353 Quo
400 2280 494 2340 minus
515 2277 684 2339 excusabilis
704 2291 748 2340 est
767 2279 870 2339 mundi
894 2279 1092 2362 ingratitudo,
1116 2280 1167 2360 qui
1185 2303 1235 2340 va-

124 2379 159 2418 os
181 2367 212 2415 et
231 2367 343 2415 temere
362 2376 475 2434 sparsos
494 2374 645 2432 rumores,
670 2357 701 2414 iu
722 2354 827 2435 quibus
847 2354 989 2430 alternet,
1011 2355 1092 2434 quael
1113 2375 1147 2414 ex
1165 2375 1237 2434 pro-

102 2375 185 2494 lasso
204 2444 343 2511 appetens
363 2440 476 2489 tantum
486 2429 545 2488 Dei
563 2429 741 2490 beneficium
760 2431 881 2509 respuit.
918 2431 981 2488 Nos
997 2449 1067 2488 vero
1088 2441 1237 2490 teneamus

18 2525 19 2534 ¹
102 2509 224 2589 insigne
245 2505 399 2565 discrimen
420 2506 500 2584 quod
518 2503 664 2564 Dominus
689 2505 884 2582 interposuit,
915 2523 954 2564 ue
979 2503 1059 2563 latua
1084 2503 1237 2567 credulitas

69 2608 77 2630 ¹·
102 2605 163 2670 pro
184 2581 243 2642 fide
268 2601 299 2642 se
321 2581 462 2641 venditet
510 2580 631 2638 Interea
660 2579 800 2639 mundum
826 2579 968 2653 sinamus,
997 2591 1031 2643 ut
1055 2579 1158 2662 dignus
1184 2595 1238 2656 est,

103 2661 214 2725 stultae
234 2656 409 2718 curiositatis
428 2655 577 2717 illecebris
597 2655 757 2727 ipercatum
776 2656 903 2718 Satanae
922 2653 1053 2734 fallaciis,
1072 2657 1133 2718 imo
1153 2679 1238 2740 prae-

103 2737 199 2822 stigiis
219 2735 300 2796 ultro
320 2754 352 2796 se
370 2731 514 2795 addicere.
559 2768 562 2797 t
679 2770 681 2779 ν
887 2750 891 2758 ·
992 2749 993 2752 ’
1122 2739 1124 2744 ’

181 2819 210 2880 3.
254 2808 392 2874 Omnibus
409 2824 512 2870 warte
523 2809 732 2886 pooesugaru.
752 2810 846 2870 Vetus
857 2809 1002 2892 interpres
1013 2809 1114 2888 babet,
1129 2811 1237 2874 Omnia

105 2902 272 2971 assequuto.
315 2887 355 2947 Et
379 2887 501 2948 verbum
527 2907 663 2970 graecum
687 2886 940 3021 (nepaxolovtsiy
970 2885 1173 2967 metaphorice
1200 2890 1237 2950 ab

105 2970 139 3030 iis
160 2967 319 3028 deductum
339 2976 393 3041 est,
414 2965 465 3044 qui
483 2963 614 3045 vestigiis
634 2963 783 3038 insistunt,
803 2981 841 3020 ne
862 2961 911 3040 qui
951 2963 1031 3098 ipsos
1052 2965 1152 3046 fugiat.
1184 2965 1236 3024 Se'·

107 3045 208 3106 dulum
230 3063 303 3125 ergo
327 3039 492 3102 sciscitandi
516 3039 643 3102 studium
663 3039 825 3120 exprimere
843 3038 943 3098 voluit
987 3061 1073 3114 ucas,
1098 3041 1237 3120 quemad-

105 3121 229 3182 modum
248 3119 354 3179 eodem
372 3117 465 3179 verbo
485 3117 577 3179 utitur
595 3115 828 3190 Demosthenes,
848 3113 918 3175 dum
937 3116 968 3176 in
988 3116 1238 3177 examinandale-

106 3199 244 3282 gationc,
270 3216 356 3275 quam
381 3204 511 3269 accusat,
542 3206 652 3254 setam
678 3192 850 3274 diligentem
876 3189 966 3253 luisse
983 3191 1091 3266 iactat,
1124 3205 1237 3254 utnon

107 3295 190 3336 secus
229 3270 412 3353 perspexerit
450 3287 642 3360 quaeeunque
680 3280 746 3330 acta
785 3279 886 3344 erant,
930 3270 988 3330 acsi
1031 3271 1093 3350 ipse
1138 3269 1239 3329 luisset
1311 3333 1313 3340 ¹

107 3363 265 3434 spectator.
318 3433 321 3440 ι

283 3697 316 3780 3
412 3640 652 3732 SECTIO
686 3640 769 3732 ·ΙΙ.,
809 3659 942 3748 o-lat

265 3907 277 3926 =
322 3829 504 3972 ioannis
539 3882 784 3941 narrrsuaa
818 3883 1031 3976 stratus,

148 4103 208 4186 (2.)
229 4100 331 4168 LUC.
352 4101 377 4166 1.
419 4039 545 4165 astute
565 4047 605 4164 in:
621 4031 742 4168 diebus5
750 4042 894 4170 llerddis
904 4094 1004 4184 Regis
1024 4086 1166 4191 Iudaeae
1187 4115 1236 4160 aa·
1293 4055 1303 4068 l
1392 4087 1393 4096 ’

109 4203 225 4271 cardos
241 4202 379 4290 quidam,
397 4205 528 4266 nornine
544 4199 714 4268 Zacharias
735 4187 780 4276 de,
798 4205 869 4274 vice
881 4197 979 4266 Abia:
995 4195 1034 4263 'et
1052 4213 1137 4264 uxor
1152 4191 1240 4294 illius
1325 4235 1335 4250 .

110 4304 151 4370 de
170 4303 303 4370 filiabus
318 4303 439 4381 Aaron,
461 4311 494 4368 ct
514 4301 635 4370 nomen
657 4305 727 4368 eius
741 4301 919 4370 Elisabeth.
960 4300 990 4366 t.
1011 4298 1113 4364 Erunt
1134 4308 1240 4364 autem
1289 4345 1293 4360 .

109 4407 184 4470 iusti
206 4403 303 4472 ambo
324 4423 433 4470 eorum
454 4404 545 4481 Deo,
570 4415 737 4470 versantes
764 4399 979 4544 trumphos
1006 4403 1187 4485 praereptis
1209 4403 1241 4472 et
1319 4413 1321 4420 ’
