2786 4742
160 257 166 265 .
332 258 333 262 ,
397 216 653 287 Arosrononuu
671 227 885 276 marmeno.
1144 202 1217 284 239¹

61 369 183 432 'rerem
218 385 237 431 e
269 359 409 449 pedihus
436 357 550 428 vestris
578 359 716 448 excutite
742 362 777 428 in
805 363 1020 432 testimonium
1048 349 1202 442 adversus
1287 443 1291 451 ¹

73 467 158 536 illos.
993 470 1014 494 “

149 587 254 658 Mattb.
267 602 301 662 ¹9.
338 592 576 668 Neoompnret'is.
617 591 696 668 Quia
716 589 775 653 tale
791 602 854 650 erat
873 589 1029 675 legationis
1046 617 1148 678 genus,
1169 609 1203 660 ut

42 713 49 728 .
76 673 233 754 discipulos
252 671 342 734 vellet
354 666 486 750 Christus
506 672 582 730 intra
602 688 710 750 paucos
730 669 791 727 dies
810 679 902 728 totam
920 671 1058 734 Iudaeam
1069 673 1203 754 lustrare,

78 762 108 811 et
126 751 221 810 statim
242 750 277 809 ad
297 769 328 810 se
347 747 472 822 reverti,
493 747 620 808 sarcinas
640 767 739 806 secum
781 756 874 804 estare
895 758 986 820 vetat,
1006 769 1081 828 quae
1101 753 1204 822 celeri·

75 839 165 888 tatem
186 827 261 887 banc
281 836 442 885 morentur.
487 825 595 886 Inscite
615 844 686 882 vero
707 763 823 904 quilam
849 834 1004 902 putarunt,
1031 825 1124 886 Verbi
1147 833 1204 888 mi-

78 904 174 964 nistris
193 905 240 966 vel
260 901 601 983 Apostolis.,perpe,tuam
627 900 673 960 hic
699 899 726 960 le
750 921 796 968 em
824 899 992 980 praescribi.
1036 901 1205 966 Nonnullae

77 981 239 1042 sententiae
260 978 346 1062 paulo
367 991 435 1060 post
445 990 615 1071 sequentur,
637 920 844 1060 quaelongius
854 975 1042 1055 spectabunt:
1062 979 1113 1038 sed
1133 980 1207 1042 haee
1239 971 1251 988 ²

76 1057 209 1124 mandata
231 1057 267 1117 de
288 1077 349 1115 non
368 1053 507 1128 tollendis
526 1055 757 1134 impedimentis,
783 1053 819 1114 ad
844 1053 1009 1142 temporale
1033 1053 1109 1132 illud
1126 1059 1206 1136 quod
1247 1113 1249 1122 ,

77 1135 196 1194 diximus
226 1133 417 1214 praeconium
438 1131 586 1214 restringi
619 1143 731 1215 certum
764 1142 816 1190 est.
855 1129 953 1192 Porro
979 1153 1049 1192 uno·
1066 1145 1234 1195 contextu·-

75 1211 200 1293 legenda
221 1223 269 1270 est·
284 1220 353 1268 tota*
366 1206 528 1288 prohibitio
542 1209 578 1267 de
596 1220 834 1291 eorm-argente,
852 1227 924 1288 pera
944 1219 974 1268 et
993 1208 1068 1268 binis
1088 1209 1207 1287 tunicis,

78 1307 153 1368 quae
172 1287 248 1368 apud
267 1284 446 1345 Matthaeum
467 1284 606 1357 habetur,
631 1285 716 1346 sicuti
736 1305 769 1344 ex
794 1284 855 1345 aliis
876 1283 991 1346 duobus
1017 1297 1110 1366 patet:
1136 1287 1205 1350 ideo

77 1373 192 1424 vertere
212 1362 312 1436 malui,
330 1383 366 1420 oo
384 1365 571 1437 compareris,
592 1361 659 1440 quia
678 1362 730 1422 sim
753 1359 850 1436 liciter
867 1374 968 1423 uetare
987 1362 1207 1438 Dominus-vo-

79 1441 150 1514 luit,
169 1454 208 1498 ne
228 1439 298 1519 quid
318 1439 348 1497 in
367 1437 502 1499 viaticum
522 1449 681 1498 sumerent.
698 1456 700 1461 ·
748 1449 864 1498 oterant
884 1437 964 1498 domi
982 1438 1092 1500 babere
1111 1458 1207 1520 perae,

77 1529 110 1577 et
129 1516 339 1590 calceamenta,
358 1525 389 1574 et
408 1513 476 1574 alias
495 1515 626 1589 tunicas,
649 1514 701 1574 sed
721 1535 780 1595 quo
800 1516 891 1597 magis
910 1515 970 1576 sint
988 1517 1026 1577 ail
1043 1516 1101 1576 iter
1120 1537 1154 1580 en
1175 1537 1208 1576 e·
1227 1563 1231 1580 .

79 1595 148 1667 diti,
172 1591 279 1667 'omnia
309 1610 400 1653 onera
430 1590 598 1669 relinquere
626 1590 717 1650 iubet.
770 1590 841 1666 Quo
873 1604 987 1672 spectat
1016 1593 1102 1652 etiam
1135 1537 1208 1668 illud

78 1663 188 1744 Marci,
209 1670 248 1728 ut.
261 1666 428 1739 calceentur
447 1667 607 1728 sandaliis..
634 1666 677 1728 In'
689 1671 774 1744 virgo
793 1680 842 1727 aut
859 1667 961 1728 bondo
980 1670 1144 1750 discrepare
1163 1671 1208 1733 vi-

18 1761 28 1774 ‘
77 1748 201 1806 dentur:
221 1745 517 1824 nam'apurl'Marcum
538 1743 659 1831 baculus
679 1745 870 1824 permittitur:
890 1766 905 1805 a
929 1747 970 1806 ud
980 1747 1159 1809 Matthaeum
1177 1760 1208 1810 et

10 1831 11 1862 ³
76 1825 188 1884 Lucam
208 1831 341 1904 negatur.
381 1821 440 1881 Serl
455 1843 544 1900 quum
564 1820 700 1904 ambigua
718 1822 757 1886 sit
777 1842 792 1881 a
815 1823 853 1884 ud
866 1767 1019 1890 Hebraeos
1030 1824 1208 1906 significatio
1291 1825 1294 1832 '

41 1917 42 1922 ’
76 1901 159 1962 voris
172 1910 262 1976 sunto,
283 1897 501 1979 Evangelistae,
525 1899 595 1958 licet
614 1916 720 1980 graece
739 1843 916 1974 scriberent,
930 1897 1042 1972 'odedu
1060 1901 1138 1964 varie
1157 1923 1207 1964 ac.

10 1993 19 2042 ἴ
48 1991 54 2000 ’
76 1993 229 2066 ceperunt.
267 1983 349 2064 Ergo
368 1982 533 2044 Matthaeus
553 1993 583 2042 et
596 1981 691 2044 Lucas
711 1981 831 2043 baculos
848 1982 1032 2067 intelligunt,
1052 1985 1102 2066 qui
1121 1987 1208 2046 oneri

76 2072 147 2123 sunt
170 2059 347 2122 serentibus:
371 2059 487 2118 Marcus
507 2066 578 2119 vero
601 2059 780 2138 scipionem,
806 2060 855 2139 qui
877 2059 1003 2120 viatores
1026 2063 1152 2122 sustinet
1175 2083 1209 2124 ac

76 2139 164 2199 levat.
203 2137 250 2194 At
270 2137 417 2194 iter-vero
438 2135 603 2194 laciendum
623 2135 756 2214 gestandi
776 2135 872 2195 baculi
892 2157 1005 2196 morem
1026 2136 1114 2198 luisse
1134 2160 1209 2198 con-

77 2225 149 2276 stat:
169 2213 248 2272 unde
269 2212 358 2278 etiam
366 2209 462 2285 illud,
488 2210 565 2271 Cum
585 2208 689 2272 baculo
709 2219 777 2270 meo
796 2213 915 2271 transivi
934 2213 1092 2273 Iordanem
1112 2214 1208 2274 istum.
1273 2269 1275 2274 ,

78 2289 198 2366 Quibus
218 2287 314 2348 verbis
336 2280 443 2347 latetur
460 2286 570 2361 Iacob,
593 2304 624 2345 se
643 2307 771 2368 vacuum
786 2299 816 2346 et
836 2286 923 2348 nullis
943 2289 1050 2350 divitiis
1070 2302 1211 2354 onustum

76 2371 110 2431 in
131 2365 244 2446 Syriam
263 2364 406 2424 venisse..
1015 2366 1019 2370 ’

157 2449 203 2508 10.
246 2440 324 2524 Quin
342 2437 447 2515 ᾰὸςηιιε
465 2451 506 2498 est
517 2439 677 2514 operarius.
717 2435 856 2498 Occurrit
869 2438 1002 2500 Christus
1016 2439 1209 2503 dubitationis

78 2523 153 2584 dura
173 2518 250 2581 enim
269 2516 361 2576 videri
377 2527 495 2596 poterat
519 2514 666 2590 conditio,
693 2513 776 2574 nullo
801 2515 906 2576 viatico
931 2517 1089 2580 instructos
1115 2527 1218 2580 totam»

77 2599 219 2661 Iudaeam
236 2593 400 2658 circumire.
439 2592 514 2662 Ideo
536 2591 669 2652 Christus
694 2611 755 2650 non
781 2611 844 2652 esse
867 2593 1029 2652 timendum
1055 2593 1141 2670 dicit,
1170 2613 1210 2655 ne

10 2677 12 2688 ἦ
77 2675 179 2739 inedia
197 2672 344 2743 laborent,
364 2670 441 2750 quia,
461 2668 804 2749 quocunque-venerint,
826 2667 909 2750 digni
927 2668 1029 2748 saltem
1051 2682 1138 2730 erunt
1155 2671 1210 2732 ali-

10 2751 12 2790 s
77 2752 199 2814 mentis.
243 2745 403 2824 operarios
422 2758 522 2820 vocat,
548 2765 610 2804 non
627 2746 710 2821 ⁴quod
734 2745 842 2806 similes
864 2758 960 2806 essent
979 2746 1134 2807 ordinariis
1153 2748 1210 2808 mi·
1272 2813 1273 2816 Ἴ

10 2877 12 2894 ,
78 2827 197 2902 nistris,
215 2826 265 2906 qui
284 2825 397 2884 vineam
416 2823 538 2882 Domini
558 2821 710 2895 excolunt,
735 2833 765 2880 et
785 2823 835 2902 qui
854 2823 1014 2902 plantando
1035 2836 1065 2884 et
1082 2823 1208 2905 rigando

10 2969 12 2990 ι
78 2911 117 2976 iri
134 2904 255 2964 eandem
267 2901 408 2962 culturam
428 2900 612 2972 incumbunt,
631 2899 680 2959 sed
693 2911 805 2960 tantum
820 2901 887 2978 quia
901 2898 1047 2959 uberioris
1056 2912 1089 2960 et
1103 2901 1211 2981 plenae

10 2993 11 2996 ’
79 2982 234 3043 doctrinae
253 2991 338 3038 erant
356 2981 527 3058 praecones.
565 2977 669 3055 Neque
690 2976 768 3036 enim
782 2976 858 3036 aliud
878 2989 950 3054 tunc
971 2977 1134 3036 iniunctum
1154 2978 1211 3038 suit

79 3057 209 3120 docendi
227 3077 348 3131 munus,
395 3075 461 3114 uam
474 3065 513 3112 ut
532 3063 662 3112 attentos
680 3053 839 3112 redderent
857 3051 983 3113 Iudaeos
1002 3054 1038 3112 ad
1057 3053 1212 3136 Evangelii

103 3133 339 3194 medicationem.
411 3149 481 3191 orro
506 3150 544 3188 ue
565 3128 743 3205 obiicerent,
773 3149 805 3189 se
824 3129 903 3188 victu
924 3129 1025 3190 debito
1046 3128 1210 3192 fraudatum
1280 3201 1282 3205 ,
1382 3185 1383 3194 ,

79 3211 135 3286 rri,
155 3209 221 3290 qnia
242 3229 330 3268 nemo
351 3207 417 3268 illos
459 3226 493 3268 ro
514 3207 655 3286 operariis
675 3218 862 3287 agnosceret:
891 3205 1106 3287 huncquoque
1130 3207 1210 3268 dilli-

10 3329 11 3332 =
78 3289 218 3351 cultatem
238 3285 390 3366 praevenit
409 3227 557 3355 Christus,
577 3283 728 3362 exquirere
741 3282 869 3355 iubens,
890 3283 1022 3361 quisnam
1041 3283 1072 3342 in
1094 3300 1213 3365 quaque

78 3367 198 3428 civitate
218 3363 322 3444 dignus
342 3361 379 3420 sit
397 3359 495 3421 salutis
515 3359 629 3431 nuntio.
647 3383 651 3392 ·
675 3358 792 3433 Quibus
811 3359 908 3420 verbis
932 3359 1071 3424 sciscitari
1092 3379 1145 3420 eos
1163 3363 1210 3420 irt-

78 3445 150 3517 bet,
178 3439 272 3519 siqui
295 3438 354 3498 sint
378 3437 419 3518 pii
437 3435 573 3498 homines
591 3457 624 3496 ac
644 3435 769 3516 integri,
801 3436 830 3494 in
852 3435 958 3515 quihus
976 3437 1075 3518 vigeat
1104 3436 1209 3517 aliquis

78 3519 140 3580 Dei
160 3517 250 3577 timor
270 3526 300 3574 et
318 3513 440 3596 religio,
460 3524 491 3573 et
510 3512 547 3571 de
567 3532 691 3591 qnorum
712 3511 861 3573 docilitate
883 3511 959 3572 bene
978 3513 1087 3594 sperari
1108 3511 1210 3604 queat,

78 3593 190 3666 utillis
241 3591 377 3682 raecipue
402 3609 483 3650 suam
508 3608 626 3667 operam
652 3589 790 3648 offerant.
833 3589 908 3648 Nam
929 3589 1078 3668 quianon
1099 3588 1209 3650 licebat

77 3674 111 3733 in
131 3615 253 3754 singulis
273 3665 345 3728 locas
365 3666 473 3726 diutius
493 3665 630 3741 haerere,
650 3665 764 3726 initium
785 3664 855 3724 inde
876 3665 973 3726 iacere
994 3665 1138 3742 decebat,
1154 3664 1212 3726 ubi.

79 3761 158 3811 esset
177 3745 284 3808 melior
304 3743 398 3825 aliqua
417 3743 611 3822 praeparatio.
686 3779 689 3784 ·
996 3765 1000 3776 ·

154 3831 204 3890 11.
242 3821 312 3881 Illic
329 3833 439 3879 monae
454 3815 674 3879 douecexeotrh.
713 3817 781 3878 Hoc
796 3837 915 3898 quoque
934 3817 969 3877 ad
988 3814 1208 3877 festinationem

76 3913 206 3986 spectat:
219 3921 286 3960 nam
297 3897 321 3959 si
332 3897 498 3980 longiorem
510 3894 616 3957 alicubi
628 3915 739 3956 moram
748 3886 912 3967 traxissent,
923 3891 1092 3954 mutandum
1109 3889 1211 3952 fuisset

33 4019 38 4024 -
78 3978 253 4059 hospitium,
273 3995 312 4035 ne
323 3995 413 4035 unum
425 3973 590 4054 quempiam
601 3973 686 4032 nimis
705 3983 868 4053 gravarent.
889 3972 991 4046 Quum
1004 3987 1076 4050 ergo
1089 3987 1222 4028 manere.
1306 3977 1310 3986 '

79 4077 133 4117 eos
154 4055 237 4116 iubet
256 4051 390 4120 Christus
410 4048 486 4131 apud
506 4050 630 4128 primum
649 4048 811 4130 hospitem,
835 4049 933 4108 donec
952 4047 982 4106 in
1002 4044 1085 4105 aliam
1106 4044 1209 4105 urbem

77 4131 119 4192 mi
144 4142 220 4207 rent,
238 4128 384 4212 significat
422 4125 617 4206 roperaudum
630 4146 702 4201 esse,
722 4137 756 4186 ut
766 4125 885 4208 vulgato
906 4123 937 4182 in
957 4144 1014 4183 una
1027 4120 1100 4182 urhe
1112 4121 1209 4183 Evan-

78 4152 153 4292 gefii
173 4205 279 4268 nuntio
299 4147 442 4264 morelio
464 4203 613 4262 cursitent.
905 4219 908 4226 ·

158 4289 205 4348 ta.
242 4273 375 4344 Solmte
390 4281 483 4340 illam.
523 4271 601 4354 Quia
620 4275 732 4359 probos
746 4277 805 4340 Dei
824 4277 953 4337 cultores
966 4274 1132 4337 discernere
1147 4291 1210 4336 noa

78 4358 222 4442 poterant
240 4381 256 4422 a
276 4355 546 4443 contemptoribus,
570 4355 713 4438 praecipit
735 4367 770 4416 ut
788 4354 883 4418 obviis
902 4350 1068 4436 quibusque
1088 4353 1211 4420 ,familiis
1291 4390 1293 4399 ,

305 4661 321 4692 ·l
