2786 4742
273 229 335 306 (sa
353 225 440 304 „Cui
458 179 622 290 assimilabo
642 227 864 315 generationem
883 190 1024 306 banc.“)¹
1144 229 1203 294 265

79 391 149 438 rere
167 371 285 433 demum
302 370 399 454 subigi
427 368 562 432 homines
581 369 618 430 ad
642 371 836 448 credendum,
864 372 916 434 ubi
936 374 1029 435 earnis
1052 389 1139 434 sensu
1159 371 1203 434 ia·

81 469 194 514 cessere
212 449 289 510 iusso
302 459 443 522 statuunt,
463 446 535 506 nibil
555 447 611 506 uisi
631 459 744 508 rectum
763 469 797 508 ac
836 471 921 509 urum
939 449 975 510 ab
995 450 1060 530 ipso
1071 448 1202 533 prodire,

67 547 136 594 ¹nec
160 527 221 585 eius
244 521 407 586 verbovel
432 523 572 604 operibus
595 523 769 604 obstrepere
792 469 847 584 sibi
870 528 1050 605 permittunt.
1093 525 1202 602 Bapti-

80 605 147 666 toti..
185 600 329 680 Inteltigit
346 600 440 660 Lucas
465 600 592 662 fructum
617 599 770 680 baptismi,
799 621 887 680 quem
912 613 1202 680 acceperant,1tuuc

84 677 233 752 exstitisse,
253 681 320 757 quia
340 677 429 736 fuerit
453 675 509 738 illis
534 676 571 736 ad
584 669 792 756 ‘recipiendam
812 677 922 739 Christi
942 677 1101 739 doctrinam
1123 679 1203 742 utilis

83 775 153 836 prae
176 755 282 815 aratio:
307 753 364 816 hoc
382 753 440 812 iam
459 752 574 832 pietatis
593 754 616 813 si
640 774 708 812 uum
729 752 837 829 iuerat,
859 754 937 832 quod
957 774 989 814 se
1009 752 1200 833 baptizandos

81 775 258 892 obtulerant.
296 830 382 890 Nunc
393 829 539 889 Dominus
552 772 660 888 humile
679 828 753 889 illud
764 829 933 891 tirocinium
946 831 981 890 ad
993 830 1110 903 altiores
1130 853 1203 912 pro-

102 927 194 968 ressus
212 906 343 981 deducit,
371 905 457 966 sicuti
475 905 587 965 scribae
606 905 726 966 Ioannis
747 906 922 987 baptismum
942 906 1125 986 spernendo,
1145 907 1202 967 sibi

78 925 155 1051 idei,
168 983 282 1047 ianuam
302 1003 353 1062 sua
370 981 507 1062 superbia
526 982 751 1061 praecluserant.
797 984 880 1064 Ergo
905 984 928 1045 si
948 982 1080 1063 cupimus
1099 982 1134 1042 ad
1153 1003 1203 1042 sn-

78 1059 169 1120 lidam
209 1060 399 1123 crientionem
419 1059 628 1133 conscendere,
647 1061 744 1142 primo
765 1060 926 1122 cavendum
945 1072 1004 1130 est,
1023 1079 1061 1118 ne
1080 1057 1127 1120 vel
1146 1059 1203 1119 mi-
1287 1119 1304 1131 ,

78 1136 171 1197 nimas
222 1136 249 1196 ei
267 1135 454 1196 invitationes
473 1154 653 1214 spernamus,
671 1138 723 1196 sed
742 1135 892 1198 humiliter
910 1135 1002 1218 parati
1021 1135 1109 1196 simus
1129 1134 1204 1194 inci-

57 1224 153 1295 'pere
172 1231 189 1272 a
207 1212 327 1272 minutis
351 1209 514 1271 elementis.
563 1211 701 1273 Secundo
733 1213 828 1274 danda
860 1223 904 1274 est
934 1233 1039 1300 opera,
1068 1223 1100 1271 ut
1130 1210 1203 1272 fides

77 1300 196 1424 nospira,
223 1289 248 1350 si
271 1287 420 1348 iniirmum
440 1285 590 1348 exordium
610 1287 759 1366 babuerit,
779 1287 877 1372 *magis
897 1309 930 1350 ac
949 1289 1041 1372 magis
1059 1287 1204 1371 gradatim

101 1385 135 1427 ro
158 1375 223 1425 ctat.
388 1401 391 1408 .

77 1385 99 1446 P
154 1446 201 1505 30.
243 1437 401 1508 Considium
416 1439 478 1498 Dei
495 1453 661 1515 mesonma
677 1442 710 1500 in
727 1461 758 1502 se
773 1443 854 1516 ipsis.
893 1440 1058 1503 Consilium
1070 1440 1129 1500 Dei
1148 1438 1204 1500 ho·

77 1516 162 1578 norit
181 1537 265 1578 causa
284 1516 378 1594 impio
396 1515 555 1578 scribarum
575 1517 662 1578 fastui
682 1538 721 1597 op
744 1517 857 1577 unitur:
876 1539 943 1577 nam
962 1517 994 1576 in
1013 1507 1127 1577 consilii
1147 1536 1205 1575 no-

77 1593 159 1652 mine
178 1591 278 1656 subest
297 1591 438 1674 dignitas,
479 1613 533 1654 uae
553 1593 716 1656 doctrinain
758 1595 785 1654 ei
804 1593 840 1653 ab
860 1593 1011 1653 bominum
1031 1603 1205 1672 contemptu
1250 1645 1253 1650 .

41 1693 43 1697 ·
75 1668 214 1742 vindicat.
262 1667 420 1730 Caeterum
439 1614 478 1730 ai
494 1670 615 1731 verbum
635 1670 705 1730 dicit
722 1671 832 1744 Lucas,
863 1675 1001 1744 sprevisse
1019 1673 1051 1728 in
1069 1691 1100 1728 se
1116 1673 1204 1744 ipsos

75 1745 233 1812 Neevero
253 1765 341 1836 quern
360 1744 408 1806 alii
426 1766 541 1807 sensum
560 1746 653 1828 magis
663 1746 803 1826 probant
828 1745 944 1818 reiicio,
971 1747 1050 1826 quod
1069 1748 1100 1806 in
1119 1753 1226 1806 suum*

75 1820 87 1880 i
110 1841 209 1880 sorum
230 1822 347 1882 exitium
370 1821 496 1882 rebelles
521 1822 646 1896 suerint,
676 1822 727 1882 sed
754 1823 821 1901 quia
851 1823 970 1902 simplex
1002 1834 1047 1882 est
1073 1823 1204 1884 narratio

73 1841 186 1972 lineae,
206 1907 237 1961 et
254 1897 433 2034 praepositio
452 1903 491 1962 ets
506 1919 561 1979 pro
582 1901 614 1954 ἐν
628 1897 752 1960 subinde
773 1899 897 1991 capitur,
915 1899 1039 1960 reddere
1056 1898 1155 1974 malui,
1171 1902 1205 1958 in

74 1995 107 2034 ss
124 1976 213 2048 ipsa‘sa
237 1975 296 2036 acsi
335 1975 442 2048 iceret,
466 1976 595 2056 quamvis
615 1975 708 2054 palam
734 1987 765 2035 et
783 1975 891 2040 diserte
915 1997 977 2036 nou
1001 1976 1206 2052 reclamarent,

75 2062 111 2112 ut
128 2061 228 2111 tamen
249 2051 366 2111 occulto
386 2050 464 2117 iastu
481 2053 559 2110 intus
578 2063 627 2112 tur
649 2053 748 2127 ebant,
769 2053 845 2131 apud
865 2071 896 2110 se
916 2053 995 2143 ipsos
1013 2053 1165 2130 sprevisse.

133 2131 201 2190 .31·.
242 2126 297 2186 out
313 2147 383 2201 ergo
405 2123 579 2186 asstnntaho.
628 2071 698 2186 Dori
729 2127 952 2206 comprehendit
976 2147 1079 2187 omnes
1104 2127 1205 2188 aetatis

74 2222 146 2266 suae
167 2202 314 2275 homines,
337 2201 388 2262 sed
414 2201 571 2263 describis
591 2220 753 2279 eorumque
778 2202 891 2262 asseclis
917 2203 1038 2283 proprie
1062 2202 1204 2282 loquitur.

73 2277 246 2362 Exprobrat
263 2288 360 2338 autem
378 2276 437 2337 illis
456 2276 547 2356 quod,
567 2297 656 2356 quum
668 2276 754 2336 variis
773 2276 868 2356 modis
880 2278 1026 2339 Dominus
1046 2273 1205 2341 tentaverit
1246 2289 1249 2298 “

77 2377 132 2418 eos
151 2354 187 2417 ad
207 2375 239 2414 se
259 2353 394 2428 allicere,
412 2352 565 2414 inflexibili
592 2352 775 2413 contumacia
799 2353 859 2412 eius
883 2355 1008 2435 gratiam
1032 2354 1204 2434 repulerint.

74 2433 193 2494 Verum
223 2429 411 2490 similitudine
440 2430 548 2503 utitur,
580 2451 666 2508 quam
697 2449 731 2488 ex
759 2429 871 2510 vulgari
901 2449 1060 2509 puerorum
1091 2428 1206 2490 ludicro

75 2519 223 2588 sumptam
244 2525 306 2568 esse
327 2505 468 2566 credibile
488 2517 546 2564 est:
578 2525 676 2584 neque
705 2505 784 2566 euim
807 2524 878 2567 vero
909 2505 1045 2566 absimilis
1077 2517 1121 2566 est
1151 2506 1206 2567 ista

76 2587 261 2655 coniectura,
282 2583 363 2676 quod
382 2583 465 2664 pueri
485 2581 612 2644 alternos
633 2581 740 2642 choros
759 2592 881 2664 agentes
899 2583 938 2642 ita
959 2581 1128 2642 cecinerint.
1166 2581 1207 2642 Et

72 2664 197 2743 quidem
218 2661 366 2734 existimo,
396 2659 544 2720 Christum
565 2657 630 2719 data
650 2678 758 2740 opera,
774 2669 822 2720 'ut
841 2659 999 2720 scribarum
1018 2658 1207 2739 supercilium

74 2740 265 2811 deiiceret„a
283 2739 383 2819 pueris
401 2747 504 2795 mutuo
524 2735 679 2815 sumpsisse
699 2734 912 2817 obiurgationis
931 2735 1095 2810 materiam,
1114 2735 1207 2817 signi-

72 2817 184 2888 ficans,
214 2815 396 2893 quantumvis
419 2812 583 2885 emineant,
613 2812 723 2880 adens
748 2823 845 2873 tamen
873 2811 1051 2872 damnandos
1076 2829 1205 2900 carmpu,

73 2891 159 2976 quod
179 2890 210 2948 iu
231 2890 298 2950 soro
319 2888 467 2952 cantillant
481 2888 639 2950 ludibundi
659 2888 754 2969 pueri,
772 2887 917 2949 sufficere.
1007 2915 1010 2920 ·
1035 2895 1047 2921 i

151 2970 201 3034 33.
243 2966 334 3026 Vertit
350 2970 425 3026 usim
442 2959 578 3026 Ioannes.
617 2967 684 3039 Hic,
705 2986 795 3044 quum
813 2965 874 3026 vita
892 2974 1005 3025 austera
1016 2973 1102 3040 esset,
1119 2976 1206 3026 tona-

71 3055 122 3108 ret
149 3041 362 3124 poenitentiam
394 3055 424 3103 et
447 3063 559 3104 severas
579 3042 838 3123 reprehensiones,
860 3041 941 3123 quasi
961 3039 1117 3122 lugubrem
1136 3060 1206 3102 can-

69 3133 138 3184 tum
159 3119 278 3180 eecinit.
328 3119 475 3180 Dominus
505 3131 601 3180 autem
625 3119 687 3199 ipse
711 3139 773 3180 non
798 3138 881 3178 secus
905 3138 939 3177 ac
965 3117 1043 3178 laeto
1065 3129 1095 3176 et
1120 3116 1206 3178 hilari

70 3209 165 3260 cantu
185 3194 319 3257 blandius
336 3214 386 3256 eos
405 3196 440 3256 ad
451 3195 568 3256 Patrem
587 3194 698 3256 illicere
715 3194 836 3255 studuit.
875 3193 967 3270 Quod
987 3205 1094 3258 neutro
1115 3195 1205 3256 modo

71 3275 236 3355 quicquam
255 3274 496 3352 proiectum-est,
515 3271 585 3352 quid
598 3292 700 3352 causae
720 3272 776 3331 suit
794 3282 911 3352 praeter
931 3270 1054 3330 ferream
1075 3271 1206 3352 ipsorum

70 3347 288 3433 pervicaciam?
320 3349 477 3410 Caeterum
498 3349 585 3408 docet
602 3347 648 3408 hic
668 3348 759 3421 locus,
780 3369 833 3410 cur
850 3358 965 3410 tautum
983 3358 1120 3410 externae
1130 3350 1205 3409 vitae

72 3427 236 3489 discrimen
257 3425 346 3484 suerit
365 3426 443 3484 inter
456 3424 604 3486 Christum
625 3437 654 3484 et
664 3423 832 3504 Baptistam,
852 3424 903 3503 qui
923 3435 1019 3482 tamem
1040 3426 1117 3486 idern
1137 3443 1207 3505 age·
1235 3416 1238 3432 ’

70 3504 162 3576 bant:
184 3519 291 3592 nempe
310 3499 363 3563 bac
382 3501 520 3562 varietate
535 3499 632 3564 'voluit
642 3500 798 3576 Dominus,
817 3499 899 3579 quasi
921 3500 1046 3561 diversas
1066 3517 1207 3580 personas

69 3581 231 3651 indueret,
260 3575 427 3638 incredulos
445 3578 537 3660 magis
557 3577 747 3651 convincere,
777 3577 856 3656 quod
881 3596 944 3637 sese
968 3577 1032 3655 ipse
1051 3577 1206 3636 inflectens

71 3669 104 3722 et
123 3653 339 3718 transformans
358 3653 394 3714 ad
414 3671 516 3714 eorum
535 3674 634 3720 mores
653 3674 715 3714 nou
739 3665 838 3715 tamen
859 3670 909 3714 eos
921 3652 1050 3715 ilexerit.
1090 3651 1207 3726 Quodsi

70 3733 155 3796 illius
183 3728 290 3792 saeculi
320 3729 488 3790 bominibus
515 3731 652 3800 adimitur
666 3730 766 3790 'omnis
790 3729 955 3805 excusatio,
984 3727 1034 3808 qui
1060 3725 1206 3807 duplicem

70 3810 134 3874 Dei
168 3806 372 3869 invitationem
404 3805 566 3886 praefracta
594 3807 704 3869 malitia
728 3806 918 3893 repulerunt,
949 3825 1004 3863 nos
1033 3823 1152 3883 quoque
1175 3804 1206 3862 in

71 3902 330 3962 eorumtpersoua
351 3882 395 3942 rei
413 3883 594 3963 peragimur:
616 3883 732 3963 quando
753 3881 865 3942 nullum
884 3879 1029 3941 melodiae
1048 3901 1140 3962 genus
1159 3880 1206 3939 rel

71 3962 171 4026 tristis
192 3979 226 4018 ac
245 3959 339 4019 severi
359 3958 494 4022 carminis
513 3959 595 4020 Deus
615 3960 736 4032 omittit,
757 3982 818 4039 quo
838 3980 893 4032 uos
913 3957 948 4018 ad
961 3975 999 4037 'ss
1019 3959 1132 4032 trahat,
1152 3977 1207 4020 uos

71 4059 148 4102 vero
168 4033 248 4097 saxei
267 4035 404 4098 iacemus.
442 4034 825 4096 Daemoniocumloannem
845 4033 1000 4106 vocabant,
1018 4033 1103 4094 sicuti
1118 4031 1206 4114 vulgo

71 4113 154 4176 male
179 4131 266 4173 sanae
290 4112 396 4172 mentis
420 4106 570 4191 homines,
593 4111 640 4176 rel
664 4111 788 4174 cerebro
813 4113 908 4172 miuus
937 4109 1015 4170 bene
1041 4110 1208 4190 compositi,

75 4187 256 4274 phantastici
274 4199 427 4252 vocantur·
848 4229 850 4236 ,

154 4270 205 4329 3⁴1·
246 4265 336 4328 Venit
346 4261 581 4326 Filiuslsominis.
618 4261 853 4328 Edersetbs'bm
871 4263 1014 4324 hocloco
1033 4263 1208 4325 tantundem

75 4339 158 4408 valet
177 4349 267 4418 atque
286 4342 454 4423 promiscuo
473 4363 557 4406 mors
577 4343 688 4406 vivere:
705 4341 800 4434 ‚sicuti
819 4341 964 4448 loannem
985 4340 1119 4404 Christus
1139 4341 1210 4403 dicit
