2808 4748
283 247 285 257 ¹
319 293 321 302 ,
407 250 469 326 (39.
489 245 571 309 lesus
591 256 672 308 sanat
689 247 771 308 Petri
792 223 934 328 socrum)
967 193 970 197 ·
1179 253 1236 316 131
1294 317 1296 326 s

183 394 256 454 Luc.
274 395 322 458 39.
360 389 526 468 [mapsam
534 387 659 474 fibrtm.
699 389 875 470 Quanquam
889 391 1025 473 loquutlo
1037 391 1112 454 baec·
1129 390 1236 454 lectori

108 491 170 532 non
190 471 259 530 satis
279 470 310 528 in
332 468 483 562 Scriptura
503 469 661 528 exercitato
683 468 753 526 dura
772 467 864 529 rideri
882 471 982 548 possit,
1001 471 1118 532 ratione
1136 481 1236 531 tamen
1395 525 1396 544 q

108 569 171 608 non
193 557 280 607 caret.
318 546 421 606 Febris
441 548 518 604 enim
540 557 570 604 et
590 543 638 604 alii
657 543 767 619 morbi,
789 544 889 618 fames,
909 546 1073 624 pestilentia
1095 560 1125 607 et
1145 561 1268 613 omnes¹
1312 581 1317 587 ·
1395 547 1396 570 *

111 645 207 706 genus
227 634 382 683 aerumnae
400 623 458 682 Dei
483 633 551 681 sunt
575 622 769 701 apparitores,
795 640 849 700 per
869 641 941 698 quos
960 623 1064 682 iudicia
1083 645 1133 684 sua
1154 643 1235 685 exse·
1286 625 1288 630 ’

110 702 220 836 quitur.
258 701 339 782 Ergo
359 699 444 759 sicuti
463 698 758 777 mandatonutuque
783 718 847 766 suos
856 697 929 756 tales
954 699 1072 758 nuutios
1094 703 1234 762 'emittere

132 779 225 850 icitur,
244 777 286 836 sic
307 777 392 835 etiam
412 785 531 835 coercet
551 797 584 834 ac
603 787 733 849 revocat,
754 773 872 834 simulac
884 775 975 832 visum
992 787 1043 834 est.
1069 775 1233 849 Quomodo

110 853 182 913 alios
202 857 353 927 sanaverit,
373 863 473 912 tacent
492 851 657 911 Matthaeus
678 863 708 910 et
726 851 859 910 Marcus:
878 849 973 910 Lucas
993 851 1080 923 dicit,
1098 875 1234 914 munuum
1260 901 1262 908 ,

109 933 296 1005 impositione.
334 929 404 988 Fuit
423 941 519 988 autem
541 927 790 989 reconciliationis
807 928 922 1009 signum
942 926 995 991 sub
1009 921 1099 1020 Lege.
1131 930 1233 1004 Quare

109 1007 231 1080 merito,
262 1026 319 1066 nec
337 1006 541 1084 intempestive
562 1005 713 1078 Christus,
745 1023 818 1082 quos
844 1027 858 1063 a
877 1003 936 1062 Dei
955 1003 1163 1064 maledictione
1182 1007 1235 1066 ab·

80 1105 84 1119 *
108 1083 212 1158 solvit,
236 1083 292 1143 illis
312 1084 398 1142 etiam
419 1082 559 1162 imposuit
577 1102 688 1142 manus.
732 1079 881 1140 Sollennis
903 1081 991 1140 etiam
1011 1081 1067 1142 luit
1086 1101 1238 1154 consecra·

107 1160 196 1220 tionis
216 1161 299 1235 ritus,
319 1158 565 1238 quemadmodum
585 1157 655 1216 alibi
675 1157 763 1216 fusius
784 1157 906 1216 dicetur.
946 1157 1005 1216 Sed
1017 1179 1074 1242 ego
1088 1155 1237 1220 Christum

108 1236 281 1316 simpliciter
304 1237 487 1315 interpretor
515 1255 616 1293 manus
646 1234 817 1312 imposuisse
849 1234 992 1314 aegrotis,
1022 1247 1056 1295 ut
1081 1253 1131 1294 eos
1156 1234 1237 1296 Patri

109 1313 320 1374 commendans
341 1314 462 1394 gratiam
484 1323 514 1370 et
533 1310 737 1370 liberationem
757 1329 773 1370 a
791 1311 903 1372 morbis
923 1311 1102 1391 impetraret

184 1389 290 1448 Mattb.
316 1395 362 1453 17.
405 1385 493 1470 Quod
511 1386 618 1446 dictum
642 1399 683 1446 est
702 1407 766 1460 per
789 1385 926 1448 Iesoium.
977 1385 1110 1448 Videtur
1134 1407 1237 1466 parum

108 1468 244 1546 apposite
265 1466 366 1540 citari,
392 1465 452 1524 imo
478 1465 508 1522 in
535 1463 662 1523 alienum
686 1483 803 1522 sensum
821 1464 954 1544 torqueri
978 1463 1236 1527 hoc'vaticinium:

96 1562 177 1619 ,nam
197 1542 257 1602 illic
277 1541 384 1601 lesaias
404 1539 523 1600 nonde
548 1538 707 1612 miraculis,
731 1539 782 1598 sed
803 1539 839 1598 de
860 1541 970 1602 Christi
994 1553 1090 1601 morte
1110 1539 1239 1603 disseiitz

8 1675 10 1686 ,
109 1637 167 1677 nec
187 1619 224 1676 de
243 1613 453 1697 temporalibus
473 1616 633 1691 beneficiis,
653 1617 703 1676 scd
724 1615 760 1674 de
779 1617 922 1696 spirituali
941 1629 1118 1698 aeternaque
1139 1619 1239 1698 gratia.

110 1693 204 1767 Quod
223 1706 321 1754 autem
341 1695 378 1754 de
398 1695 510 1764 animae
529 1693 605 1754 vitiis
626 1693 682 1752 dici
703 1703 816 1753 certum
841 1707 901 1768 est,
926 1693 1089 1755 Matthaeus
1115 1701 1149 1758 ad
1171 1717 1239 1756 cor-

107 1771 225 1850 porales
245 1771 367 1831 morbos
385 1771 537 1834 transfert:
563 1769 671 1830 solutio
699 1790 760 1829 non
782 1770 906 1832 difficilis
934 1782 993 1846 cst,
1017 1773 1107 1832 modo
1130 1795 1240 1854 expen-

107 1848 181 1906 dant
200 1848 337 1922 lectores,
356 1841 551 1908 non'tantum
572 1850 690 1928 exponi,
710 1845 778 1926 quid
792 1847 924 1909 Christus
945 1846 1072 1930 aegrotis
1091 1825 1146 1912 illis
1166 1872 1241 1912 con·

106 1924 229 1998 tulerit,
253 1924 304 1984 sed
330 1925 360 1984 iu
381 1945 468 2004 quem
493 1925 581 1984 finem
608 1926 753 1985 sanaverit
770 1935 880 1984 'eorum
906 1927 1036 1986 morbos.
1077 1927 1241 1988 Senserunt

106 2000 151 2060 illi
174 2001 285 2062 Christi
305 2001 427 2084 gratiam
447 2003 477 2060 in
497 2002 555 2062 suis
575 2002 765 2082 corporibus,
789 2002 841 2061 sed
866 2002 952 2062 nobis
976 2002 1041 2062 finis
1066 2005 1240 2084 spectandus

108 2091 170 2137 est:
198 2080 266 2157 quia
285 2091 507 2170 praeposterum
528 2089 618 2152 esset,
641 2080 672 2135 in
695 2078 805 2138 caduco
831 2078 976 2138 beneficio
998 2080 1134 2155 haerere,
1159 2083 1241 2162 quasi

107 2175 269 2234 corporum
293 2157 422 2215 medicus
448 2164 524 2214 esset
542 2154 633 2214 Filius
651 2155 721 2213 Dei.
773 2153 854 2226 Quid
880 2157 971 2236 ergo?
1000 2173 1108 2235 nempe·
1133 2179 1241 2220 coecos
1310 2191 1312 2200 ν

8 2275 11 2308 ;
105 2231 298 2306 illuminavit,
328 2244 361 2292 ut
385 2251 416 2292 se
442 2229 545 2288 mundi
570 2229 664 2288 lucem
691 2248 753 2288 csse
779 2232 963 2290 ostenderet:
997 2233 1126 2308 restituit
1151 2237 1239 2296 vitam
1266 2239 1267 2243 ’

105 2309 252 2380 mortuis‚'
283 2319 316 2366 ut
340 2327 371 2366 se
395 2307 543 2386 probaret
556 2305 644 2363 vitam
669 2325 702 2365 ac
726 2308 973 2366 resurrectionem
994 2328 1071 2367 esse:
1103 2310 1182 2370 idem
1203 2311 1240 2370 de

106 2384 220 2443 claudis
241 2393 271 2441 et
294 2383 458 2463 paralyticis
483 2380 677 2440 sentiendum.
723 2378 823 2452 Quare
848 2382 1011 2474 analogiam
1027 2382 1112 2441 -banc
1136 2406 1241 2465 sequa·

104 2481 191 2530 mur,
222 2470 271 2528 ut,
303 2477 496 2537 quaecunque
520 2455 688 2515 bominibus
713 2458 859 2534 praestitit
880 2457 1013 2517 Christus
1040 2457 1182 2520 beneficia
1207 2463 1240 2522 in

106 2555 210 2608 carne,
231 2537 390 2594 reseramus
410 2535 445 2593 ad
464 2553 586 2612 scopum
607 2551 694 2610 quem
714 2531 800 2591 nobis
819 2533 981 2606 Matthaeus
1000 2536 1153 2614 proponit,
1172 2537 1241 2601 mis.

105 2634 173 2674 sum
187 2609 298 2672 scilicet
318 2611 406 2671 luisse
419 2632 434 2670 a
446 2609 544 2681 Patre,
554 2620 587 2666 ut
598 2628 651 2668 nos
664 2629 680 2667 a
695 2606 776 2668 malis
788 2620 819 2682 et
832 2609 957 2670 miseriis
971 2611 1106 2672 omnibus
1119 2611 1240 2674 levaret.
1270 2627 1272 2634 “

139 2693 150 2716 “
187 2689 279 2748 Marc.
303 2693 351 2753 34.
388 2687 460 2747 Non
477 2681 587 2745 sinebat
607 2684 689 2764 loqui
705 2683 867 2746 domnonia.
913 2687 1028 2768 Duplex
1053 2687 1153 2769 potuit
1179 2709 1242 2756 esse

8 2825 9 2830 ,
104 2766 206 2840 ratio,
237 2783 290 2825 cnr
313 2785 374 2824 non
400 2765 527 2824 sineret:
556 2783 614 2822 una
639 2762 798 2844 generalis,
831 2763 912 2844 quod
937 2765 1070 2824 nondum
1093 2768 1241 2826 maturum

103 2843 214 2932 plenae
235 2841 423 2904 revelationis
442 2853 557 2920 tempus
577 2839 749 2911 advenerat:
769 2841 858 2900 altera
878 2840 1020 2921 specialia
1039 2863 1125 2922 quam
1146 2863 1243 2936 nuper

103 2921 274 3003 attigimus,
297 2919 379 3055 quod
398 2918 464 2978 illos
485 2915 658 2996 repudiabat
676 2938 838 2998 praecones
858 2939 892 2978 ac
911 2929 1000 2988 testes
1020 2939 1087 2979 suae
1108 2919 1240 2980 divinita·

103 3000 152 3072 tis,
175 2996 229 3076 qui
249 2995 295 3055 lau
318 3015 333 3056 e
352 2995 401 3055 suh
421 2993 495 3054 nihil
513 2993 594 3054 aliud
605 3015 690 3073 quam
711 2995 850 3054 maculam
863 3005 892 3053 et
911 2994 1054 3054 sinistram
1069 2996 1241 3076 opinionem

102 3090 268 3156 aspergere
286 3073 328 3132 illi
349 3083 498 3152 poterant,
542 3071 641 3161 Atque
672 3071 745 3131 haec
768 3071 918 3151 posterior
941 3071 1062 3132 indubia
1087 3084 1147 3148 est,
1175 3073 1242 3153 quid
1336 3065 1349 3080 ‘⁸

101 3163 249 3214 testatum
274 3150 409 3242 oportuit
433 3168 495 3220 esse
520 3146 626 3207 hostile
652 3148 816 3224 dissidium,
842 3148 922 3228 quod
952 3149 1079 3211 babebat
1103 3161 1241 3214 aeternae

103 3228 209 3292 salutis
231 3239 261 3284 et
281 3238 358 3286 ritae
378 3236 481 3286 auctor
502 3246 566 3284 cum
587 3222 690 3284 mortis
710 3227 842 3306 principe
864 3226 925 3284 cius
948 3246 985 3286 ue
1004 3226 1151 3287 ministris.
1236 3279 1238 3284 .

185 3303 292 3364 Mattb.
313 3307 359 3366 18.
402 3299 497 3384 Quaem
519 3299 645 3359 uudbsel
667 3316 760 3360 nutem
778 3302 861 3362 Iesus
878 3248 988 3376 tardius,
1006 3305 1076 3384 etc.¹
1096 3303 1166 3364 Non
1187 3303 1242 3364 du·

102 3384 170 3445 bito
193 3381 268 3460 quin
288 3378 418 3440 breviter
436 3377 561 3460 attingat
579 3376 753 3454 Matthaeus,
774 3381 858 3458 quod·
873 3379 920 3440 alii
939 3380 1053 3461 plenius
1074 3393 1104 3440 et
1121 3381 1243 3453 uberius

103 3469 282 3541 exponunt„
312 3455 404 3532 Quod
423 3461 564 3517 tacetura
579 3454 743 3528 Mettium,
759 3456 865 3546 reliqui
878 3457 936 3518 duo
956 3458 1142 3538 exprimunt.
1154 3477 1243 3537 quae·

102 3536 193 3598 rendi
219 3553 349 3610 secessus
390 3553 473 3591 causa
498 3531 648 3592 Christum
675 3531 748 3590 clam
779 3532 883 3592 abiisse
908 3534 936 3592 in
960 3535 1105 3610 desertum
1132 3533 1242 3608 locum,

102 3627 269 3692 antequam
288 3609 481 3669 illucesceret.
519 3607 601 3668 Dicit
625 3617 727 3688 postea
746 3609 878 3683 Marcus,
904 3604 1086 3672 admonitum
1111 3605 1199 3668 luisse
1225 3629 1242 3668 a

101 3693 218 3762 Petro,
246 3686 326 3765 quod
353 3705 418 3744 cum
439 3703 545 3744 omnes·
562 3695 746 3763 quaererent.
790 3686 883 3745 Lucas
908 3699 1006 3747 autem
1030 3685 1116 3757 dicit,
1141 3683 1242 3744 turbas

101 3769 176 3829 illuc
199 3780 294 3842 usque
313 3763 435 3824 uenisse.
457 3761 537 3834 siam
558 3762 637 3842 quod
659 3760 927 3838 distulissemus,
947 3765 1092 3824 transiisse
1112 3761 1143 3820 iu
1163 3759 1242 3819 ulto-

101 3847 222 3905 riorem
233 3840 338 3920 ripam,
356 3859 415 3920 pro
426 3857 464 3898 eo
484 3839 586 3897 dicunt
604 3837 692 3898 ambo
711 3837 764 3913 illi,
783 3856 952 3930 peragrasse
964 3851 1056 3901 totam
1069 3833 1242 3912 Galila'eadt,¹

102 3933 138 3982 ut
159 3916 301 3980 omnibus
320 3917 350 3976 iu
371 3913 448 3976 locis
463 3915 656 3994 praedicaret
694 3915 827 3976 Ulterior
846 3929 943 3976 autem
963 3917 1026 3996 ripa
1045 3932 1112 3976 meo
1132 3911 1243 3974 iudicio

102 4009 233 4060 vocator
257 4013 319 4053 non
346 4013 379 4052 ex
403 3992 542 4073 opposito
563 3992 673 4052 directe
698 3993 895 4074 respondens,
921 3993 972 4053 sed
997 4002 1135 4070 respectu
1152 3990 1243 4064 sinuat

126 4073 157 4134 ui
180 4081 247 4132 erat
265 4070 341 4131 inira
360 4070 554 4149 Capernaum.
573 4077 574 4086 ¹
591 4067 644 4128 ste
665 4081 870 4150 ergopartem
890 4069 969 4128 lacus
987 4067 1113 4143 traiecit,
1132 4078 1167 4127 ut
1179 4063 1243 4126 Ga·

103 4152 226 4212 lilaeana
252 4165 312 4206 noa
333 4146 524 4225 relinqueret.
568 4143 739 4206 Notandum
766 4147 910 4240 estquod
936 4143 1022 4220 dicit,
1053 4163 1087 4202 se
1108 4143 1142 4204 irr
1164 4143 1244 4204 hund

102 4229 197 4288 finem
221 4239 369 4305 egressum
388 4223 435 4282 vel
454 4223 591 4296 missum,
611 4223 678 4302 quia
698 4223 742 4282 bis
761 4223 859 4284 verbis
877 4231 1019 4295 testatur,
1039 4239 1125 4300 qnam
1143 4221 1243 4282 inten-

102 4315 155 4364 tus·
174 4301 213 4363 ad
240 4298 414 4394 explendum
439 4305 543 4358 manat
568 4319 653 4360 suum
678 4297 775 4359 luerit.
823 4301 981 4362 Caeterum
1006 4297 1031 4358 si
1098 4297 1122 4357 is
1146 4304 1245 4381 roget,¹

101 4381 241 4445 satiusnc
260 4387 299 4438 sat
318 4375 374 4436 huc
394 4389 425 4438 et
443 4374 512 4436 illue
521 4375 663 4437 cursitare
671 4375 823 4460 Evangelii
841 4377 1002 4516 miqisgros,
1020 4385 1055 4436 ut
1097 4372 1246 4438 eidoctri.¹
