2786 4742
206 237 267 312 m
542 229 695 301 SltG'rlo
715 233 793 296 Vll·
824 231 1010 296 mancum

207 383 321 450 «luerat.
358 379 421 444 out
440 389 537 442 autem
557 393 637 442 nuce
655 379 687 439 in
706 376 822 441 coelunt
842 390 978 460 receptus
1003 395 1065 440 non
1085 376 1203 446 eosdem
1223 377 1343 438 retinet

206 463 350 533 effectur,
400 459 485 519 uitus
510 457 655 520 obnoxius
674 475 737 516 esse
756 455 848 517 voluit
872 457 904 517 in
923 457 977 517 hac
995 454 1115 516 mortali
1132 457 1206 529 vita,
1236 477 1341 516 curam

205 551 304 602 tamen
324 537 384 596 Ecc
396 535 472 596 esiae
487 554 556 596 auae
570 555 632 594 non
652 532 771 608 abiecit,
790 533 861 614 quin
881 531 1167 628 respiciatpalantes
1178 551 1244 592 suaa
1256 551 1341 608 oves,

204 615 266 678 imo
278 630 496 758 ῇιςεῦευῃω
515 609 675 707 crudeliter
676 629 711 745 Ha
730 608 804 690 lupia
817 610 954 746 tlqrqqtum
975 609 1192 746 etdqsficeqptum
1206 608 1338 746 qqlligat.

321 735 329 750 .
407 705 627 750 muccoso.
708 707 815 748 acme
888 707 994 747 orasr
1039 706 1103 747 rea
1160 705 1339 746 muosex

204 767 294 853 plebe
313 764 484 846 recipiendo
496 709 657 846 Evlngelio
679 779 741 824 case
760 709 898 824 maturior.
937 707 1099 825 Etsigiuim
1118 729 1212 822 iunior
1232 783 1338 822 nurne-

206 867 265 908 rua¹
276 843 399 926 indigue
418 842 522 924 postea
540 839 686 919 foedaque
706 840 918 923 ingratitudine
931 839 1057 901 oblatam
1078 839 1199 899 salutem
1212 840 1335 931 respuit,

206 921 388 984 mediocrem
413 932 511 980 tamen
538 917 701 978 electorum
725 917 896 992 numerum,
922 918 971 998 qui
995 915 1152 977 incredulis
1177 928 1335 996 permutor

207 1011 287 1074 erat,
317 997 386 1058 ideo
411 1004 561 1075 comparat
585 995 671 1054 mecei
691 993 846 1074 copiosae,
874 995 940 1074 quia
959 987 1041 1054 Deus
1060 994 1191 1074 exiguam
1216 1014 1334 1053 suorum

206 1096 325 1138 manum
348 1073 439 1156 pluria
459 1091 544 1151 quam
568 1070 622 1130 reli
645 1091 714 1130 uum
739 1070 879 1130 mundum
905 1065 1045 1136 aestimat
1089 1070 1266 1150 Quanquam
1287 1091 1334 1130 au·

190 1165 270 1215 tem
289 1170 322 1213 ae
339 1162 412 1211 tunc
431 1147 516 1208 multi
534 1091 726 1230 ingeminant,
746 1148 814 1226 quia
833 1158 931 1213 tamen
973 1151 1035 1208 auci
1055 1146 1181 1208 fideliter
1199 1167 1232 1207 se
1250 1165 1335 1228 gere-

209 1231 299 1305 bant,
322 1228 402 1288 inter
419 1227 569 1302 opmoaim
594 1243 656 1284 nou
681 1234 807 1304 reputat
853 1221 928 1284 Nam
952 1169 1014 1285 lsoc
1038 1242 1148 1284 nomen
1172 1223 1202 1282 in
1229 1223 1335 1284 bonam

209 1317 323 1388 partem
342 1302 457 1384 accipit
495 1300 613 1374 Paulus,
633 1321 722 1380 quum
743 1301 780 1360 de
799 1299 882 1362 malis
901 1300 1042 1381 operariis
1063 1301 1271 1379 conqueritur,
1292 1319 1337 1360 rc·

209 1382 297 1466 spicit
314 1380 351 1444 ad
376 1400 480 1441 eorum
499 1376 677 1440 iactantiam.
720 1378 784 1438 Nec
805 1377 883 1437 eninr
908 1377 965 1458 hqc
985 1376 1073 1438 titulo
1093 1376 1227 1459 dignatus
1251 1388 1335 1452 esset,

210 1455 434 1598 qqqlperqleqdlq
452 1464 617 1592 mutuqeett
634 1453 907 1592 vaatfiodqaqpffi
918 1454 1037 1528 dabant,
1057 1454 1112 1550 uici
1131 1453 1248 1604 quiaoae
1265 1474 1336 1513 ven.

232 1560 241 1596 r
295 1556 332 1595 ao
389 1551 649 1626 aotpraenu..
696 1552 760 1622 'og
881 1552 1105 1623 'mmmmm
1154 1550 1334 1623 nuranemo

210 1631 342 1752 titt
355 1605 1336 1774 tdttg’dttl'ttltt‘t::t:ffttt⁵,il:¹¹tttattttt

103 1819 110 1830 ,
211 1774 269 1839 tat,
288 1773 320 1825 et
338 1761 466 1844 Spiritus
485 1761 530 1822 sui
555 1760 641 1822 donia
657 1761 794 1833 ¹instruit,
817 1762 934 1895 quoties
958 1763 1089 1844 inopiam
1114 1762 1261 1822 bonorum
1286 1782 1332 1840 pa-

190 1851 322 1902 ‘storum
342 1839 507 1910 ceruimus,
534 1837 571 1896 ad
596 1855 664 1896 eum
683 1836 786 1897 oculos
805 1835 944 1898 atullere
963 1857 1082 1900 necesse
1101 1850 1160 1912 est,
1190 1849 1223 1898 ut
1243 1857 1332 1897 reme-

210 1917 293 1978 dium
318 1915 432 1976 allerat.
479 1912 576 1973 Huius
596 1923 671 1972 uero
698 1913 878 1994 precationis
902 1935 1052 1996 nunquam
1076 1917 1169 1976 maior
1192 1913 1248 1975 luit
1271 1935 1333 1974 usus

207 2015 300 2078 qoam
319 1995 350 2054 in
369 1987 522 2068 horribili,
542 2008 617 2070 quae
637 2009 716 2050 nuuc
736 1988 848 2070 ubique
867 2005 1006 2074 apparet,
1031 1993 1179 2070 Ecclesiae
1197 1992 1331 2052 vastitate.

146 2268 148 2278 ·
178 2289 180 2300 .
252 2215 335 2298 (31)
376 2213 549 2312 ΜΑΤΤΗ.
568 2214 654 2280 Vlll.
696 2215 748 2282 23
765 2213 809 2294 Et
818 2238 915 2303 quum
938 2228 1023 2284 esset
1044 2217 1205 2304 ingressus
1225 2219 1330 2292 navim,

210 2318 436 2406 aequuti.aunt
461 2333 537 2382 eum
564 2315 716 2405 discipuli
740 2319 799 2384 aui.
846 2317 896 2415 24.
923 2317 965 2384 Et
987 2341 1064 2386 ecce
1083 2323 1189 2388 motus
1209 2337 1330 2404 magnus
1374 2319 1375 2340 ¹

212 2417 317 2486 lactus
338 2418 440 2482 estin
460 2419 557 2497 mari,
576 2409 661 2486 adeo
683 2428 718 2484 ut
739 2418 829 2484 navis
841 2423 1024 2506 operiretur
1047 2443 1065 2485 a
1086 2417 1327 2504 fluctibusajpae

211 2541 293 2586 vero
314 2517 515 2588 dormiebat.
570 2521 622 2586 25.
639 2519 697 2586 'Et
724 2519 918 2588 accedentes
947 2520 1097 2608 discipuli
1124 2523 1328 2586 excitaverunt

211 2620 319 2701 illum,
350 2619 510 2698 dicentes,
542 2620 700 2701 Domine,
722 2643 815 2688 serva
836 2644 911 2702 nos,
941 2626 1090 2709 perimus.
1129 2624 1181 2689 26.
1200 2623 1242 2688 Et
1261 2619 1330 2686 dicit
1373 2697 1374 2700 Ἴ

211 2720 293 2800 illis,
319 2719 411 2806 Quid
435 2719 540 2786 timidi
561 2723 652 2802 estis,
680 2725 812 2808 exiguae
833 2721 915 2789 fidei
936 2721 1103 2790 homines?
1144 2725 1239 2790 Tunc
1258 2724 1331 2788 exci·
1373 2717 1374 2766 ἶ

213 2831 298 2888 tatus
324 2822 503 2906 increpavit
530 2835 646 2888 ventor
678 2831 710 2886 et
734 2843 839 2888 mare:
871 2835 905 2890 et
931 2823 1015 2890 lacta
1044 2835 1093 2890 est
1126 2795 1331 2912 tranquillitas

210 2941 335 3008 magna.
388 2921 440 2988 27.
467 2923 624 2992 Homines
644 2943 732 2989 vcro
760 2923 1014 3012 admirabantur,
1041 2926 1204 3005 dicentes,
1224 2923 1332 3012 Qualia

212 3021 343 3112 cathir,
364 3023 441 3110 quia
460 3025 550 3089 venti
571 3045 703 3111 quoque
725 3033 758 3090 et
777 3047 865 3094 mare
888 3023 1048 3094 obediunt
1070 3030 1122 3098 ei?

273 3151 433 3244 *Mauo
447 3157 517 3224 [Vn
543 3157 595 3224 35.
615 3158 658 3224 Et
679 3161 723 3225 ait
742 3157 808 3225 illis
830 3161 864 3224 in
882 3159 936 3226 die
957 3159 1027 3241 illo,
1044 3181 1144 3250 quum
1158 3161 1241 3226 lacta
1255 3167 1330 3226 essct

210 3269 363 3343 vespera,
388 3255 606 3326 Transeamus
631 3262 667 3326 in
693 3259 881 3328 ulteriorem
907 3263 1021 3349 ripam.
1066 3265 1117 3329 36.
1143 3263 1186 3329 Et
1213 3261 1329 3330 dimissa

210 3355 307 3454 turba
328 3368 492 3424 assumunt
513 3362 660 3438 comita
680 3371 717 3426 ut
738 3372 815 3441 erat,
835 3365 870 3428 in
887 3366 970 3428 navi.
1006 3363 1074 3430 Sed
1095 3375 1127 3429 et
1147 3362 1231 3430 aliae
1251 3365 1328 3430 navi-

198 3457 305 3558 culae
327 3467 420 3523 erant
440 3477 511 3523 cunt
533 3458 602 3528 illo.
641 3463 694 3527 37.
716 3461 811 3528 Tunc
827 3467 930 3530 oritur
947 3466 1094 3553 procella
1102 3469 1192 3533 venti
1212 3487 1327 3552 magna:

211 3572 244 3628 et
264 3559 381 3626 fluctus
400 3555 742 3642 irruebantiunavim,
764 3574 799 3629 ut
809 3563 946 3632 illalum
963 3567 1160 3655 impleretur.
1201 3569 1249 3636 33
1263 3569 1325 3653 lpse

211 3672 332 3750 autem.
347 3669 426 3726 erat·
442 3662 476 3726 in
502 3667 605 3750 puppi
632 3685 731 3751 super
757 3665 897 3734 cervical
929 3667 1107 3736 dormiens:
1142 3679 1176 3736 et
1204 3672 1324 3735 excitam

185 3759 188 3766 ’
211 3761 295 3841 eum,
316 3760 492 3848 dicuntque
513 3763 570 3843 illi,
593 3766 800 3852 Praeceptor,
820 3787 889 3835 uon
910 3767 1038 3838 esttibi
1060 3790 1155 3836 curae
1177 3769 1262 3859 quod
1277 3788 1321 3855 pe
1353 3787 1373 3854 ,1

157 3865 176 3882 ’“
209 3863 328 3930 rimus?
368 3861 420 3927 39.
446 3860 490 3926 Et
516 3867 669 3954 excitatus
697 3869 878 3954 increpavit
900 3881 1046 3950 ventum,
1078 3869 1219 3960 dixitque
1247 3868 1319 3942 mari,

210 3965 308 4042 Tace,
327 3955 533 4031 obmutesce,
575 3965 618 4034 Et
637 3965 826 4055 'conquievit
848 3983 977 4054 ventus,
1003 3973 1153 4060 iactaque
1181 3985 1229 4040 cst
1251 3983 1318 4036 trau

85 4149 87 4160 .
124 4119 127 4127 ·
209 4061 353 4149 quantu
372 4052 497 4149 oame-
539 4067 591 4135 40.
610 4069 653 4147 Et
674 4073 719 4134 ait
739 4068 818 4150 iltis,
839 4072 918 4159 quta
942 4077 989 4139 su
1009 4075 1112 4142 eman
1132 4077 1226 4140 eausa
1255 4087 1318 4157 quo-

153 4187 158 4198 ·
207 4162 308 4228 modo
328 4181 397 4230 uon
418 4163 545 4233 hahetis
562 4167 737 4236 fiduciam?
763 4171 814 4257 ll.
836 4171 879 4238 Et
893 4169 1075 4241 timuerunt
1089 4177 1318 4258 timorenaguo

209 4257 428 4350 dicebantque
462 4268 550 4336 inter
568 4292 619 4351 se,
636 4273 807 4360 Quisnam
828 4272 882 4340 hic
901 4286 964 4356 eat,
988 4279 1066 4363 quia
1095 4288 1129 4344 et
1148 4287 1270 4352 vautra,
1293 4275 1318 4333 ⁰¹

209 4373 297 4423 mare
316 4361 479 4436 obediunt
495 4372 553 4438 ei?
619 4368 631 4398 ⁸

898 4545 1094 4588 ·„
