2808 4748
471 245 602 308 omno
623 255 658 306 m
679 259 803 308 uonna.
1117 251 1200 316 s137

72 413 230 458 aerumnae
260 395 399 456 miserum
428 389 554 452 reddant
576 387 744 465 hominem,
769 389 839 450 inde
863 389 1000 454 iudicium
1024 391 1089 454 fieri
1112 390 1201 471 solet,

74 473 157 554 quod
175 472 286 533 luctum
307 482 338 530 et
356 485 523 530 moerorem
543 471 688 548 perpetuo
700 485 798 526 secum
810 465 939 528 trahant:
959 468 1092 531 felicitati
1103 469 1201 530 autex‘n

74 547 152 610 nihil
169 549 260 640 magis
283 556 429 629 repugnat
453 563 541 624 quam
565 543 668 602 luctus.
708 540 842 603 Christus
865 555 962 606 autem
984 545 1119 628 lugentes
1139 568 1216 620 non,

73 625 168 686 modo
194 643 316 686 miseros
341 639 402 684 esse
426 632 532 702 negat,
556 619 608 680 scd
632 619 697 700 ipso
725 617 805 678 luctu
830 618 957 680 adiuvari
976 621 1073 698 docet,
1086 621 1204 686 beatam

74 703 177 777 vitam,
196 701 277 781 qnod
298 700 355 760 hoc
373 697 462 758 modo
483 697 648 756 formentur
668 693 703 778 ad
723 695 945 788 percipiendum
966 709 1116 758 aeternum
1129 720 1202 781 gau-

77 779 176 852 dium,
196 790 226 837 et
245 777 325 857 quasi
343 773 467 837 stimulis
487 773 664 844 excitentur,
689 789 727 829 ne
749 770 819 831 alibr
839 791 926 850 quam
945 771 977 831 in
995 773 1060 833 Deo
1081 776 1209 854 relidam

76 851 312 915 consolationem
338 860 488 932 quaerant.
527 849 578 909 Sic
597 846 705 908 Paulus
724 845 811 908 Rom.
831 867 894 929 cap.
914 854 950 923 ὅ,
968 853 1008 930 3.,
1035 845 1204 914 Gloriamur

77 931 111 990 in
130 930 382 1003 tribulationibus,
405 928 472 1008 quia
492 936 653 1006 operantur
676 923 863 1003 patientiam,
887 925 1028 1005 patientia
1050 927 1235 1008 probatio.,

77 1027 158 1084 nem,
178 1004 317 1087 probatio
338 1026 435 1086 spensa
462 1025 474 1062 s
498 1021 528 1062 es
547 1021 619 1063 vero
638 1021 701 1061 non
721 999 885 1062 confundit.
1250 1048 1252 1064 ,

154 1090 182 1149 ὅ.
220 1083 310 1142 Beati
338 1085 427 1141 mima.
499 1086 635 1139 ansuetos
664 1086 696 1136 et
723 1075 852 1156 placidos
880 1076 1036 1169 intelligit,
1068 1078 1123 1172 qui
1143 1099 1206 1171 pon

77 1157 164 1220 facile
189 1169 389 1239 provocantur
412 1155 543 1232 iniuriis,
575 1154 625 1234 qui
656 1153 693 1214 ad
723 1154 837 1232 quassis
868 1153 1053 1216 oileussones
1084 1177 1206 1222 minime
1315 1167 1319 1172 ’

77 1247 148 1296 sunt
164 1237 294 1311 morosi,
318 1235 370 1296 sed
411 1233 483 1294 arati
503 1240 571 1291 sunt
591 1228 702 1311 quidvis
743 1231 820 1291 otius
840 1230 935 1307 lerre',
959 1252 1045 1313 quam
1069 1244 1102 1294 ut
1125 1234 1207 1314 paria

81 1311 193 1373 iaciant
211 1333 278 1372 cum
297 1255 452 1393 improbis.
491 1306 613 1370 Talibus
631 1250 831 1368 maedewan
848 1321 943 1370 term
961 1308 1041 1388 quod
1061 1309 1209 1388 promittit

79 1388 226 1462 Christus,
245 1387 362 1448 videtur
381 1402 443 1448 esse
462 1385 546 1446 valde
565 1383 857 1450 absurdum:,terrae
876 1387 954 1445 enim
970 1385 1131 1446 dominium
1150 1407 1209 1467 po-

78 1465 137 1526 tius
163 1464 220 1525 sibi
244 1473 402 1543 usurpant,
427 1461 477 1544 qui
500 1463 630 1523 animose
654 1459 768 1540 quasvis
792 1461 911 1522 iniurias
930 1462 1093 1541 repellunt,
1118 1463 1210 1542 et,si
1256 1535 1261 1540 ,

80 1540 201 1622 quando
222 1538 295 1600 laesi
314 1539 388 1616 sint,
411 1559 500 1599 manu
526 1540 614 1600 etiam
632 1537 762 1617 prompti
781 1549 849 1598 sunt
868 1537 904 1598 ad
923 1539 1131 1601 ulciscendum.
1169 1541 1211 1601 Et

80 1628 164 1676 certe
183 1616 362 1697 experientia
381 1617 478 1690 docet,
497 1635 539 1676 eo·
555 1613 689 1674 audacius
709 1625 740 1673 et
758 1613 939 1695 petulantius
956 1618 1079 1708 grassari
1097 1618 1211 1699 impro-

80 1693 154 1768 bos,
174 1714 233 1772 quo
253 1693 351 1754 mitius
370 1692 514 1753 feruntur.
552 1691 653 1771 Atque
666 1689 740 1752 hinc
758 1702 860 1752 natum
880 1703 924 1753 est
943 1693 1121 1756 diabolicum
1140 1715 1211 1777 pro-

80 1769 227 1844 verbium,
247 1768 324 1830 Cum
344 1769 418 1851 lupis
437 1767 607 1829 ululandum
626 1785 707 1842 esse,
726 1767 793 1859 quia
811 1788 879 1829 mox
898 1790 914 1828 a
933 1768 1008 1851 lupis
1028 1770 1213 1833 devorandus

81 1845 129 1923 sit,
149 1846 212 1926 quis
235 1846 279 1908 uis
304 1864 335 1908 se
360 1865 445 1908 orem
465 1845 543 1906 lacit.
582 1841 644 1904 Sed
665 1843 797 1907 Christus
820 1865 904 1907 suum
929 1858 959 1907 et
982 1846 1080 1909 Patris
1101 1850 1215 1929 praesi-

82 1921 163 1990 dium
182 1867 326 1984 mhlomm
345 1921 440 1984 furori
460 1934 491 1983 et
507 1919 665 1983 violentiae
684 1940 850 2056 opponens,
868 1943 931 1983 non
950 1922 1058 1986 frustra
1079 1945 1216 1987 mansue·

82 2009 130 2060 tos
150 1999 277 2060 affirmat
295 2000 547 2061 terraeDominos
566 1997 634 2059 fore
653 2007 683 2057 et
722 1999 850 2060 aeredes.
887 2000 959 2060 Non
977 2001 1064 2061 aliter
1082 2022 1114 2064 se
1132 2013 1215 2064 tutos

82 2069 155 2136 sore'
170 2076 325 2138 confidunt
342 2076 394 2136 filii
413 2077 498 2136 buius
516 2073 641 2152 saeculi,
665 2094 750 2153 quam
774 2075 799 2135 si
817 2073 924 2136 aeriter
943 2077 1081 2158 quicquid
1100 2077 1215 2140 illatum

82 2151 175 2214 fuerit
192 2154 262 2232 mali
280 2153 440 2228 vindicent,
460 2163 548 2231 atque
567 2150 607 2208 ita
626 2170 714 2209 manu
734 2161 765 2210 et
777 2152 862 2212 armis
874 2152 962 2212 vitam
973 2175 1054 2216 suam
1064 2166 1213 2217 tueantur.

82 2227 125 2289 Ar
143 2249 215 2292 vero
236 2249 326 2310 quum
344 2227 531 2289 statuendum
549 2226 598 2301 sit,
611 2224 761 2286 Christum
779 2227 898 2286 unicum
919 2247 981 2290 esse
999 2232 1077 2292 vitae
1096 2235 1217 2292 nostrae

85 2307 257 2380 custodem,
277 2303 348 2364 nihil
369 2305 446 2366 aliud
465 2313 572 2378 restat,
596 2299 653 2361 nisi
676 2311 710 2361 ut
733 2300 872 2362 lateamus
898 2303 952 2363 sub
973 2305 1082 2366 'umbra
1104 2308 1216 2368 alarum

84 2382 159 2442 eius.
197 2382 295 2444 Porro
324 2400 393 2442 oves
418 2399 480 2440 esse
504 2399 559 2440 nos
588 2387 724 2456 oportet,
752 2377 777 2436 si
802 2379 933 2458 cupimus
959 2382 1071 2440 censeri
1097 2383 1129 2440 in
1153 2384 1216 2444 eius

84 2477 189 2540 grege.
228 2456 261 2516 Si
281 2457 346 2534 quis
366 2455 504 2530 obiiciat,
524 2474 592 2514 cum
611 2453 790 2531 experientia
806 2473 956 2534 pugnare,
976 2455 1056 2533 quod
1075 2454 1124 2517 hic
1142 2458 1218 2518 dici-

84 2546 152 2609 tur,
176 2533 305 2614 primum
324 2532 412 2592 velim
432 2530 591 2610 expendat,
614 2547 702 2608 quam
721 2527 848 2608 inquieti
868 2528 927 2589 sint
946 2531 1078 2608 leroees,
1096 2544 1131 2592 ut
1149 2555 1166 2594 a
1185 2553 1218 2595 se

85 2611 157 2690 ipsis
176 2608 345 2670 turbentun
383 2607 475 2668 Certe
501 2607 531 2667 in
551 2606 609 2668 vita
634 2604 707 2663 adeo
732 2603 928 2682 tumultuosa,
974 2609 1083 2671 uamvis'
1107 2610 1219 2672 centies

86 2698 187 2746 terrae
209 2687 269 2748 sint
298 2684 428 2759 domini,
451 2679 550 2743 omnia
571 2680 751 2763 possidendo
776 2679 852 2741 nihil
875 2629 1035 2775 possident.
1074 2686 1135 2747 Pro
1158 2685 1220 2747 Dei

86 2775 188 2825 autem
207 2762 273 2824 filiis
292 2762 470 2842 respondeo,
485 2760 597 2820 etiamsi
609 2779 752 2837 nusquam
763 2758 870 2839 pedem
881 2783 912 2821 ιιι
923 2783 978 2823 suo
993 2763 1086 2844 figere
1099 2775 1220 2842 queant,

11 2845 13 2866 ¹
86 2850 185 2902 terrae
205 2838 354 2902 domicilio
374 2839 474 2919 quiete
493 2837 567 2900 frui:
592 2854 690 2926 neque
713 2835 884 2918 imaginaria
907 2850 952 2906 est
970 2837 1042 2900 haec
1060 2841 1221 2920 possessio,

109 2917 155 2979 uia
173 2927 282 2978 terram
301 2915 477 2993 inhabitant,
497 2934 583 2994 quam
601 2913 658 2974 siba
671 2911 809 2974 divinitus
827 2933 995 2977 concessam
1015 2936 1077 2977 esse
1097 2929 1219 2980 norunt.

88 2937 207 3055 heiste
237 2994 372 3055 adversus
400 2990 546 3052 malorum
575 2991 781 3070 intemperiem
810 3001 841 3049 et
869 2991 960 3053 surias
991 2993 1128 3073 opposita
1157 2994 1218 3054 Dei

88 3090 176 3131 mauu
194 3080 348 3153 teguntur,
368 3080 399 3129 et
417 3068 541 3204 erqositi
558 3066 695 3128 omnibus
709 3065 935 3145 fortunaetelis,
946 3067 1091 3131 malorum
1107 3071 1222 3151 impro-
1287 3123 1292 3128 .

89 3145 175 3208 bitati
194 3147 333 3223 obnoxii,
357 3145 459 3226 pericu
471 3146 494 3206 is
514 3143 651 3206 omnibus
671 3143 859 3217 circumdati,
883 3165 986 3208 secure
1011 3157 1109 3207 umen
1128 3159 1223 3230 agunt

90 3222 144 3284 sub
163 3225 225 3285 Dei
244 3223 346 3299 tutela,
365 3233 399 3282 ut
416 3221 519 3282 saltem
538 3220 612 3280 hanc
631 3218 690 3279 Dei
709 3221 833 3304 gratiam
852 3221 910 3282 iam
934 3223 1106 3306 degustent:
1132 3237 1222 3306 atque

90 3299 226 3368 bucillis
245 3301 314 3362 satis
334 3310 393 3371 est,
413 3297 509 3358 donec
527 3297 630 3356 mundi
649 3295 857 3358 haereditatem
875 3300 980 3360 ultimo
1001 3300 1048 3359 die
1067 3300 1183 3362 adeant.

165 3383 195 3442 6.
233 3377 390 3455 Boreaque
407 3376 543 3434 suatum
580 3371 705 3436 Esurire
723 3386 754 3435 et
771 3377 852 3436 statae
873 3397 928 3458 per
946 3377 1151 3457 synecdochen
1171 3399 1221 3440 ac·

92 3451 169 3534 cipio
195 3474 253 3536 pro
277 3452 418 3514 laborare
436 3451 553 3531 inopia,
578 3449 698 3511 destitui
720 3451 809 3513 rebus
833 3454 1018 3532 necessariis,
1043 3454 1108 3515 iure
1132 3455 1221 3515 etiam

92 3547 146 3590 suo
164 3530 304 3592 fraudari.
335 3527 428 3602 Quod
446 3526 611 3588 Matthaeus
634 3527 722 3609 ponit
738 3531 847 3588 esurire
869 3528 1021 3604 trotithxm,
1047 3531 1158 3611 species
1179 3542 1224 3591 est

93 3625 148 3683 pro
189 3626 289 3670 encre.
326 3605 536 3688 Indignitatem
553 3616 653 3666 tamen
673 3603 848 3685 amplificat,
868 3629 958 3687 quum
979 3608 1049 3668 dicit
1067 3606 1150 3666 anxie
1170 3625 1225 3687 ge-

93 3627 202 3748 mendo
223 3683 301 3744 nihil·
317 3703 368 3745 eos
387 3693 537 3776 appetere,
557 3681 611 3742 nisi
631 3681 712 3761 quod
730 3683 838 3744 iustum
853 3696 911 3746 est:
931 3685 989 3746 acsi
1002 3683 1129 3757 dixisset,
1141 3681 1225 3742 Beati

96 3771 179 3835 suut,
202 3761 255 3842 qui
280 3761 431 3822 licet.su1s
455 3759 530 3820 votis
553 3757 764 3836 moderentur,
792 3771 826 3820 ut
855 3771 971 3826 tantum
994 3760 1051 3820 sibi
1082 3759 1225 3838 praestari

14 3851 17 3912 Ι
118 3838 177 3898 uod
196 3859 323 3919 aequum
343 3848 387 3897 est
406 3836 539 3916 cupiant,
555 3847 701 3915 ¹tanquam
720 3834 847 3898 famelici
865 3838 1054 3903 nihilominus
1073 3835 1224 3916 languent.

97 3853 240 3983 Quamvis
266 3916 344 3974 enim
368 3912 495 3974 ludibrio
520 3913 687 3972 sitteorum
706 3913 848 3989 anxietas,
874 3937 930 3996 qua
954 3923 1147 3992 torquentur,
1180 3924 1225 3973 est

97 3994 195 4049 tamen
213 3991 270 4052 illis
290 4001 370 4052 certa
388 3989 571 4082 praeparatio
590 3988 627 4048 ad
649 3989 872 4069 beatitudinem,
891 3991 958 4072 quia
977 3988 1095 4048 tandem
1114 3999 1227 4048 satura-

100 4057 217 4148 buntur.
255 4068 337 4130 Deus
358 4087 435 4127 eorm
452 4066 572 4127 nudem
591 4085 694 4128 eorum
714 4069 838 4150 gemitus
858 4067 1000 4142 exaudiet,
1021 4075 1052 4124 et
1070 4064 1228 4126 satisfaciet
1285 4127 1290 4136 ,

100 4141 179 4201 mstis
197 4142 356 4221 desideriis,
377 4143 458 4205 cuius
477 4143 608 4208 officium
628 4155 672 4206 est
691 4143 841 4208 famelicos
860 4143 948 4206 bonis
967 4139 1101 4224 implere,
1120 4153 1155 4202 ut
1174 4140 1226 4204 ha-

101 4207 188 4275 betur
205 4219 237 4280 in
258 4221 383 4282 Cautico
403 4221 543 4304 Virginis.

106 4357 115 4372 ‚
175 4297 204 4358 t.
241 4296 330 4358 Baua
357 4296 562 4358 srdsaicosslss.
601 4297 668 4362 lloc
693 4299 781 4360 etiam
805 4295 975 4379 paradoxon
1005 4317 1072 4357 cum
1097 4295 1227 4359 humano

105 4359 212 4430 audicio
230 4375 354 4459 pugnat.¹
389 4375 517 4442 Mundus
536 4387 654 4457 reputat
678 4375 797 4456 beatos,
822 4371 1041 4456 quintiorum
1064 4373 1228 4440 alienorum
