2808 4748
206 194 263 261 1⁵10
660 178 813 251 SECTIO
835 189 886 250 Vl.
920 203 924 210 ’

203 343 339 404 ‘catorum
359 334 531 396 remissione
557 331 651 398 ordiri
672 351 792 396 necessa
813 345 873 407 est,
891 331 960 412 quia
976 331 1046 392 binc
1066 329 1242 411 prima'spea
1262 347 1332 391 exo·
1366 349 1375 374 ¹

206 412 290 471 randi
308 410 367 470 Dei
386 410 524 494 affulget,
545 410 612 472 dum
633 410 720 484 nobis
746 409 893 491 propitius
914 421 972 481 est,
991 409 1041 488 qui
1060 427 1122 468 non
1142 406 1226 468 aliter
1244 407 1333 468 nobis

204 487 339 568 placatur
356 503 443 567 quam
462 499 582 568 peccata
622 489 690 550 ratis
709 485 900 570 ignoscendo.
947 487 1105 548 Caeterum
1123 483 1235 554 duabus
1254 485 1333 575 peti-

204 563 338 624 tionibus
349 563 517 645 complexus
537 575 581 625 est
593 507 738 639 iturissae,
757 583 831 644 quae
851 563 888 624 ad
907 575 1057 624 aeternam
1075 559 1197 623 salutern
1216 581 1329 624 ammae

206 652 238 700 et
256 639 434 721 spiritualem
457 642 545 706 vitam
569 641 758 724 spectabant,
787 641 872 702 sicuti
897 641 969 702 baec
995 639 1055 700 duo
1079 649 1148 702 sunt
1172 638 1328 718 praecipua

206 720 300 796 capita
320 717 410 777 divini
430 717 574 789 foederis,
601 718 706 810 quibus
724 727 788 778 tota
808 716 884 778 salus
903 729 1003 780 nostra
1023 715 1253 795 constat:‚quod
1274 733 1328 776 no-

205 794 250 854 bis
269 794 425 872 gratuitam
443 797 714 860 reconciliationem
745 793 836 858 offert
865 806 985 874 peecata
1010 814 1071 854 non
1091 793 1281 884 imputando,
1301 805 1327 853 et

205 871 227 930 S
251 871 349 935 iritum
369 872 530 953 promittit,
555 873 605 953 qui
629 871 767 934 iustitiam
785 870 873 952 Legis
893 871 1032 936 cordibus
1052 881 1158 932 nostus
1176 869 1327 949 insculpat

207 890 371 1027 litrumque
390 969 461 1030 ergo
481 961 584 1029 petere
601 949 747 1023 iubemur,
767 959 798 1010 et
815 948 916 1028 priore
936 947 1003 1008 loco
1023 947 1254 1028 poniturvotum
1275 967 1325 1026 pro

205 1023 368 1087 obtinenda
393 1039 580 1105 peccatorum
603 1026 784 1088 remissione.
824 1026 950 1086 Peccata
972 1025 1049 1105 apud
1069 1021 1247 1086 Matthaeum
1275 1045 1325 1084 ro-

202 1113 309 1161 caotur
327 1100 437 1180 debita,
458 1104 596 1182 quoniam
615 1114 698 1162 reatu
718 1118 773 1162 noe
793 1102 984 1185 obstringunt
1002 1102 1039 1162 ad
1058 1100 1116 1162 Ilei
1134 1100 1281 1174 tribunal,
1299 1112 1327 1160 et

204 1175 353 1240 debitores
373 1181 568 1240 constituunt:
594 1180 655 1240 imo
675 1198 691 1240 a
710 1177 779 1240 Deo
799 1198 918 1259 prorsus
937 1177 1082 1253 alienant,
1114 1187 1147 1240 ut
1165 1177 1252 1244 nulla
1263 1195 1326 1257 spes

202 1255 439 1322 sitobtiueudae
453 1257 537 1392 pacis
557 1268 588 1319 et
605 1257 717 1339 gratiae
737 1255 793 1320 nisi
813 1256 1000 1338 perveniam.
1037 1255 1084 1317 Ita
1099 1253 1236 1392 impletur
1248 1253 1325 1334 quod

204 1329 294 1394 docet
312 1331 452 1411 Paulus(
481 1354 539 1394 orn.
558 1341 595 1410 3,
618 1335 699 1412 22),
729 1333 809 1396 Reos
840 1353 903 1398 ease
927 1351 1046 1406 omues,
1076 1345 1106 1394 et
1150 1331 1247 1396 estitui
1269 1330 1323 1390 Dei

224 1407 317 1485 toria,
348 1419 382 1470 ut
407 1429 496 1470 omne
520 1432 554 1473 os
578 1410 763 1485 obstruatur,
793 1421 825 1470 et
843 1409 986 1473 obnoxius
1010 1407 1060 1471 fiat
1078 1409 1173 1470 omnis
1201 1408 1321 1468 mundus

201 1427 280 1546 ileo.
316 1485 465 1547 Nam'etsi
483 1486 515 1550 iu
533 1487 642 1550 sanetis
661 1507 695 1552 ex
714 1498 797 1569 parte
817 1486 942 1570 affulget
960 1486 1018 1580 1)ςί
1037 1485 1155 1562 iustitia,
1174 1503 1260 1621 guam
1278 1484 1321 1544 diu

202 1573 299 1624 umen
320 1580 408 1621 carne
427 1563 597 1628 'circumdati
615 1577 700 1643 suut,
733 1565 859 1644 peccatis
884 1575 999 1624 onerati
1023 1564 1127 1625 iacent
1190 1574 1220 1624 ta
1238 1582 1321 1622 nemo

202 1637 367 1728 reperietur
385 1661 480 1719 usque
499 1642 574 1704 adeo
594 1663 700 1723 purus,
722 1641 775 1720 qui
800 1661 860 1702 non
886 1641 1018 1722 indigeat
1037 1639 1237 1704 misericordia
1254 1638 1323 1698 Dei:

202 1735 283 1777 curus
302 1714 326 1774 si
346 1716 502 1806 participes
521 1738 584 1780 esse
604 1720 748 1812 cupimus,
768 1717 912 1778 miseriam
931 1729 1062 1778 nostram
1080 1717 1190 1778 sentire
1209 1735 1325 1779 necesse

201 1800 253 1856 est.
294 1789 357 1865 Qua
376 1813 446 1854 vero
466 1790 575 1856 t‘antam
595 1796 651 1856 aibr
674 1794 889 1887 perfectionem
912 1794 944 1855 in
965 1793 1024 1868 boe
1042 1795 1152 1860 mundo
1168 1793 1324 1866 somniant,

200 1878 234 1926 ut
252 1866 290 1927 ab
310 1869 393 1930 omni
412 1871 484 1933 vitio
505 1883 536 1932 et
555 1870 642 1952 eulpa
660 1883 720 1932 arnt
738 1872 893 1944 immunes,
911 1892 974 1932 nou
994 1883 1054 1932 tam
1073 1873 1199 1950 peccatis
1217 1869 1323 1933 valedi-

200 1955 287 2018 cunt,
312 1965 407 2084 ⁴poam
431 1947 488 2028 ipsi
509 1946 647 2025 Christo,
678 1969 695 2009 a
719 1948 800 2010 cuius
819 1947 952 2011 Ecclesia
974 1947 1214 2012 seseabdicaut.
1250 1947 1324 2007 Nam

198 2043 291 2102 quum
337 2023 474 2103 iseipnlos
493 2045 596 2086 omnes
625 2043 696 2086 suos
724 2024 759 2085 ad
790 2034 979 2104 peecatorum
1004 2025 1205 2086 remissionem
1229 2021 1324 2084 iubeat

199 2099 335 2176 quotidie
354 2100 535 2184 confugere,
566 2102 602 2164 ab
630 2121 734 2164 eorum
754 2119 877 2164 numero
897 2121 929 2162 se
949 2102 1104 2183 expungit,
1121 2102 1191 2180 'quis
1214 2099 1256 2164 uis
1276 2123 1323 2160 su-

213 2194 376 2242 ,erracuum
395 2177 454 2242 boc
473 2179 636 2240 remedium
656 2198 718 2238 esse
738 2189 829 2259 putat.
854 2177 918 2238 Iam
937 2180 1081 2253 remissio,
1096 2199 1182 2258 quam
1194 2121 1249 2238 liic
1268 2197 1322 2236 no·
1385 2233 1386 2260 ,

198 2197 247 2313 bis
260 2252 324 2312 beri
343 2265 490 2334 optamus,
499 2256 747 2318 satisfactionibus
766 2266 923 2336 repugnet,
942 2254 1047 2335 quibus
1062 2276 1092 2316 se
1110 2253 1235 2316 muudus
1249 2253 1323 2314 redi-

198 2347 281 2393 tnere
301 2343 434 2396 conatur.
471 2333 518 2392 Ne
540 2354 577 2394 ue
598 2333 675 2394 euim
696 2333 848 2398 remittere
861 2332 1118 2406 diciturcreditor,
1138 2335 1188 2412 qui
1206 2341 1321 2410 accepta

97 2413 102 2426 ¹
198 2408 348 2471 solutione
366 2408 440 2468 nibil
459 2430 505 2471 arn
520 2354 583 2474 lius
602 2411 701 2494 exigit,
719 2411 771 2492 sed
792 2409 843 2489 qui
861 2409 941 2472 ultro
962 2420 993 2468 et
1012 2409 1171 2472 liberaliter
1189 2409 1251 2470 iure
1267 2427 1318 2468 suo

198 2485 307 2549 cedens
326 2484 451 2548 absoluit
470 2431 645 2550 debitorem.
692 2489 799 2567 Neque
825 2486 871 2547 bic
896 2485 994 2550 locum
1018 2486 1108 2550 babet
1129 2485 1253 2568 iulgaris
1276 2482 1320 2544 illa

98 2641 100 2646 Ι
196 2561 304 2642 eulpae
324 2575 354 2624 et
373 2584 489 2658 poepae
510 2565 674 2628 distinctio:
694 2585 791 2644 neque
811 2565 893 2628 enim
911 2563 1031 2624 dubium
1051 2576 1110 2638 est,
1134 2566 1204 2656 quin
1224 2561 1321 2623 debita

196 2658 314 2716 poenae
334 2650 445 2700 reatum
464 2641 641 2721 significent.
689 2642 747 2701 llic
772 2641 797 2701 si
820 2639 906 2700 nobis
932 2646 1022 2722 gratis
1045 2641 1215 2714 remittitur,
1242 2659 1320 2700 eom-

196 2715 386 2798 pensationes
401 2735 506 2777 omues
519 2735 692 2780 euanescere
705 2727 834 2796 oportet
872 2717 936 2776 Nec
955 2717 1026 2778 alius
1046 2729 1091 2778 est
1108 2729 1207 2780 sensus
1218 2716 1323 2788 Lucae,

196 2790 329 2926 ppamris
342 2805 466 2864 peccam
484 2793 632 2868 nominet,
660 2792 728 2871 quia
748 2811 851 2852 eorum
870 2793 985 2854 veniam
1009 2815 1071 2854 non
1090 2793 1175 2856 aliter
1192 2792 1324 2873 indulget

230 2884 291 2938 ests,
311 2886 397 2944 quam
413 2879 527 2930 reatum
541 2868 686 2930 tollendo.
723 2867 807 2928 Sicut
824 2882 850 2928 et
868 2865 922 2930 irus
939 2873 1115 2932 moenem
1154 2871 1237 2931 Haec
1249 2889 1322 2930 con-

161 2938 165 2955 ¹
198 2939 273 3000 ditio
293 2943 361 3004 ideo
382 2965 397 3004 a
421 2945 516 3024 posita
538 2957 594 3020 est,
619 2945 741 3023 nequis
765 2944 800 3005 ad
818 2945 917 3006 Deum
941 2948 1087 3028 petendae
1111 2948 1213 3011 reniae
1238 2966 1322 3007 causa

197 3017 339 3108 accedere
358 2967 481 3096 auieat,
508 3023 562 3082 nisi
583 3020 665 3082 omui
684 3019 755 3081 odio
779 3042 924 3102 purusac
942 3046 1059 3086 vacuus.
1102 3025 1206 3104 Neque
1224 3033 1323 3084 tamen

197 3115 299 3170 venua,
319 3117 405 3178 quam
424 3097 512 3161 nobis
532 3096 595 3160 dari
614 3099 755 3179 petimus,
776 3100 810 3160 ab
833 3119 867 3161 ea
887 3118 973 3180 quam
991 3113 1168 3181 praestamus
1188 3100 1250 3161 aliis
1270 3099 1323 3158 de.

197 3171 323 3251 pendet:
343 3175 395 3236 sed
413 3175 473 3236 boc
492 3175 583 3236 modo
604 3175 640 3236 ad
660 3175 849 3238 remittendas
869 3195 971 3240 omues
992 3174 1118 3240 uffinsas
1138 3177 1249 3242 hortari
1267 3195 1323 3236 nos

198 3247 334 3312 Christus
352 3251 462 3326 voluit,
490 3265 520 3312 et
543 3249 629 3314 siurul
653 3250 846 3329 absolutionis
866 3266 986 3316 nostrae
1010 3255 1145 3316 fiduciam
1164 3253 1244 3334 quasi
1266 3252 1325 3312 im·

105 3333 108 3338 '
192 3340 297 3408 ,presso
318 3325 538 3407 sigillo‘melius
559 3341 655 3392 rotam
675 3330 781 3391 facere.
829 3332 894 3394 Nee
913 3331 1026 3408 obstat,
1078 3334 1137 3394 uod
1162 3329 1240 3412 apud
1261 3328 1326 3390 Lu-

194 3421 262 3468 eern
282 3401 409 3466 babetur
428 3403 571 3484 particula
589 3412 637 3464 καὶ
653 3406 723 3480 γάρ,
748 3428 822 3490 quae
841 3409 1014 3468 tantundem
1034 3353 1112 3470 vilet
1130 3430 1162 3470 ac
1185 3404 1327 3486 siqttidem

196 3477 245 3541 rel
264 3483 383 3542 ιιιιιὶιιιι
426 3481 497 3560 quia
515 3482 627 3546 Christi
647 3484 799 3548 eonsilium
820 3504 882 3545 non
908 3484 963 3546 fuit
989 3507 1103 3548 causam
1128 3497 1247 3558 notare,
1269 3484 1324 3542 sed

194 3567 310 3622 sautum
328 3576 462 3632 mouere,
482 3561 597 3639 qualem
618 3580 686 3646 erga
705 3562 809 3624 fratres
827 3560 954 3622 animum
970 3562 1078 3626 afferre
1088 3573 1236 3644 oporteat,
1253 3557 1324 3618 dum

197 3637 329 3714 cupimus
348 3633 416 3694 Deo
436 3637 632 3700 reconciliari.
669 3641 710 3702 Et
729 3651 809 3700 certe
827 3639 851 3698 si
874 3639 905 3700 in
925 3639 1063 3702 cordibus
1089 3640 1196 3706 nostris
1220 3648 1326 3718 regnat

196 3710 256 3772 Dei
276 3712 417 3792 Spiritus,
452 3723 565 3775 cessare
588 3727 709 3798 oportet
734 3735 852 3777 omnem
876 3713 1110 3778 malevolentiam
1131 3721 1161 3778 et
1178 3715 1324 3777 vindictae

196 3787 345 3852 affectum.
385 3789 486 3863 Quum
510 3805 607 3856 autom
627 3793 754 3872 Spiritus
781 3793 867 3859 nobis
890 3791 926 3852 ait
953 3793 1121 3874 adoptionis
1140 3805 1257 3854 nostrae
1276 3800 1323 3851 te-

198 3866 259 3940 stis‘,
278 3867 408 3927 videmus
428 3866 603 3947 simpliciter
620 3869 668 3930 hic
687 3870 850 3952 appositam
864 3888 925 3930 esse
945 3867 1057 3947 notaria,
1078 3870 1221 3950 quae-Dei
1233 3866 1323 3928 Filios

196 3940 234 4002 ab
256 3941 398 4006 extradeis
418 3944 573 4023 discernat.¹
617 3945 768 4008 Debtteras
789 3945 835 4007 bic
853 3957 996 4008 vocantur
1014 3968 1076 4010 uon
1095 3949 1252 4028 pecuniae,
1274 3941 1322 4006 rel

198 4017 290 4078 officii
309 4019 446 4097 alicuius,
464 4022 520 4084 sed
536 4023 586 4102 qui
607 4022 647 4084 ob
665 4023 760 4085 illatas
780 4023 898 4085 iniurias
918 4022 1004 4084 nobis
1024 4035 1092 4092 suut
1112 4023 1241 4084 obnoxii.

198 4163 206 4178 ,
248 4103 320 4161 ,13.
358 4098 400 4158 Et
417 4121 454 4158 aaa
470 4121 525 4162 noe
542 4097 714 4161 inductoria
730 4104 919 4162 aerariorum
959 4100 1040 4162 llaec
1052 4100 1157 4181 petitio
1170 4115 1323 4180 perperam

17 4173 19 4182 '
109 4221 110 4226 ι
197 4186 234 4223 Μ’
250 4170 319 4254 (luas
339 4197 356 4236 a
375 4177 547 4257 quibusdam
566 4189 645 4238 secta
663 4178 730 4255 fult,
750 4197 894 4258 quumex
912 4196 945 4238 re
964 4177 1025 4256 ipsa
1041 4188 1168 4253 constet,
1186 4195 1273 4236 uuam
1294 4185 1326 4232 et
1378 4224 1379 4241 ,

108 4297 109 4309 ,
200 4246 321 4331 eandem
342 4271 422 4330 esse,
453 4266 484 4317 et
498 4255 659 4317 uerborum
679 4255 825 4318 connexio
850 4255 929 4318 idem
951 4253 1141 4318 demonstret
1178 4251 1325 4312 Adversa-

200 4327 256 4382 tua
276 4325 354 4388 enim
373 4332 532 4410 particula,
562 4351 638 4418 quae
661 4332 756 4399 media
781 4332 918 4420 ponitur,
949 4331 1007 4400 duo
1031 4328 1268 4398 memoranter
1293 4345 1326 4388 se
