2808 4748
201 263 258 338 sss
338 314 342 324 .
543 313 546 324 .
636 203 883 332 scortum.
985 271 992 361 Ι·
1296 281 1333 294 w

139 403 142 414 '
201 371 391 484 incogitantii
410 399 579 464 dissimulet.
618 399 684 464 lmo
705 421 773 486 'non
797 400 916 463 aliunde
936 418 1023 481 quam
1043 419 1059 460 a
1076 419 1109 460 se
1133 399 1197 480 ipso
1216 419 1331 480 provo*-
1389 447 1390 450 ,

202 492 295 555 catur,
314 490 347 538 ut
364 478 550 542 nobisfidem
570 477 673 556 donet,
693 499 768 559 qnae
786 497 888 560 preces
907 476 1124 542 omuesordine
1144 488 1174 536 et
1192 488 1331 555 tempore

198 556 359 694 sistet·
378 553 622 714 ,ttstzts
632 555 956 694 tsitsttttst
965 552 1330 690 stetissetis
1389 559 1390 564 i

344 675 354 707 ‚
1313 668 1329 678 ..

201 729 270 770 ecre
290 729 357 770 com
380 721 453 772 oses.
498 709 580 792 Ergo
600 657 863 792 tametsipgratuito
883 707 966 769 nobis
986 709 1085 769 omnia
1104 707 1241 790 largitur,
1287 726 1326 767 uo

200 797 298 849 lamen
322 731 411 848 fidius
435 799 566 848 nostram
597 799 745 862 exerceat,
775 786 889 871 precari
914 806 971 846 nos
994 784 1077 844 iubet
1100 797 1134 845 ut
1157 728 1325 866 petentilsus

201 862 357 942 concedat,
378 885 453 948 qnae
473 863 559 924 nobis
580 884 613 922 ex
631 883 711 923 mera
731 863 792 924 eius
813 862 945 922 bonitate
964 861 1069 922 fluunt.

275 945 305 1006 9.
343 940 399 1000 An
460 942 468 960 '
499 961 568 1000 uam
584 955 707 1000 vestm
724 935 875 1000 est-domo.
914 937 1104 1019 Comparatio
1121 949 1198 996 est-a
1217 933 1324 996 minori

200 1014 237 1076 ad
259 1016 361 1078 maists.
445 1017 505 1091 imo
527 1016 662 1078 Christus
678 1017 819 1076 malitiam
838 1015 995 1076 ,hominum
1013 1017 1172 1076 immensae
1190 1013 1249 1072 Dei
1268 1013 1324 1072 bo-

167 1127 176 1168 ,
199 1092 285 1152 nitati
304 1094 440 1186 opponit.
459 1129 467 1140 ι
489 1092 635 1186 Maliffnos
663 1105 761 1154 autem
780 1115 835 1156 nos
851 1092 955 1153 reddit
973 1097 1117 1165 octavus:
1145 1091 1230 1172 quia,
1254 1089 1323 1148 dum
1387 1097 1388 1114 ³

199 1167 255 1229 sibi
279 1191 402 1252 quasque
430 1169 498 1262 plus
528 1182 599 1240 satra
624 1169 755 1232 addictus
780 1183 839 1244 est,
869 1167 941 1230 alios
989 1171 1110 1233 raecerit
1133 1189 1166 1228 ac
1192 1187 1229 1227 ne
1250 1166 1323 1248 ligit.

198 1246 291 1325 Atqui
312 1247 368 1308 hoc
387 1247 489 1309 vitrum
510 1269 540 1306 su
566 1259 627 1308 erat
646 1258 784 1328 paternus
804 1267 897 1322 amor,
917 1257 951 1305 ut
968 1189 1104 1306 inmines
1121 1244 1166 1305 sui
1187 1187 1272 1305 otini
1291 1262 1324 1302 se

197 1323 229 1383 in
249 1323 416 1405 filiosplus'
428 1345 513 1406 quam
544 1322 696 1414 thera-ljter
714 1324 878 1400 effundant.
947 1323 1004 1382 nde
1023 1334 1120 1382 autem
1141 1321 1170 1380 id
1190 1319 1324 1398 nisiquia

197 1398 295 1478 Deus,
322 1423 338 1462 a
378 1422 418 1460 uo
439 1401 592 1461 descendit
610 1401 706 1464 omnis
725 1401 885 1538 paternitas
946 1399 1323 1480 phes.3,15.),partieu·
1389 1475 1390 1480 η

198 1474 255 1536 lam
279 1497 349 1538 suae
395 1476 520 1546 onitatis'
540 1497 643 1538 eorum
671 1500 724 1538 cor
745 1479 809 1539 ibus
832 1475 972 1538 instilati
1011 1475 1126 1550 Quodsi
1148 1486 1261 1534 tantum
1286 1471 1323 1531 ad

196 1551 421 1614 beneficentiam
440 1552 545 1614 valent·
558 1553 707 1637 guttulae,
731 1556 801 1635 quid
820 1553 856 1614 ab
881 1556 946 1634 ipso
972 1552 1047 1612 m‘ari
1064 1551 1231 1620 inexhausto
1256 1568 1322 1629 spe·

197 1631 321 1688 randum
342 1629 404 1690 est?
441 1631 490 1692 An
508 1632 661 1694 restrictus
686 1644 763 1700 esset
781 1632 880 1705 Deus,
910 1629 960 1710 qui
991 1629 1142 1688 bominum
1166 1627 1256 1690 corda
1281 1626 1321 1686 sic

91 1717 94 1736 ⁴
196 1706 326 1840 speriti
348 1706 467 1768 Interea
490 1708 659 1769 tenendum
672 1720 716 1770 est
740 1709 812 1768 illud
836 1707 963 1782 lessies,
985 1705 1107 1765 Etiamsi
1127 1717 1221 1765 mater
1244 1702 1322 1764 filios

196 1802 217 1842 o
238 1780 394 1860 liviscatur,
412 1784 576 1844 Dominum
595 1797 694 1846 tameo
714 1783 779 1846 iore
798 1784 848 1846 sui
861 1783 995 1860 similem,
1014 1794 1047 1842 ut
1065 1801 1098 1844 se
1108 1782 1226 1842 Patrem
1244 1801 1322 1843 sem·

194 1875 250 1938 per
268 1857 405 1930 exhibeat
422 1863 492 1938 (les.
510 1867 559 1936 te,
578 1865 647 1938 tt).
1224 1881 1234 1892 “

134 1964 136 1974 ·
269 1942 318 2002 11.
355 1937 449 1996 Pater
465 1935 547 1996 clodis
562 1936 639 1997 dona
655 1935 744 1998 dosa.
784 1937 852 1998 Hoc
871 1936 1008 2010 tousulto
1027 1936 1167 2018 expressit
1176 1933 1320 2011 Christus,
1389 1987 1390 1998 ,

193 2030 235 2071 ne
257 2013 353 2074 stultis
375 2014 532 2106 pravisque
562 2014 713 2076 desideriis
744 2014 892 2096 precan'do
924 2013 1053 2074 habenas
1080 2010 1202 2072 nimium
1226 2012 1320 2072 laxent

193 2087 304 2152 fideles.
342 2090 469 2166 Scimus,
489 2101 597 2170 quanta
615 2091 654 2151 sit
671 2091 702 2151 in
722 2091 776 2153 hac
794 2103 879 2174 parte
890 2090 983 2152 carnis
1001 2101 1121 2150 nostrae
1138 2101 1199 2150 tam
1214 2089 1319 2149 intem-

194 2165 291 2246 peries
306 2166 556 2246 *qdam'audacia
598 2167 679 2230 Nihil
703 2171 782 2229 enlm
807 2169 894 2232 nobis
920 2187 981 2228 uon
1005 2165 1198 2256 permittimus
1217 2187 1233 2226 a
1251 2165 1318 2225 Deo

216 2253 312 2302 etere:
345 2245 427 2325 quod
452 2245 507 2304 nisi
531 2263 646 2306 morem
661 2245 943 2310 ·stu1titiae.·nostrae
988 2255 1074 2318 crat,¹
1093 2243 1227 2304 adsersus
1253 2262 1317 2301 cum

193 2263 354 2382 leemimus.
393 2321 529 2383 Christus
548 2341 621 2414 ergo
640 2335 709 2385 vota
729 2323 835 2406 nostra,
848 2322 966 2383 subiicit
1009 2321 1034 2380 ei
1053 2319 1187 2395 arbitrio,
1206 2339 1243 2380 ne
1253 2318 1316 2456 plus
1389 2393 1390 2400 ἵ

193 2396 287 2458 nobis¹
302 2397 442 2481 largiatur
454 2419 540 2482 quam
558 2399 631 2460 nerle
643 2419 705 2478 esse
717 2401 840 2461 noverit.
880 2399 982 2474 Quare
992 2418 1031 2458 ne
1050 2409 1194 2479 putemus,
1213 2419 1252 2457 nu
1273 2417 1315 2455 am

193 2473 238 2534 illi
258 2493 321 2537 esse
347 2477 441 2558 nostri
462 2497 579 2553 curam,
611 2477 727 2556 quoties
753 2477 861 2537 nostris
884 2475 1035 2549 desideriis
1059 2495 1121 2534 noo
1147 2475 1314 2554 respondet:

194 2551 263 2632 qnia
283 2570 374 2633 penes
393 2554 487 2636 ipsum
509 2565 555 2616 est
573 2553 740 2615 discernere
782 2550 962 2633 quidnobis
988 2543 1130 2632 expediat
1168 2551 1229 2611 lam
1247 2570 1313 2612 vero

194 2628 263 2710 quia
284 2631 367 2690 coeci
386 2641 455 2690 sunt
474 2649 576 2695 omues
597 2631 690 2691 nostri
711 2596 845 2704 aiiectus,
864 2627 964 2710 regula
984 2628 1087 2688 orandi
1107 2647 1141 2686 ex
1159 2627 1313 2692 verbuliei

195 2705 323 2784 petenda
343 2718 401 2765 est:
433 2725 531 2786 neque
556 2705 635 2766 enim
655 2707 691 2766 ad
711 2727 784 2767 rem·
796 2709 907 2766 tantam
927 2704 1132 2765 aestimandam
1151 2704 1252 2764 idonei
1269 2727 1314 2766 sn-

193 2799 267 2838 mus.
306 2781 389 2861 Ergo
409 2782 540 2862 quisquis
563 2802 630 2841 cum
655 2783 798 2843 exorandi*
813 2781 919 2841 fiducia
938 2781 1077 2842 accedere
1096 2782 1134 2840 ad
1152 2781 1247 2840 Deum
1267 2803 1314 2840 cu·

194 2856 254 2934 pit,
286 2855 402 2915 frenare
428 2879 481 2921 cor
500 2879 584 2917 suum
605 2859 710 2934 discat,
742 2877 779 2917 ne
800 2858 869 2938 quid
889 2869 971 2938 petat
989 2858 1050 2920 nisi
1065 2879 1098 2917 ex
1112 2857 1193 2918 'itlius
1213 2857 1314 2918 volun-

193 2937 272 3006 tete,
291 2931 537 2996 sicuti'admonet
555 2933 683 2994 Iacobus
703 2955 749 3015 ep.
769 2937 838 3006 suae
859 2942 967 3016 capet,
985 2941 1014 3000 3.
1051 2935 1145 2994 Lucas
1164 2954 1219 3014 pro
1238 2933 1316 2996 dosis

193 3005 225 3066 in
246 3019 377 3070 extremo
398 3011 532 3070 membro
556 3011 644 3090 ponit
661 3011 804 3086 Spiritum
822 3027 966 3088 sonarum,
997 3031 1060 3071 non
1085 3009 1314 3073 excludens'ulia

193 3082 348 3160 beneficia,
367 3087 418 3146 sed
431 3086 500 3166 qnid
519 3087 676 3168 praecipue
696 3089 855 3168 petendum
875 3091 912 3148 sit
924 3088 1093 3164 ostendens,
1112 3108 1227 3168 semper
1239 3090 1314 3150 enim

193 3157 317 3220 illudio
336 3164 509 3224 memoriam
527 3163 627 3223 subire
648 3165 753 3239 dehet,
786 3165 929 3240 Quaerite
956 3165 1084 3259 primuni
1110 3183 1232 3246 regnum
1251 3167 1315 3243 Dei,

194 3247 225 3293 et
251 3235 306 3296 alia
330 3238 455 3300 subinde
480 3240 630 3300 accedent.
681 3243 783 3317 Quare
807 3243 882 3304 filios
905 3243 979 3318 Dea,
1003 3254 1037 3303 ut
1060 3262 1092 3302 se
1116 3245 1150 3304 ad
1176 3243 1231 3302 cite
1251 3265 1315 3324 pre·

194 3312 317 3402 candum
339 3319 526 3394 comparent,
554 3327 712 3392 ¹terrestres
736 3320 1007 3397 allectus'exuere,
1038 3330 1069 3378 et
1098 3321 1134 3379 sd
1164 3319 1317 3412 spiritualis
1389 3389 1390 3398 ἢ

133 3419 139 3428 e
193 3399 273 3448 vitae
291 3390 517 3452 meditationem
536 3396 736 3466 conscendere
760 3408 890 3478 oportet
930 3397 980 3458 Sic
1004 3397 1070 3474 liet,
1096 3405 1133 3456 'ut
1155 3407 1262 3456 netum
1284 3401 1317 3458 ac
1389 3417 1390 3438 ¹

192 3465 328 3526 vestitum
343 3468 545 3559 posthabeant
563 3467 730 3553 adoptionis
749 3494 817 3534 suae
836 3473 940 3534 arrhae
958 3495 992 3535 ae
1011 3472 1144 3566 pignori:
1163 3472 1246 3532 Deus
1268 3495 1316 3532 au-

171 3554 270 3637 xtem,
298 3543 351 3636 Ιιώι
374 3555 433 3638 tam
454 3545 615 3627 pretiosum
639 3550 808 3612 thesaurum
828 3550 958 3628 dederit,
986 3569 1107 3612 minume
1127 3549 1247 3632 negabit
1264 3549 1317 3610 alia

192 3640 317 3681 minora.
455 3656 459 3666 ·
882 3647 884 3653 ’
984 3658 986 3663 ·
1198 3652 1200 3660 ν

268 3698 340 3759 Luc.
360 3704 387 3763 5.
429 3695 503 3782 Quis
520 3715 643 3762 vestm
660 3699 771 3762 tmesis
788 3706 920 3763 omimms.
964 3697 1058 3784 Apu'd
1071 3703 1182 3767 Lucam
1205 3701 1319 3764 additur
1389 3687 1390 3708 ¹

193 3771 265 3834 haec
281 3774 453 3851 similitudo,
475 3777 555 3838 cuius
575 3799 637 3840 non
655 3775 790 3840 mesnillit
802 3777 974 3841 Matthaeus.
1000 3779 1248 3841 :Summa'anteru
1267 3789 1318 3854 est,

193 3868 256 3909 uon
276 3871 339 3914 esse
359 3873 412 3914 cun
427 3852 531 3913 animis
552 3854 688 3916 fatiscant
706 3857 838 3934 fideles,
853 3858 877 3917 si
897 3876 958 3915 non
978 3857 1245 3936 statimpotiaotur
1263 3857 1328 3924 suis¹
1389 3863 1390 3876 ¹

192 3927 285 4017 rotis,
304 3928 350 3991 tet
370 3929 395 3990 si
415 3930 574 4010 impetratu
593 3933 726 3993 videatur
741 3949 809 3994 'esse
828 3922 947 3993 difficile
967 3933 1046 4011 quod
1067 3931 1232 4012 postulant:
1253 3955 1318 3992 nam

130 4051 136 4058 -
193 4016 216 4066 tt
235 4003 315 4065 inter
333 4007 467 4072 homines
486 4009 612 4089 rogandi
631 4009 837 4091 importunitas
849 4021 1013 4090 extorquet,
1033 4008 1113 4089 quod
1133 4021 1241 4088 sponte
1260 4031 1319 4070 nou

173 4092 270 4139 *essct
289 4083 512 4161 quislactucus,
532 4105 594 4144 non
615 4087 750 4166 estquod
765 4086 941 4160 dubitemus,
961 4085 1137 4148 exorabilem
1159 4086 1321 4156 nolti'slore
1371 4109 1374 4120 ·

193 4151 300 4247 Deum,
320 4160 343 4219 si
364 4173 536 4222 constanter
548 4163 664 4224 orando
684 4175 857 4246 perstemus,
877 4183 932 4228 nec
952 4163 1041 4228 animi
1062 4162 1154 4228 nostri
1173 4157 1221 4226 vel
1240 4185 1321 4229 mora

192 4230 240 4328 tel
261 4234 433 4301 drtficultatc
451 4237 635 4304 [lactescant.
850 4259 854 4268 ’
1071 4261 1075 4272 ·
