<?xml version="1.0" encoding="UTF-8"?>
<!DOCTYPE html PUBLIC "-//W3C//DTD XHTML 1.0 Transitional//EN"
    "http://www.w3.org/TR/xhtml1/DTD/xhtml1-transitional.dtd">
<html xmlns="http://www.w3.org/1999/xhtml" xml:lang="en" lang="en">
 <head>
  <title>
</title>
<meta http-equiv="Content-Type" content="text/html;charset=utf-8" />
  <meta name='ocr-system' content='tesseract 3.04.00' />
  <meta name='ocr-capabilities' content='ocr_page ocr_carea ocr_par ocr_line ocrx_word'/>
</head>
<body>
  <div class='ocr_page' id='page_1' title='image "./innovumtestamen01tholgoog_0249.png"; bbox 0 0 2808 4748; ppageno 0'>
   <div class='ocr_carea' id='block_1_1' title="bbox 925 131 934 158">
    <p class='ocr_par' dir='ltr' id='par_1_1' title="bbox 925 131 934 158">
     <span class='ocr_line' id='line_1_1' title="bbox 925 131 934 158; baseline 0 0"><span class='ocrx_word' id='word_1_1' title='bbox 925 131 934 158; x_wconf 84' lang='grc' dir='ltr'><strong><em>Ι</em></strong></span> 
     </span>
    </p>
   </div>
   <div class='ocr_carea' id='block_1_2' title="bbox 206 223 890 292">
    <p class='ocr_par' dir='ltr' id='par_1_2' title="bbox 206 223 890 292">
     <span class='ocr_line' id='line_1_2' title="bbox 206 223 890 292; baseline -0.01 0"><span class='ocrx_word' id='word_1_2' title='bbox 206 227 265 292; x_wconf 80' lang='grc'>168</span> <span class='ocrx_word' id='word_1_3' title='bbox 664 223 816 290; x_wconf 73' lang='lat' dir='ltr'>sueno</span> <span class='ocrx_word' id='word_1_4' title='bbox 837 225 890 287; x_wconf 82' lang='lat' dir='ltr'>Vl.</span> 
     </span>
    </p>
   </div>
   <div class='ocr_carea' id='block_1_3' title="bbox 208 364 1362 920">
    <p class='ocr_par' dir='ltr' id='par_1_3' title="bbox 208 364 1362 920">
     <span class='ocr_line' id='line_1_3' title="bbox 208 364 1324 454; baseline 0 -24"><span class='ocrx_word' id='word_1_5' title='bbox 208 371 311 449; x_wconf 72' lang='lat' dir='ltr'>macla,</span> <span class='ocrx_word' id='word_1_6' title='bbox 330 385 405 450; x_wconf 82' lang='lat' dir='ltr'>quae</span> <span class='ocrx_word' id='word_1_7' title='bbox 424 369 560 434; x_wconf 74' lang='lat' dir='ltr'>adversus</span> <span class='ocrx_word' id='word_1_8' title='bbox 578 364 674 454; x_wconf 86' lang='lat' dir='ltr'>ipsum</span> <span class='ocrx_word' id='word_1_9' title='bbox 692 371 862 434; x_wconf 87' lang='lat' dir='ltr'>tumultuari</span> <span class='ocrx_word' id='word_1_10' title='bbox 880 391 943 432; x_wconf 91' lang='lat' dir='ltr'>non</span> <span class='ocrx_word' id='word_1_11' title='bbox 963 369 1080 448; x_wconf 84' lang='lat' dir='ltr'>desinit,</span> <span class='ocrx_word' id='word_1_12' title='bbox 1101 368 1214 432; x_wconf 88' lang='lat' dir='ltr'>dociles</span> <span class='ocrx_word' id='word_1_13' title='bbox 1229 371 1280 432; x_wconf 84' lang='lat' dir='ltr'>sibl</span> <span class='ocrx_word' id='word_1_14' title='bbox 1296 389 1324 431; x_wconf 88' lang='lat' dir='ltr'>ae</span> 
     </span>
     <span class='ocr_line' id='line_1_4' title="bbox 208 447 1323 530; baseline -0.002 -22"><span class='ocrx_word' id='word_1_15' title='bbox 208 458 377 508; x_wconf 86' lang='lat' dir='ltr'>mansuetos</span> <span class='ocrx_word' id='word_1_16' title='bbox 396 448 511 524; x_wconf 88' lang='lat' dir='ltr'>reddat,</span> <span class='ocrx_word' id='word_1_17' title='bbox 531 467 570 508; x_wconf 87' lang='lat' dir='ltr'>ne</span> <span class='ocrx_word' id='word_1_18' title='bbox 589 449 659 528; x_wconf 88' lang='lat' dir='ltr'>quid</span> <span class='ocrx_word' id='word_1_19' title='bbox 677 449 772 512; x_wconf 81' lang='lat' dir='ltr'>velint</span> <span class='ocrx_word' id='word_1_20' title='bbox 790 461 839 510; x_wconf 90' lang='lat' dir='ltr'>aut</span> <span class='ocrx_word' id='word_1_21' title='bbox 858 459 997 530; x_wconf 88' lang='lat' dir='ltr'>appetant</span> <span class='ocrx_word' id='word_1_22' title='bbox 1014 447 1072 509; x_wconf 90' lang='lat' dir='ltr'>nisi</span> <span class='ocrx_word' id='word_1_23' title='bbox 1095 448 1181 527; x_wconf 90' lang='lat' dir='ltr'>quod</span> <span class='ocrx_word' id='word_1_24' title='bbox 1199 447 1227 506; x_wconf 90' lang='lat' dir='ltr'>ei</span> <span class='ocrx_word' id='word_1_25' title='bbox 1241 447 1323 529; x_wconf 86' lang='lat' dir='ltr'>placet</span> 
     </span>
     <span class='ocr_line' id='line_1_5' title="bbox 208 523 1323 606; baseline -0.002 -20"><span class='ocrx_word' id='word_1_26' title='bbox 208 546 244 586; x_wconf 87' lang='lat' dir='ltr'>ac</span> <span class='ocrx_word' id='word_1_27' title='bbox 264 523 416 606; x_wconf 87' lang='lat' dir='ltr'>probatur.</span> <span class='ocrx_word' id='word_1_28' title='bbox 453 525 559 586; x_wconf 86' lang='lat' dir='ltr'>Posset</span> <span class='ocrx_word' id='word_1_29' title='bbox 581 537 681 588; x_wconf 89' lang='lat' dir='ltr'>tamen</span> <span class='ocrx_word' id='word_1_30' title='bbox 707 527 799 588; x_wconf 88' lang='lat' dir='ltr'>obiici</span> <span class='ocrx_word' id='word_1_31' title='bbox 823 526 974 606; x_wconf 79' lang='lat' dir='ltr'><strong>quaestio,</strong></span> <span class='ocrx_word' id='word_1_32' title='bbox 998 545 1035 585; x_wconf 90' lang='lat' dir='ltr'>au</span> <span class='ocrx_word' id='word_1_33' title='bbox 1053 524 1216 604; x_wconf 86' lang='lat' dir='ltr'>petendum</span> <span class='ocrx_word' id='word_1_34' title='bbox 1235 525 1323 586; x_wconf 79' lang='lat' dir='ltr'>allen</span> 
     </span>
     <span class='ocr_line' id='line_1_6' title="bbox 209 575 1362 737; baseline 0.002 -75"><span class='ocrx_word' id='word_1_35' title='bbox 209 601 264 676; x_wconf 76' lang='lat' dir='ltr'>sit,</span> <span class='ocrx_word' id='word_1_36' title='bbox 288 598 370 737; x_wconf 69' lang='lat' dir='ltr'>puod</span> <span class='ocrx_word' id='word_1_37' title='bbox 395 621 545 682; x_wconf 91' lang='lat' dir='ltr'>nunquam</span> <span class='ocrx_word' id='word_1_38' title='bbox 570 601 636 662; x_wconf 85' lang='lat' dir='ltr'>fore</span> <span class='ocrx_word' id='word_1_39' title='bbox 660 602 832 684; x_wconf 78' lang='lat' dir='ltr'>pronuntiat</span> <span class='ocrx_word' id='word_1_40' title='bbox 856 622 949 682; x_wconf 91' lang='lat' dir='ltr'>usque</span> <span class='ocrx_word' id='word_1_41' title='bbox 968 601 1111 662; x_wconf 86' lang='lat' dir='ltr'>adfinem</span> <span class='ocrx_word' id='word_1_42' title='bbox 1131 601 1241 662; x_wconf 91' lang='lat' dir='ltr'>mundi.</span> <span class='ocrx_word' id='word_1_43' title='bbox 1275 601 1324 659; x_wconf 81' lang='lat' dir='ltr'>lle-</span> <span class='ocrx_word' id='word_1_44' title='bbox 1353 575 1362 664; x_wconf 86' lang='lat' dir='ltr'>l</span> 
     </span>
     <span class='ocr_line' id='line_1_7' title="bbox 209 671 1362 758; baseline 0.002 -20"><span class='ocrx_word' id='word_1_45' title='bbox 209 695 285 758; x_wconf 80' lang='lat' dir='ltr'>spon</span> <span class='ocrx_word' id='word_1_46' title='bbox 309 697 360 747; x_wconf 90' lang='lat' dir='ltr'>eo,</span> <span class='ocrx_word' id='word_1_47' title='bbox 385 677 457 737; x_wconf 90' lang='lat' dir='ltr'>nibil</span> <span class='ocrx_word' id='word_1_48' title='bbox 477 699 550 758; x_wconf 91' lang='lat' dir='ltr'>opus</span> <span class='ocrx_word' id='word_1_49' title='bbox 571 699 649 754; x_wconf 91' lang='lat' dir='ltr'>esse,</span> <span class='ocrx_word' id='word_1_50' title='bbox 672 680 740 741; x_wconf 90' lang='lat' dir='ltr'>dum</span> <span class='ocrx_word' id='word_1_51' title='bbox 759 691 867 739; x_wconf 89' lang='lat' dir='ltr'>terram</span> <span class='ocrx_word' id='word_1_52' title='bbox 893 677 1069 739; x_wconf 81' lang='lat' dir='ltr'>obedienter</span> <span class='ocrx_word' id='word_1_53' title='bbox 1092 679 1235 758; x_wconf 84' lang='lat' dir='ltr'>componi</span> <span class='ocrx_word' id='word_1_54' title='bbox 1253 699 1269 737; x_wconf 92' lang='lat' dir='ltr'>o</span> <span class='ocrx_word' id='word_1_55' title='bbox 1288 689 1323 735; x_wconf 84' lang='lat' dir='ltr'>ta·</span> <span class='ocrx_word' id='word_1_56' title='bbox 1361 671 1362 740; x_wconf 68' lang='lat' dir='ltr'>l</span> 
     </span>
     <span class='ocr_line' id='line_1_8' title="bbox 209 699 1362 851; baseline -0.003 -37"><span class='ocrx_word' id='word_1_57' title='bbox 209 773 274 814; x_wconf 75' lang='lat' dir='ltr'>mus</span> <span class='ocrx_word' id='word_1_58' title='bbox 292 753 328 816; x_wconf 89' lang='lat' dir='ltr'>ad</span> <span class='ocrx_word' id='word_1_59' title='bbox 348 753 406 814; x_wconf 84' lang='lat' dir='ltr'>Dei</span> <span class='ocrx_word' id='word_1_60' title='bbox 425 766 539 830; x_wconf 88' lang='lat' dir='ltr'>nutum,</span> <span class='ocrx_word' id='word_1_61' title='bbox 554 768 693 828; x_wconf 62' lang='lat' dir='ltr'>vexcutere</span> <span class='ocrx_word' id='word_1_62' title='bbox 712 756 844 851; x_wconf 69' lang='lat' dir='ltr'>singulos</span> <span class='ocrx_word' id='word_1_63' title='bbox 864 756 1007 816; x_wconf 85' lang='lat' dir='ltr'>homines.</span> <span class='ocrx_word' id='word_1_64' title='bbox 1047 755 1167 814; x_wconf 79' lang='lat' dir='ltr'>sufficit</span> <span class='ocrx_word' id='word_1_65' title='bbox 1186 755 1261 814; x_wconf 88' lang='lat' dir='ltr'>enim</span> <span class='ocrx_word' id='word_1_66' title='bbox 1271 699 1322 812; x_wconf 74' lang='lat' dir='ltr'>buc</span> <span class='ocrx_word' id='word_1_67' title='bbox 1361 749 1362 832; x_wconf 64' lang='lat' dir='ltr'>l</span> 
     </span>
     <span class='ocr_line' id='line_1_9' title="bbox 209 828 1362 920; baseline -0.006 -27"><span class='ocrx_word' id='word_1_68' title='bbox 209 842 282 893; x_wconf 81' lang='lat' dir='ltr'>roto</span> <span class='ocrx_word' id='word_1_69' title='bbox 301 830 417 907; x_wconf 81' lang='lat' dir='ltr'>testari,</span> <span class='ocrx_word' id='word_1_70' title='bbox 441 831 529 894; x_wconf 90' lang='lat' dir='ltr'>uobis</span> <span class='ocrx_word' id='word_1_71' title='bbox 555 832 626 893; x_wconf 88' lang='lat' dir='ltr'>odio</span> <span class='ocrx_word' id='word_1_72' title='bbox 646 854 679 893; x_wconf 89' lang='lat' dir='ltr'>ac</span> <span class='ocrx_word' id='word_1_73' title='bbox 698 834 832 894; x_wconf 73' lang='lat' dir='ltr'>tristitiae</span> <span class='ocrx_word' id='word_1_74' title='bbox 857 852 920 894; x_wconf 87' lang='lat' dir='ltr'>csse</span> <span class='ocrx_word' id='word_1_75' title='bbox 951 832 1088 912; x_wconf 87' lang='lat' dir='ltr'>quicquid</span> <span class='ocrx_word' id='word_1_76' title='bbox 1114 831 1178 892; x_wconf 86' lang='lat' dir='ltr'>Dei</span> <span class='ocrx_word' id='word_1_77' title='bbox 1198 828 1321 920; x_wconf 76' lang='lat' dir='ltr'>voluntati</span> <span class='ocrx_word' id='word_1_78' title='bbox 1361 849 1362 918; x_wconf 58' lang='lat' dir='ltr'>p</span> 
     </span>
    </p>
   </div>
   <div class='ocr_carea' id='block_1_4' title="bbox 209 907 1322 993">
    <p class='ocr_par' dir='ltr' id='par_1_4' title="bbox 209 907 1322 993">
     <span class='ocr_line' id='line_1_10' title="bbox 209 907 1322 993; baseline -0.005 -25"><span class='ocrx_word' id='word_1_79' title='bbox 209 907 362 968; x_wconf 87' lang='lat' dir='ltr'>adversum</span> <span class='ocrx_word' id='word_1_80' title='bbox 382 908 543 982; x_wconf 87' lang='lat' dir='ltr'>cernimus,</span> <span class='ocrx_word' id='word_1_81' title='bbox 571 910 801 993; x_wconf 84' lang='lat' dir='ltr'>exstinctumque</span> <span class='ocrx_word' id='word_1_82' title='bbox 821 929 945 990; x_wconf 88' lang='lat' dir='ltr'>cupere,</span> <span class='ocrx_word' id='word_1_83' title='bbox 964 929 1025 970; x_wconf 91' lang='lat' dir='ltr'>non</span> <span class='ocrx_word' id='word_1_84' title='bbox 1044 907 1138 968; x_wconf 91' lang='lat' dir='ltr'>modo</span> <span class='ocrx_word' id='word_1_85' title='bbox 1158 920 1194 968; x_wconf 90' lang='lat' dir='ltr'>ut</span> <span class='ocrx_word' id='word_1_86' title='bbox 1211 926 1322 967; x_wconf 71' lang='lat' dir='ltr'>omniun</span> 
     </span>
    </p>
   </div>
   <div class='ocr_carea' id='block_1_5' title="bbox 120 982 1322 1065">
    <p class='ocr_par' dir='ltr' id='par_1_5' title="bbox 120 982 1322 1065">
     <span class='ocr_line' id='line_1_11' title="bbox 120 982 1322 1065; baseline -0.002 -21"><span class='ocrx_word' id='word_1_87' title='bbox 120 985 126 1008; x_wconf 79' lang='lat'><strong>¹</strong></span> <span class='ocrx_word' id='word_1_88' title='bbox 209 993 381 1044; x_wconf 82' lang='lat' dir='ltr'>nostrorum</span> <span class='ocrx_word' id='word_1_89' title='bbox 402 982 561 1045; x_wconf 79' lang='lat' dir='ltr'>affectuum</span> <span class='ocrx_word' id='word_1_90' title='bbox 580 985 619 1046; x_wconf 90' lang='lat' dir='ltr'>sit</span> <span class='ocrx_word' id='word_1_91' title='bbox 638 987 829 1061; x_wconf 85' lang='lat' dir='ltr'>moderatrix,</span> <span class='ocrx_word' id='word_1_92' title='bbox 853 985 904 1047; x_wconf 84' lang='lat' dir='ltr'>sed</span> <span class='ocrx_word' id='word_1_93' title='bbox 930 998 963 1046; x_wconf 86' lang='lat' dir='ltr'>ut</span> <span class='ocrx_word' id='word_1_94' title='bbox 986 1007 1041 1048; x_wconf 92' lang='lat' dir='ltr'>nos</span> <span class='ocrx_word' id='word_1_95' title='bbox 1064 996 1149 1046; x_wconf 88' lang='lat' dir='ltr'>totos</span> <span class='ocrx_word' id='word_1_96' title='bbox 1176 1005 1232 1065; x_wconf 91' lang='lat' dir='ltr'>qua</span> <span class='ocrx_word' id='word_1_97' title='bbox 1255 983 1322 1042; x_wconf 84' lang='lat' dir='ltr'>decet</span> 
     </span>
    </p>
   </div>
   <div class='ocr_carea' id='block_1_6' title="bbox 186 1060 1364 3991">
    <p class='ocr_par' dir='ltr' id='par_1_6' title="bbox 186 1060 1364 3991">
     <span class='ocr_line' id='line_1_12' title="bbox 209 1060 1023 1144; baseline 0.005 -24"><span class='ocrx_word' id='word_1_98' title='bbox 209 1060 445 1142; x_wconf 81' lang='lat' dir='ltr'>promptitudine</span> <span class='ocrx_word' id='word_1_99' title='bbox 464 1061 501 1122; x_wconf 92' lang='lat' dir='ltr'>ad</span> <span class='ocrx_word' id='word_1_100' title='bbox 521 1082 584 1123; x_wconf 85' lang='lat' dir='ltr'>eam</span> <span class='ocrx_word' id='word_1_101' title='bbox 603 1062 781 1144; x_wconf 80' lang='lat' dir='ltr'>implendam</span> <span class='ocrx_word' id='word_1_102' title='bbox 802 1063 970 1124; x_wconf 77' lang='lat' dir='ltr'>offeramus.</span> <span class='ocrx_word' id='word_1_103' title='bbox 1015 1081 1023 1092; x_wconf 93' lang='lat'>·</span> 
     </span>
     <span class='ocr_line' id='line_1_13' title="bbox 287 1132 1321 1220; baseline -0.006 -17"><span class='ocrx_word' id='word_1_104' title='bbox 287 1143 335 1203; x_wconf 85' lang='lat'>11.</span> <span class='ocrx_word' id='word_1_105' title='bbox 372 1137 487 1198; x_wconf 80' lang='lat' dir='ltr'>Partem</span> <span class='ocrx_word' id='word_1_106' title='bbox 503 1152 631 1200; x_wconf 73' lang='lat' dir='ltr'>uturum</span> <span class='ocrx_word' id='word_1_107' title='bbox 649 1139 857 1220; x_wconf 74' lang='lat' dir='ltr'>qrwtidionum.</span> <span class='ocrx_word' id='word_1_108' title='bbox 896 1141 978 1201; x_wconf 87' lang='lat' dir='ltr'>Haec</span> <span class='ocrx_word' id='word_1_109' title='bbox 1003 1149 1062 1216; x_wconf 85' lang='lat' dir='ltr'>est,</span> <span class='ocrx_word' id='word_1_110' title='bbox 1093 1151 1131 1199; x_wconf 90' lang='lat' dir='ltr'>ut</span> <span class='ocrx_word' id='word_1_111' title='bbox 1155 1137 1229 1212; x_wconf 83' lang='lat' dir='ltr'>dixi,</span> <span class='ocrx_word' id='word_1_112' title='bbox 1258 1132 1321 1214; x_wconf 79' lang='lat' dir='ltr'>quasi</span> 
     </span>
     <span class='ocr_line' id='line_1_14' title="bbox 210 1210 1320 1299; baseline -0.008 -24"><span class='ocrx_word' id='word_1_113' title='bbox 210 1214 340 1275; x_wconf 78' lang='lat' dir='ltr'>secunda</span> <span class='ocrx_word' id='word_1_114' title='bbox 356 1213 457 1275; x_wconf 87' lang='lat' dir='ltr'>tabula</span> <span class='ocrx_word' id='word_1_115' title='bbox 476 1215 589 1277; x_wconf 76' lang='lat' dir='ltr'>formae</span> <span class='ocrx_word' id='word_1_116' title='bbox 607 1217 758 1299; x_wconf 89' lang='lat' dir='ltr'>precandi,</span> <span class='ocrx_word' id='word_1_117' title='bbox 778 1235 864 1298; x_wconf 88' lang='lat' dir='ltr'>quam</span> <span class='ocrx_word' id='word_1_118' title='bbox 884 1217 971 1278; x_wconf 88' lang='lat' dir='ltr'>nobis</span> <span class='ocrx_word' id='word_1_119' title='bbox 991 1215 1127 1282; x_wconf 83' lang='lat' dir='ltr'>Christus</span> <span class='ocrx_word' id='word_1_120' title='bbox 1147 1215 1274 1276; x_wconf 82' lang='lat' dir='ltr'>dictavit:</span> <span class='ocrx_word' id='word_1_121' title='bbox 1289 1210 1320 1269; x_wconf 89' lang='lat' dir='ltr'>sic</span> 
     </span>
     <span class='ocr_line' id='line_1_15' title="bbox 212 1284 1319 1376; baseline -0.006 -25"><span class='ocrx_word' id='word_1_122' title='bbox 212 1291 292 1351; x_wconf 88' lang='lat' dir='ltr'>enim</span> <span class='ocrx_word' id='word_1_123' title='bbox 319 1290 446 1352; x_wconf 87' lang='lat' dir='ltr'>docendi</span> <span class='ocrx_word' id='word_1_124' title='bbox 471 1313 553 1354; x_wconf 85' lang='lat' dir='ltr'>causa</span> <span class='ocrx_word' id='word_1_125' title='bbox 606 1295 664 1354; x_wconf 93' lang='lat' dir='ltr'>rius</span> <span class='ocrx_word' id='word_1_126' title='bbox 690 1295 816 1355; x_wconf 84' lang='lat' dir='ltr'>distinxi.</span> <span class='ocrx_word' id='word_1_127' title='bbox 859 1295 903 1354; x_wconf 88' lang='lat' dir='ltr'>Ut</span> <span class='ocrx_word' id='word_1_128' title='bbox 928 1315 962 1355; x_wconf 84' lang='lat' dir='ltr'>ex</span> <span class='ocrx_word' id='word_1_129' title='bbox 986 1292 1097 1353; x_wconf 89' lang='lat' dir='ltr'>duabus</span> <span class='ocrx_word' id='word_1_130' title='bbox 1124 1292 1212 1374; x_wconf 82' lang='lat' dir='ltr'>Legis</span> <span class='ocrx_word' id='word_1_131' title='bbox 1235 1284 1319 1376; x_wconf 83' lang='lat' dir='ltr'>tabulis</span> 
     </span>
     <span class='ocr_line' id='line_1_16' title="bbox 186 1314 1319 1462; baseline -0.01 -31"><span class='ocrx_word' id='word_1_132' title='bbox 186 1397 189 1404; x_wconf 91' lang='lat'>·</span> <span class='ocrx_word' id='word_1_133' title='bbox 210 1361 297 1462; x_wconf 74' lang='lat' dir='ltr'>prior</span> <span class='ocrx_word' id='word_1_134' title='bbox 315 1367 353 1428; x_wconf 90' lang='lat' dir='ltr'>de</span> <span class='ocrx_word' id='word_1_135' title='bbox 371 1381 455 1429; x_wconf 88' lang='lat' dir='ltr'>recto</span> <span class='ocrx_word' id='word_1_136' title='bbox 467 1369 525 1428; x_wconf 88' lang='lat' dir='ltr'>Dei</span> <span class='ocrx_word' id='word_1_137' title='bbox 544 1314 626 1430; x_wconf 67' lang='lat' dir='ltr'>cultu</span> <span class='ocrx_word' id='word_1_138' title='bbox 644 1373 797 1452; x_wconf 76' lang='lat' dir='ltr'>praecipit,</span> <span class='ocrx_word' id='word_1_139' title='bbox 817 1371 907 1433; x_wconf 84' lang='lat' dir='ltr'>altera</span> <span class='ocrx_word' id='word_1_140' title='bbox 926 1389 996 1432; x_wconf 85' lang='lat' dir='ltr'>vero</span> <span class='ocrx_word' id='word_1_141' title='bbox 1018 1367 1183 1430; x_wconf 76' lang='lat' dir='ltr'>deofficiis</span> <span class='ocrx_word' id='word_1_142' title='bbox 1203 1367 1319 1434; x_wconf 72' lang='lat' dir='ltr'>caritatis,</span> 
     </span>
     <span class='ocr_line' id='line_1_17' title="bbox 212 1439 1319 1528; baseline -0.003 -23"><span class='ocrx_word' id='word_1_143' title='bbox 212 1457 255 1505; x_wconf 87' lang='lat' dir='ltr'>rta</span> <span class='ocrx_word' id='word_1_144' title='bbox 273 1445 305 1504; x_wconf 92' lang='lat' dir='ltr'>in</span> <span class='ocrx_word' id='word_1_145' title='bbox 325 1443 379 1506; x_wconf 88' lang='lat' dir='ltr'>hac</span> <span class='ocrx_word' id='word_1_146' title='bbox 403 1444 577 1525; x_wconf 86' lang='lat' dir='ltr'>precatione</span> <span class='ocrx_word' id='word_1_147' title='bbox 595 1449 675 1528; x_wconf 92' lang='lat' dir='ltr'>prius</span> <span class='ocrx_word' id='word_1_148' title='bbox 699 1470 754 1510; x_wconf 91' lang='lat' dir='ltr'>nos</span> <span class='ocrx_word' id='word_1_149' title='bbox 778 1449 895 1510; x_wconf 86' lang='lat' dir='ltr'>instruit</span> <span class='ocrx_word' id='word_1_150' title='bbox 919 1447 955 1508; x_wconf 89' lang='lat' dir='ltr'>ad</span> <span class='ocrx_word' id='word_1_151' title='bbox 980 1447 1179 1527; x_wconf 80' lang='lat' dir='ltr'>quaerendam</span> <span class='ocrx_word' id='word_1_152' title='bbox 1198 1442 1253 1503; x_wconf 87' lang='lat' dir='ltr'>Dei</span> <span class='ocrx_word' id='word_1_153' title='bbox 1269 1439 1319 1522; x_wconf 82' lang='lat' dir='ltr'>glo·</span> 
     </span>
     <span class='ocr_line' id='line_1_18' title="bbox 211 1521 1319 1606; baseline -0.005 -24"><span class='ocrx_word' id='word_1_154' title='bbox 211 1521 296 1597; x_wconf 84' lang='lat' dir='ltr'>riam,</span> <span class='ocrx_word' id='word_1_155' title='bbox 317 1521 423 1582; x_wconf 86' lang='lat' dir='ltr'>deinde</span> <span class='ocrx_word' id='word_1_156' title='bbox 443 1521 473 1582; x_wconf 90' lang='lat' dir='ltr'>in</span> <span class='ocrx_word' id='word_1_157' title='bbox 493 1521 583 1584; x_wconf 89' lang='lat' dir='ltr'>altera</span> <span class='ocrx_word' id='word_1_158' title='bbox 602 1536 686 1604; x_wconf 87' lang='lat' dir='ltr'>parte</span> <span class='ocrx_word' id='word_1_159' title='bbox 706 1526 849 1602; x_wconf 86' lang='lat' dir='ltr'>ostendit,</span> <span class='ocrx_word' id='word_1_160' title='bbox 871 1525 940 1606; x_wconf 92' lang='lat' dir='ltr'>quid</span> <span class='ocrx_word' id='word_1_161' title='bbox 960 1545 1015 1604; x_wconf 92' lang='lat' dir='ltr'>pro</span> <span class='ocrx_word' id='word_1_162' title='bbox 1036 1523 1124 1584; x_wconf 89' lang='lat' dir='ltr'>uobis</span> <span class='ocrx_word' id='word_1_163' title='bbox 1145 1533 1246 1604; x_wconf 90' lang='lat' dir='ltr'>petere</span> <span class='ocrx_word' id='word_1_164' title='bbox 1263 1535 1319 1576; x_wconf 86' lang='lat' dir='ltr'>con-</span> 
     </span>
     <span class='ocr_line' id='line_1_19' title="bbox 212 1598 1363 1681; baseline -0.01 -22"><span class='ocrx_word' id='word_1_165' title='bbox 212 1600 320 1660; x_wconf 85' lang='lat' dir='ltr'>veniat.</span> <span class='ocrx_word' id='word_1_166' title='bbox 358 1598 541 1679; x_wconf 83' lang='lat' dir='ltr'>Quanquam&#39;</span> <span class='ocrx_word' id='word_1_167' title='bbox 557 1601 642 1661; x_wconf 89' lang='lat' dir='ltr'>simul</span> <span class='ocrx_word' id='word_1_168' title='bbox 661 1603 824 1664; x_wconf 89' lang='lat' dir='ltr'>notandum</span> <span class='ocrx_word' id='word_1_169' title='bbox 844 1613 901 1677; x_wconf 87' lang='lat' dir='ltr'>est,</span> <span class='ocrx_word' id='word_1_170' title='bbox 926 1602 999 1681; x_wconf 82' lang='lat' dir='ltr'>quae</span> <span class='ocrx_word' id='word_1_171' title='bbox 1017 1601 1049 1660; x_wconf 92' lang='lat' dir='ltr'>iu</span> <span class='ocrx_word' id='word_1_172' title='bbox 1070 1601 1195 1661; x_wconf 85' lang='lat' dir='ltr'>salutem</span> <span class='ocrx_word' id='word_1_173' title='bbox 1214 1607 1319 1656; x_wconf 86' lang='lat' dir='ltr'>nostram</span> <span class='ocrx_word' id='word_1_174' title='bbox 1362 1611 1363 1670; x_wconf 66' lang='lat' dir='ltr'>t</span> 
     </span>
     <span class='ocr_line' id='line_1_20' title="bbox 213 1674 1363 1759; baseline -0.007 -24"><span class='ocrx_word' id='word_1_175' title='bbox 213 1677 262 1735; x_wconf 83' lang='lat' dir='ltr'>rel</span> <span class='ocrx_word' id='word_1_176' title='bbox 280 1674 435 1735; x_wconf 82' lang='lat' dir='ltr'>utilitatem</span> <span class='ocrx_word' id='word_1_177' title='bbox 455 1678 636 1759; x_wconf 86' lang='lat' dir='ltr'>concipimus</span> <span class='ocrx_word' id='word_1_178' title='bbox 654 1691 733 1753; x_wconf 87' lang='lat' dir='ltr'>vota,</span> <span class='ocrx_word' id='word_1_179' title='bbox 752 1680 783 1739; x_wconf 91' lang='lat' dir='ltr'>in</span> <span class='ocrx_word' id='word_1_180' title='bbox 802 1678 936 1740; x_wconf 87' lang='lat' dir='ltr'>ultimum</span> <span class='ocrx_word' id='word_1_181' title='bbox 957 1678 1037 1737; x_wconf 86' lang='lat' dir='ltr'>illum</span> <span class='ocrx_word' id='word_1_182' title='bbox 1057 1677 1149 1736; x_wconf 85' lang='lat' dir='ltr'>finem</span> <span class='ocrx_word' id='word_1_183' title='bbox 1168 1674 1269 1736; x_wconf 89' lang='lat' dir='ltr'>debere</span> <span class='ocrx_word' id='word_1_184' title='bbox 1284 1686 1319 1727; x_wconf 90' lang='lat' dir='ltr'>re·</span> <span class='ocrx_word' id='word_1_185' title='bbox 1362 1693 1363 1700; x_wconf 49' lang='lat'>¹</span> 
     </span>
     <span class='ocr_line' id='line_1_21' title="bbox 210 1749 1320 1836; baseline 0.002 -24"><span class='ocrx_word' id='word_1_186' title='bbox 210 1751 305 1812; x_wconf 74' lang='lat' dir='ltr'>ferri:</span> <span class='ocrx_word' id='word_1_187' title='bbox 329 1770 392 1812; x_wconf 88' lang='lat' dir='ltr'>uon</span> <span class='ocrx_word' id='word_1_188' title='bbox 411 1753 490 1813; x_wconf 91' lang='lat' dir='ltr'>euim</span> <span class='ocrx_word' id='word_1_189' title='bbox 510 1756 648 1836; x_wconf 85' lang='lat' dir='ltr'>propriae</span> <span class='ocrx_word' id='word_1_190' title='bbox 665 1757 799 1816; x_wconf 88' lang='lat' dir='ltr'>utilitatis</span> <span class='ocrx_word' id='word_1_191' title='bbox 818 1757 915 1816; x_wconf 91' lang='lat' dir='ltr'>studio</span> <span class='ocrx_word' id='word_1_192' title='bbox 935 1755 976 1816; x_wconf 87' lang='lat' dir='ltr'>sic</span> <span class='ocrx_word' id='word_1_193' title='bbox 995 1775 1050 1814; x_wconf 88' lang='lat' dir='ltr'>nos</span> <span class='ocrx_word' id='word_1_194' title='bbox 1070 1753 1210 1833; x_wconf 88' lang='lat' dir='ltr'>occupari</span> <span class='ocrx_word' id='word_1_195' title='bbox 1227 1749 1264 1812; x_wconf 84' lang='lat' dir='ltr'>fas</span> <span class='ocrx_word' id='word_1_196' title='bbox 1280 1752 1320 1814; x_wconf 71' lang='lat' dir='ltr'>etl</span> 
     </span>
     <span class='ocr_line' id='line_1_22' title="bbox 214 1827 1319 1916; baseline 0.002 -28"><span class='ocrx_word' id='word_1_197' title='bbox 214 1828 287 1909; x_wconf 89' lang='lat' dir='ltr'>quin</span> <span class='ocrx_word' id='word_1_198' title='bbox 306 1827 605 1912; x_wconf 81' lang='lat' dir='ltr'>primatumsemper</span> <span class='ocrx_word' id='word_1_199' title='bbox 627 1844 727 1894; x_wconf 88' lang='lat' dir='ltr'>teneat</span> <span class='ocrx_word' id='word_1_200' title='bbox 743 1832 802 1892; x_wconf 90' lang='lat' dir='ltr'>Dei</span> <span class='ocrx_word' id='word_1_201' title='bbox 825 1832 929 1916; x_wconf 85' lang='lat' dir='ltr'>gloria.</span> <span class='ocrx_word' id='word_1_202' title='bbox 969 1831 1098 1906; x_wconf 87' lang='lat' dir='ltr'>Quoties</span> <span class='ocrx_word' id='word_1_203' title='bbox 1123 1850 1194 1911; x_wconf 83' lang='lat' dir='ltr'>ergo</span> <span class='ocrx_word' id='word_1_204' title='bbox 1218 1839 1319 1914; x_wconf 62' lang='lat' dir='ltr'>orsum·</span> 
     </span>
     <span class='ocr_line' id='line_1_23' title="bbox 213 1905 1319 1989; baseline -0.014 -20"><span class='ocrx_word' id='word_1_205' title='bbox 213 1925 366 1988; x_wconf 87' lang='lat' dir='ltr'>uunquam</span> <span class='ocrx_word' id='word_1_206' title='bbox 385 1905 422 1966; x_wconf 94' lang='lat' dir='ltr'>ab</span> <span class='ocrx_word' id='word_1_207' title='bbox 451 1925 488 1966; x_wconf 96' lang='lat' dir='ltr'>eo</span> <span class='ocrx_word' id='word_1_208' title='bbox 512 1928 605 1989; x_wconf 91' lang='lat' dir='ltr'>scopo</span> <span class='ocrx_word' id='word_1_209' title='bbox 629 1908 731 1970; x_wconf 88' lang='lat' dir='ltr'>oculos</span> <span class='ocrx_word' id='word_1_210' title='bbox 752 1910 910 1971; x_wconf 87' lang='lat' dir='ltr'>deflectere</span> <span class='ocrx_word' id='word_1_211' title='bbox 935 1907 1013 1968; x_wconf 90' lang='lat' dir='ltr'>licet.</span> <span class='ocrx_word' id='word_1_212' title='bbox 1052 1909 1122 1969; x_wconf 92' lang='lat' dir='ltr'>Hoc</span> <span class='ocrx_word' id='word_1_213' title='bbox 1144 1919 1239 1966; x_wconf 88' lang='lat' dir='ltr'>tamen</span> <span class='ocrx_word' id='word_1_214' title='bbox 1260 1909 1319 1985; x_wconf 74' lang='lat' dir='ltr'>inter</span> 
     </span>
     <span class='ocr_line' id='line_1_24' title="bbox 214 1982 1317 2071; baseline -0.005 -28"><span class='ocrx_word' id='word_1_215' title='bbox 214 1982 288 2044; x_wconf 84' lang='lat' dir='ltr'>duas</span> <span class='ocrx_word' id='word_1_216' title='bbox 303 1983 510 2064; x_wconf 87' lang='lat' dir='ltr'>precationum</span> <span class='ocrx_word' id='word_1_217' title='bbox 529 1984 651 2063; x_wconf 85' lang='lat' dir='ltr'>species,</span> <span class='ocrx_word' id='word_1_218' title='bbox 690 2007 740 2046; x_wconf 90' lang='lat' dir='ltr'>uas</span> <span class='ocrx_word' id='word_1_219' title='bbox 759 1986 920 2071; x_wconf 85' lang='lat' dir='ltr'>posuimus,</span> <span class='ocrx_word' id='word_1_220' title='bbox 938 1983 1072 2061; x_wconf 89' lang='lat' dir='ltr'>interest,</span> <span class='ocrx_word' id='word_1_221' title='bbox 1092 1983 1175 2065; x_wconf 91' lang='lat' dir='ltr'>quod</span> <span class='ocrx_word' id='word_1_222' title='bbox 1194 1982 1256 2040; x_wconf 88' lang='lat' dir='ltr'>dum</span> <span class='ocrx_word' id='word_1_223' title='bbox 1271 1992 1317 2052; x_wconf 77' lang='lat' dir='ltr'>agt-</span> 
     </span>
     <span class='ocr_line' id='line_1_25' title="bbox 213 2007 1318 2142; baseline -0.005 -23"><span class='ocrx_word' id='word_1_224' title='bbox 213 2060 265 2120; x_wconf 82' lang='lat' dir='ltr'>t&#39;ur</span> <span class='ocrx_word' id='word_1_225' title='bbox 285 2059 322 2120; x_wconf 93' lang='lat' dir='ltr'>de</span> <span class='ocrx_word' id='word_1_226' title='bbox 340 2079 435 2142; x_wconf 82' lang='lat' dir='ltr'>reguo</span> <span class='ocrx_word' id='word_1_227' title='bbox 454 2059 514 2122; x_wconf 88' lang='lat' dir='ltr'>Dei</span> <span class='ocrx_word' id='word_1_228' title='bbox 535 2072 565 2121; x_wconf 90' lang='lat' dir='ltr'>et</span> <span class='ocrx_word' id='word_1_229' title='bbox 582 2007 813 2124; x_wconf 80' lang='lat' dir='ltr'>sanctibcatioue</span> <span class='ocrx_word' id='word_1_230' title='bbox 833 2061 961 2123; x_wconf 89' lang='lat' dir='ltr'>nominis</span> <span class='ocrx_word' id='word_1_231' title='bbox 980 2061 1087 2142; x_wconf 89' lang='lat' dir='ltr'>ipsius,</span> <span class='ocrx_word' id='word_1_232' title='bbox 1108 2081 1207 2121; x_wconf 88' lang='lat' dir='ltr'>sensus</span> <span class='ocrx_word' id='word_1_233' title='bbox 1224 2063 1318 2114; x_wconf 67' lang='lat' dir='ltr'>nostros</span> 
     </span>
     <span class='ocr_line' id='line_1_26' title="bbox 214 2129 1317 2218; baseline -0.004 -21"><span class='ocrx_word' id='word_1_234' title='bbox 214 2158 328 2197; x_wconf 86' lang='lat' dir='ltr'>sursum</span> <span class='ocrx_word' id='word_1_235' title='bbox 349 2136 449 2198; x_wconf 82' lang='lat' dir='ltr'>extolli</span> <span class='ocrx_word' id='word_1_236' title='bbox 468 2157 486 2197; x_wconf 89' lang='lat' dir='ltr'>o</span> <span class='ocrx_word' id='word_1_237' title='bbox 509 2149 603 2216; x_wconf 88' lang='lat' dir='ltr'>ortet,</span> <span class='ocrx_word' id='word_1_238' title='bbox 626 2150 661 2199; x_wconf 87' lang='lat' dir='ltr'>ut</span> <span class='ocrx_word' id='word_1_239' title='bbox 679 2140 788 2202; x_wconf 87' lang='lat' dir='ltr'>omisso</span> <span class='ocrx_word' id='word_1_240' title='bbox 807 2139 903 2201; x_wconf 87' lang='lat' dir='ltr'>nostri</span> <span class='ocrx_word' id='word_1_241' title='bbox 921 2149 1058 2218; x_wconf 86' lang='lat' dir='ltr'>respectu</span> <span class='ocrx_word' id='word_1_242' title='bbox 1078 2138 1115 2198; x_wconf 91' lang='lat' dir='ltr'>ad</span> <span class='ocrx_word' id='word_1_243' title='bbox 1135 2137 1228 2198; x_wconf 87' lang='lat' dir='ltr'>solum</span> <span class='ocrx_word' id='word_1_244' title='bbox 1242 2129 1317 2188; x_wconf 68' lang='lat' dir='ltr'>Deum</span> 
     </span>
     <span class='ocr_line' id='line_1_27' title="bbox 214 2159 1317 2298; baseline -0.008 -24"><span class='ocrx_word' id='word_1_245' title='bbox 214 2213 385 2274; x_wconf 85' lang='lat' dir='ltr'>attendant:</span> <span class='ocrx_word' id='word_1_246' title='bbox 416 2159 524 2275; x_wconf 75' lang='lat' dir='ltr'>deiule</span> <span class='ocrx_word' id='word_1_247' title='bbox 553 2216 589 2276; x_wconf 91' lang='lat' dir='ltr'>ad</span> <span class='ocrx_word' id='word_1_248' title='bbox 621 2237 676 2277; x_wconf 91' lang='lat' dir='ltr'>nos</span> <span class='ocrx_word' id='word_1_249' title='bbox 701 2218 780 2298; x_wconf 87' lang='lat' dir='ltr'>ipsos</span> <span class='ocrx_word' id='word_1_250' title='bbox 805 2216 1022 2291; x_wconf 86' lang='lat' dir='ltr'>descendimus,</span> <span class='ocrx_word' id='word_1_251' title='bbox 1049 2225 1081 2274; x_wconf 89' lang='lat' dir='ltr'>et</span> <span class='ocrx_word' id='word_1_252' title='bbox 1104 2213 1202 2274; x_wconf 87' lang='lat' dir='ltr'>salutis</span> <span class='ocrx_word' id='word_1_253' title='bbox 1224 2213 1317 2266; x_wconf 65' lang='lat' dir='ltr'>nostrae</span> 
     </span>
     <span class='ocr_line' id='line_1_28' title="bbox 216 2278 1316 2374; baseline -0.008 -24"><span class='ocrx_word' id='word_1_254' title='bbox 216 2309 316 2352; x_wconf 85' lang='lat' dir='ltr'>curant</span> <span class='ocrx_word' id='word_1_255' title='bbox 340 2289 549 2372; x_wconf 79' lang='lat' dir='ltr'>coniungimur</span> <span class='ocrx_word' id='word_1_256' title='bbox 575 2315 641 2354; x_wconf 91' lang='lat' dir='ltr'>cum</span> <span class='ocrx_word' id='word_1_257' title='bbox 664 2293 722 2354; x_wconf 91' lang='lat' dir='ltr'>illis</span> <span class='ocrx_word' id='word_1_258' title='bbox 745 2294 893 2374; x_wconf 86' lang='lat' dir='ltr'>prioribus</span> <span class='ocrx_word' id='word_1_259' title='bbox 918 2293 1009 2366; x_wconf 85' lang='lat' dir='ltr'>votis,</span> <span class='ocrx_word' id='word_1_260' title='bbox 1034 2311 1112 2372; x_wconf 90' lang='lat' dir='ltr'>quae</span> <span class='ocrx_word' id='word_1_261' title='bbox 1131 2293 1225 2351; x_wconf 91' lang='lat' dir='ltr'>Deum</span> <span class='ocrx_word' id='word_1_262' title='bbox 1246 2278 1316 2372; x_wconf 64' lang='lat' dir='ltr'>splqffl</span> 
     </span>
     <span class='ocr_line' id='line_1_29' title="bbox 216 2367 1316 2451; baseline -0.005 -25"><span class='ocrx_word' id='word_1_263' title='bbox 216 2368 387 2448; x_wconf 77' lang='lat' dir='ltr'>respiciunt</span> <span class='ocrx_word' id='word_1_264' title='bbox 412 2367 475 2430; x_wconf 84' lang='lat' dir='ltr'>Etsi</span> <span class='ocrx_word' id='word_1_265' title='bbox 495 2382 592 2430; x_wconf 85' lang='lat' dir='ltr'>auteur</span> <span class='ocrx_word' id='word_1_266' title='bbox 610 2371 699 2432; x_wconf 85' lang='lat' dir='ltr'>victui</span> <span class='ocrx_word' id='word_1_267' title='bbox 717 2371 911 2451; x_wconf 81' lang='lat' dir='ltr'>praeferenda</span> <span class='ocrx_word' id='word_1_268' title='bbox 930 2381 974 2431; x_wconf 88' lang='lat' dir='ltr'>est</span> <span class='ocrx_word' id='word_1_269' title='bbox 1015 2380 1184 2430; x_wconf 88' lang='lat' dir='ltr'>cecatorum</span> <span class='ocrx_word' id='word_1_270' title='bbox 1202 2370 1316 2445; x_wconf 68' lang='lat' dir='ltr'>rempub</span> 
     </span>
     <span class='ocr_line' id='line_1_30' title="bbox 216 2437 1315 2582; baseline -0.013 -78"><span class='ocrx_word' id='word_1_271' title='bbox 216 2457 361 2582; x_wconf 76' lang='lat' dir='ltr'>puntenus</span> <span class='ocrx_word' id='word_1_272' title='bbox 380 2445 492 2508; x_wconf 87' lang='lat' dir='ltr'>scilicet</span> <span class='ocrx_word' id='word_1_273' title='bbox 510 2448 605 2510; x_wconf 85' lang='lat' dir='ltr'>anima</span> <span class='ocrx_word' id='word_1_274' title='bbox 625 2448 747 2530; x_wconf 89' lang='lat' dir='ltr'>corpori</span> <span class='ocrx_word' id='word_1_275' title='bbox 766 2445 932 2528; x_wconf 82' lang='lat' dir='ltr'>praecellit,</span> <span class='ocrx_word' id='word_1_276' title='bbox 959 2446 969 2506; x_wconf 90' lang='lat' dir='ltr'>i</span> <span class='ocrx_word' id='word_1_277' title='bbox 1001 2448 1075 2505; x_wconf 89' lang='lat' dir='ltr'>tium</span> <span class='ocrx_word' id='word_1_278' title='bbox 1094 2457 1191 2504; x_wconf 89' lang='lat' dir='ltr'>tamen</span> <span class='ocrx_word' id='word_1_279' title='bbox 1211 2437 1315 2517; x_wconf 66' lang='lat' dir='ltr'>Christus</span> 
     </span>
     <span class='ocr_line' id='line_1_31' title="bbox 232 2507 1317 2602; baseline -0.007 -20"><span class='ocrx_word' id='word_1_280' title='bbox 232 2524 291 2583; x_wconf 89' lang='lat' dir='ltr'>ecit</span> <span class='ocrx_word' id='word_1_281' title='bbox 310 2545 326 2583; x_wconf 90' lang='lat' dir='ltr'>a</span> <span class='ocrx_word' id='word_1_282' title='bbox 345 2542 422 2602; x_wconf 88' lang='lat' dir='ltr'>pane</span> <span class='ocrx_word' id='word_1_283' title='bbox 442 2535 473 2585; x_wconf 92' lang='lat' dir='ltr'>et</span> <span class='ocrx_word' id='word_1_284' title='bbox 490 2536 627 2586; x_wconf 88' lang='lat' dir='ltr'>terrenae</span> <span class='ocrx_word' id='word_1_285' title='bbox 645 2526 721 2587; x_wconf 83' lang='lat' dir='ltr'>ritae</span> <span class='ocrx_word' id='word_1_286' title='bbox 740 2525 889 2600; x_wconf 88' lang='lat' dir='ltr'>subsidiis,</span> <span class='ocrx_word' id='word_1_287' title='bbox 914 2534 947 2583; x_wconf 91' lang='lat' dir='ltr'>ut</span> <span class='ocrx_word' id='word_1_288' title='bbox 965 2545 982 2583; x_wconf 92' lang='lat' dir='ltr'>a</span> <span class='ocrx_word' id='word_1_289' title='bbox 999 2522 1052 2582; x_wconf 88' lang='lat' dir='ltr'>tali</span> <span class='ocrx_word' id='word_1_290' title='bbox 1071 2521 1237 2581; x_wconf 89' lang='lat' dir='ltr'>rudimento</span> <span class='ocrx_word' id='word_1_291' title='bbox 1253 2507 1317 2598; x_wconf 52' lang='lat' dir='ltr'>{¹1¹1ss</span> 
     </span>
     <span class='ocr_line' id='line_1_32' title="bbox 218 2595 1364 2682; baseline -0.016 -24"><span class='ocrx_word' id='word_1_292' title='bbox 218 2601 365 2660; x_wconf 86' lang='lat' dir='ltr'>eveheret.</span> <span class='ocrx_word' id='word_1_293' title='bbox 402 2600 473 2660; x_wconf 89' lang='lat' dir='ltr'>Non</span> <span class='ocrx_word' id='word_1_294' title='bbox 495 2621 566 2682; x_wconf 88' lang='lat' dir='ltr'>ergo</span> <span class='ocrx_word' id='word_1_295' title='bbox 587 2622 694 2682; x_wconf 87' lang='lat' dir='ltr'>panem</span> <span class='ocrx_word' id='word_1_296' title='bbox 715 2603 916 2682; x_wconf 87' lang='lat' dir='ltr'>quotidianum</span> <span class='ocrx_word' id='word_1_297' title='bbox 936 2600 1016 2680; x_wconf 87' lang='lat' dir='ltr'>prius</span> <span class='ocrx_word' id='word_1_298' title='bbox 1035 2599 1124 2658; x_wconf 89' lang='lat' dir='ltr'>nobis</span> <span class='ocrx_word' id='word_1_299' title='bbox 1145 2595 1204 2656; x_wconf 88' lang='lat' dir='ltr'>dari</span> <span class='ocrx_word' id='word_1_300' title='bbox 1217 2595 1316 2671; x_wconf 74' lang='lat' dir='ltr'>pettmut</span> <span class='ocrx_word' id='word_1_301' title='bbox 1363 2621 1364 2660; x_wconf 55' lang='lat'>,</span> 
     </span>
     <span class='ocr_line' id='line_1_33' title="bbox 218 2662 1317 2758; baseline -0.017 -23"><span class='ocrx_word' id='word_1_302' title='bbox 218 2697 306 2756; x_wconf 87' lang='lat' dir='ltr'>quam</span> <span class='ocrx_word' id='word_1_303' title='bbox 330 2675 399 2734; x_wconf 84' lang='lat' dir='ltr'>Deo</span> <span class='ocrx_word' id='word_1_304' title='bbox 428 2677 634 2753; x_wconf 90' lang='lat' dir='ltr'>reconciliari,</span> <span class='ocrx_word' id='word_1_305' title='bbox 665 2679 747 2758; x_wconf 87' lang='lat' dir='ltr'>quasi</span> <span class='ocrx_word' id='word_1_306' title='bbox 766 2679 857 2748; x_wconf 72' lang='lat' dir='ltr'>¹uobis</span> <span class='ocrx_word' id='word_1_307' title='bbox 881 2677 973 2758; x_wconf 90' lang='lat' dir='ltr'>pluris</span> <span class='ocrx_word' id='word_1_308' title='bbox 1000 2694 1062 2734; x_wconf 85' lang='lat' dir='ltr'>esse</span> <span class='ocrx_word' id='word_1_309' title='bbox 1090 2675 1200 2734; x_wconf 81' lang='lat' dir='ltr'>debeat</span> <span class='ocrx_word' id='word_1_310' title='bbox 1219 2662 1317 2740; x_wconf 68' lang='lat' dir='ltr'>caducus</span> 
     </span>
     <span class='ocr_line' id='line_1_34' title="bbox 216 2748 1318 2832; baseline -0.011 -19"><span class='ocrx_word' id='word_1_311' title='bbox 216 2753 327 2814; x_wconf 71' lang='lat' dir='ltr'>renuis</span> <span class='ocrx_word' id='word_1_312' title='bbox 347 2749 441 2828; x_wconf 87' lang='lat' dir='ltr'>cibus,</span> <span class='ocrx_word' id='word_1_313' title='bbox 461 2773 547 2832; x_wconf 86' lang='lat' dir='ltr'>quam</span> <span class='ocrx_word' id='word_1_314' title='bbox 568 2766 687 2814; x_wconf 91' lang='lat' dir='ltr'>aeterna</span> <span class='ocrx_word' id='word_1_315' title='bbox 706 2756 782 2815; x_wconf 87' lang='lat' dir='ltr'>salus</span> <span class='ocrx_word' id='word_1_316' title='bbox 802 2754 924 2827; x_wconf 88' lang='lat' dir='ltr'>animae,</span> <span class='ocrx_word' id='word_1_317' title='bbox 936 2753 986 2826; x_wconf 84' lang='lat' dir='ltr'>sed</span> <span class='ocrx_word' id='word_1_318' title='bbox 998 2762 1113 2811; x_wconf 85' lang='lat' dir='ltr'>mentes</span> <span class='ocrx_word' id='word_1_319' title='bbox 1130 2757 1241 2810; x_wconf 80' lang='lat' dir='ltr'>nostrae</span> <span class='ocrx_word' id='word_1_320' title='bbox 1256 2748 1318 2812; x_wconf 71' lang='lat' dir='ltr'>&lt;1¹¹2sl</span> 
     </span>
     <span class='ocr_line' id='line_1_35' title="bbox 218 2813 1318 2908; baseline -0.004 -22"><span class='ocrx_word' id='word_1_321' title='bbox 218 2845 274 2908; x_wconf 89' lang='lat' dir='ltr'>per</span> <span class='ocrx_word' id='word_1_322' title='bbox 297 2825 386 2887; x_wconf 83' lang='lat' dir='ltr'>scalas</span> <span class='ocrx_word' id='word_1_323' title='bbox 409 2848 427 2888; x_wconf 82' lang='lat' dir='ltr'>a</span> <span class='ocrx_word' id='word_1_324' title='bbox 454 2838 534 2888; x_wconf 86' lang='lat' dir='ltr'>terra</span> <span class='ocrx_word' id='word_1_325' title='bbox 557 2829 588 2890; x_wconf 90' lang='lat' dir='ltr'>in</span> <span class='ocrx_word' id='word_1_326' title='bbox 613 2828 730 2889; x_wconf 89' lang='lat' dir='ltr'>coelum</span> <span class='ocrx_word' id='word_1_327' title='bbox 755 2829 963 2890; x_wconf 86' lang='lat' dir='ltr'>conscendant.</span> <span class='ocrx_word' id='word_1_328' title='bbox 1001 2829 1077 2888; x_wconf 81' lang='lat' dir='ltr'>Num</span> <span class='ocrx_word' id='word_1_329' title='bbox 1102 2846 1189 2905; x_wconf 90' lang='lat' dir='ltr'>quum</span> <span class='ocrx_word' id='word_1_330' title='bbox 1212 2838 1241 2908; x_wconf 65' lang='grc' dir='ltr'>ες</span> <span class='ocrx_word' id='word_1_331' title='bbox 1255 2813 1318 2905; x_wconf 57' lang='lat' dir='ltr'>llll}</span> 
     </span>
     <span class='ocr_line' id='line_1_36' title="bbox 215 2879 1319 2986; baseline -0.014 -24"><span class='ocrx_word' id='word_1_332' title='bbox 215 2903 255 2968; x_wconf 90' lang='lat' dir='ltr'>ad</span> <span class='ocrx_word' id='word_1_333' title='bbox 274 2901 378 2962; x_wconf 85' lang='lat' dir='ltr'>alenda</span> <span class='ocrx_word' id='word_1_334' title='bbox 398 2925 525 2986; x_wconf 89' lang='lat' dir='ltr'>corpora</span> <span class='ocrx_word' id='word_1_335' title='bbox 544 2904 689 2983; x_wconf 86' lang='lat' dir='ltr'>demittat,</span> <span class='ocrx_word' id='word_1_336' title='bbox 709 2906 828 2966; x_wconf 89' lang='lat' dir='ltr'>minime</span> <span class='ocrx_word' id='word_1_337' title='bbox 847 2904 969 2982; x_wconf 89' lang='lat' dir='ltr'>dubium</span> <span class='ocrx_word' id='word_1_338' title='bbox 988 2916 1042 2980; x_wconf 90' lang='lat' dir='ltr'>est,</span> <span class='ocrx_word' id='word_1_339' title='bbox 1086 2905 1136 2964; x_wconf 91' lang='lat' dir='ltr'>uin</span> <span class='ocrx_word' id='word_1_340' title='bbox 1154 2901 1189 2959; x_wconf 88' lang='lat' dir='ltr'>de</span> <span class='ocrx_word' id='word_1_341' title='bbox 1201 2879 1319 2984; x_wconf 60' lang='lat' dir='ltr'>spiritual</span> 
     </span>
     <span class='ocr_line' id='line_1_37' title="bbox 216 2927 1319 3076; baseline -0.016 -34"><span class='ocrx_word' id='word_1_342' title='bbox 216 2979 278 3042; x_wconf 78' lang='lat' dir='ltr'>rita</span> <span class='ocrx_word' id='word_1_343' title='bbox 297 2991 398 3040; x_wconf 86' lang='lat' dir='ltr'>nostra</span> <span class='ocrx_word' id='word_1_344' title='bbox 417 2981 508 3076; x_wconf 76' lang='lat' dir='ltr'>longe</span> <span class='ocrx_word' id='word_1_345' title='bbox 526 2983 565 3043; x_wconf 92' lang='lat' dir='ltr'>sit</span> <span class='ocrx_word' id='word_1_346' title='bbox 584 2984 677 3064; x_wconf 83' lang='lat' dir='ltr'>magis</span> <span class='ocrx_word' id='word_1_347' title='bbox 695 2981 848 3042; x_wconf 89' lang='lat' dir='ltr'>sollicitus.</span> <span class='ocrx_word' id='word_1_348' title='bbox 886 2983 968 3066; x_wconf 85' lang='lat' dir='ltr'>Ergo</span> <span class='ocrx_word' id='word_1_349' title='bbox 993 2993 1051 3041; x_wconf 89' lang='lat' dir='ltr'>tam</span> <span class='ocrx_word' id='word_1_350' title='bbox 1065 2927 1268 3064; x_wconf 54' lang='lat' dir='ltr'>benignatus</span> <span class='ocrx_word' id='word_1_351' title='bbox 1283 2977 1319 3017; x_wconf 73' lang='lat'>¹¹1·</span> 
     </span>
     <span class='ocr_line' id='line_1_38' title="bbox 219 3047 1319 3141; baseline -0.008 -25"><span class='ocrx_word' id='word_1_352' title='bbox 219 3055 371 3138; x_wconf 82' lang='lat' dir='ltr'>dulgentia</span> <span class='ocrx_word' id='word_1_353' title='bbox 397 3057 532 3121; x_wconf 87' lang='lat' dir='ltr'>fiducram</span> <span class='ocrx_word' id='word_1_354' title='bbox 556 3070 685 3120; x_wconf 89' lang='lat' dir='ltr'>nostram</span> <span class='ocrx_word' id='word_1_355' title='bbox 710 3059 796 3118; x_wconf 87' lang='lat' dir='ltr'>altius</span> <span class='ocrx_word' id='word_1_356' title='bbox 823 3059 918 3141; x_wconf 83' lang='lat' dir='ltr'>erigit</span> <span class='ocrx_word' id='word_1_357' title='bbox 964 3057 1057 3133; x_wconf 87' lang='lat' dir='ltr'>Quod</span> <span class='ocrx_word' id='word_1_358' title='bbox 1082 3050 1214 3117; x_wconf 74' lang='lat' dir='ltr'>nonnulli</span> <span class='ocrx_word' id='word_1_359' title='bbox 1235 3047 1319 3124; x_wconf 73' lang='lat' dir='ltr'>panem</span> 
     </span>
     <span class='ocr_line' id='line_1_39' title="bbox 219 3118 1317 3218; baseline -0.009 -24"><span class='ocrx_word' id='word_1_360' title='bbox 219 3131 364 3188; x_wconf 67' lang='grc' dir='ltr'>ἐπιούσιον</span> <span class='ocrx_word' id='word_1_361' title='bbox 381 3155 438 3214; x_wconf 90' lang='lat' dir='ltr'>pro</span> <span class='ocrx_word' id='word_1_362' title='bbox 457 3135 729 3216; x_wconf 80' lang='lat' dir='ltr'>supersubstantiali</span> <span class='ocrx_word' id='word_1_363' title='bbox 758 3134 919 3215; x_wconf 86' lang='lat' dir='ltr'>accipiunt,</span> <span class='ocrx_word' id='word_1_364' title='bbox 951 3155 1071 3218; x_wconf 88' lang='lat' dir='ltr'>prorsus</span> <span class='ocrx_word' id='word_1_365' title='bbox 1100 3126 1247 3214; x_wconf 86' lang='lat' dir='ltr'>absurdum</span> <span class='ocrx_word' id='word_1_366' title='bbox 1276 3118 1317 3170; x_wconf 67' lang='lat'>⁰⁵²·</span> 
     </span>
     <span class='ocr_line' id='line_1_40' title="bbox 217 3178 1319 3291; baseline -0.001 -23"><span class='ocrx_word' id='word_1_367' title='bbox 217 3207 307 3268; x_wconf 80' lang='lat' dir='ltr'>Ratio</span> <span class='ocrx_word' id='word_1_368' title='bbox 331 3221 422 3286; x_wconf 72' lang='lat' dir='ltr'>tero,</span> <span class='ocrx_word' id='word_1_369' title='bbox 448 3233 534 3291; x_wconf 88' lang='lat' dir='ltr'>quarn</span> <span class='ocrx_word' id='word_1_370' title='bbox 557 3212 675 3272; x_wconf 90' lang='lat' dir='ltr'>adducit</span> <span class='ocrx_word' id='word_1_371' title='bbox 698 3213 849 3288; x_wconf 86' lang='lat' dir='ltr'>Erasmus,</span> <span class='ocrx_word' id='word_1_372' title='bbox 881 3233 944 3272; x_wconf 92' lang='lat' dir='ltr'>non</span> <span class='ocrx_word' id='word_1_373' title='bbox 970 3211 1061 3277; x_wconf 89' lang='lat' dir='ltr'>modo</span> <span class='ocrx_word' id='word_1_374' title='bbox 1086 3205 1186 3270; x_wconf 81' lang='lat' dir='ltr'>frivola</span> <span class='ocrx_word' id='word_1_375' title='bbox 1210 3178 1319 3282; x_wconf 66' lang='lat' dir='ltr'>ests,sed</span> 
     </span>
     <span class='ocr_line' id='line_1_41' title="bbox 218 3270 1319 3376; baseline 0.004 -34"><span class='ocrx_word' id='word_1_376' title='bbox 218 3284 323 3376; x_wconf 86' lang='lat' dir='ltr'>pietati</span> <span class='ocrx_word' id='word_1_377' title='bbox 343 3301 502 3374; x_wconf 69' lang='lat' dir='ltr'>repugnat:</span> <span class='ocrx_word' id='word_1_378' title='bbox 524 3309 586 3348; x_wconf 93' lang='lat' dir='ltr'>non</span> <span class='ocrx_word' id='word_1_379' title='bbox 605 3289 723 3349; x_wconf 88' lang='lat' dir='ltr'>videtur</span> <span class='ocrx_word' id='word_1_380' title='bbox 741 3290 785 3348; x_wconf 91' lang='lat' dir='ltr'>illi</span> <span class='ocrx_word' id='word_1_381' title='bbox 825 3287 975 3364; x_wconf 89' lang='lat' dir='ltr'>robabil&#39;e,</span> <span class='ocrx_word' id='word_1_382' title='bbox 995 3286 1176 3369; x_wconf 86' lang='lat' dir='ltr'>quod,·dum</span> <span class='ocrx_word' id='word_1_383' title='bbox 1194 3270 1319 3363; x_wconf 63' lang='lat' dir='ltr'>prqdrmut</span> 
     </span>
     <span class='ocr_line' id='line_1_42' title="bbox 219 3309 1318 3444; baseline -0.011 -24"><span class='ocrx_word' id='word_1_384' title='bbox 219 3382 251 3420; x_wconf 85' lang='lat' dir='ltr'>ro</span> <span class='ocrx_word' id='word_1_385' title='bbox 266 3361 325 3422; x_wconf 87' lang='lat' dir='ltr'>Dei</span> <span class='ocrx_word' id='word_1_386' title='bbox 345 3377 555 3444; x_wconf 70' lang='lat' dir='ltr'>conspectum,</span> <span class='ocrx_word' id='word_1_387' title='bbox 568 3364 700 3427; x_wconf 81' lang='lat' dir='ltr'>Christus</span> <span class='ocrx_word' id='word_1_388' title='bbox 719 3386 775 3427; x_wconf 87' lang='lat' dir='ltr'>nos</span> <span class='ocrx_word' id='word_1_389' title='bbox 795 3309 832 3426; x_wconf 74' lang='lat' dir='ltr'>&lt;le</span> <span class='ocrx_word' id='word_1_390' title='bbox 852 3365 994 3444; x_wconf 81' lang='lat' dir='ltr'>alimentis</span> <span class='ocrx_word' id='word_1_391' title='bbox 1015 3366 1104 3424; x_wconf 86' lang='lat' dir='ltr'>verba</span> <span class='ocrx_word' id='word_1_392' title='bbox 1123 3361 1216 3420; x_wconf 83' lang='lat' dir='ltr'>facere</span> <span class='ocrx_word' id='word_1_393' title='bbox 1232 3344 1318 3408; x_wconf 65' lang='lat' dir='ltr'>rubffll·</span> 
     </span>
     <span class='ocr_line' id='line_1_43' title="bbox 221 3419 1319 3522; baseline -0.025 -25"><span class='ocrx_word' id='word_1_394' title='bbox 221 3436 315 3512; x_wconf 85' lang='lat' dir='ltr'>Quasi</span> <span class='ocrx_word' id='word_1_395' title='bbox 333 3459 405 3502; x_wconf 85' lang='lat' dir='ltr'>vero</span> <span class='ocrx_word' id='word_1_396' title='bbox 426 3461 487 3500; x_wconf 87' lang='lat' dir='ltr'>non</span> <span class='ocrx_word' id='word_1_397' title='bbox 508 3443 611 3522; x_wconf 87' lang='lat' dir='ltr'>passim</span> <span class='ocrx_word' id='word_1_398' title='bbox 631 3443 702 3504; x_wconf 88' lang='lat' dir='ltr'>haec</span> <span class='ocrx_word' id='word_1_399' title='bbox 722 3443 850 3503; x_wconf 91' lang='lat' dir='ltr'>docendi</span> <span class='ocrx_word' id='word_1_400' title='bbox 869 3443 943 3502; x_wconf 88' lang='lat' dir='ltr'>ratio</span> <span class='ocrx_word' id='word_1_401' title='bbox 966 3442 997 3510; x_wconf 87' lang='lat' dir='ltr'>in</span> <span class='ocrx_word' id='word_1_402' title='bbox 1017 3435 1174 3521; x_wconf 87' lang='lat' dir='ltr'>Scripturis</span> <span class='ocrx_word' id='word_1_403' title='bbox 1200 3419 1319 3488; x_wconf 82' lang='lat' dir='ltr'>occurrat,</span> 
     </span>
     <span class='ocr_line' id='line_1_44' title="bbox 219 3497 1317 3603; baseline -0.008 -29"><span class='ocrx_word' id='word_1_404' title='bbox 219 3526 254 3574; x_wconf 90' lang='lat' dir='ltr'>ut</span> <span class='ocrx_word' id='word_1_405' title='bbox 273 3515 385 3576; x_wconf 87' lang='lat' dir='ltr'>seilicet</span> <span class='ocrx_word' id='word_1_406' title='bbox 403 3519 601 3597; x_wconf 84' lang='lat' dir='ltr'>praesentium</span> <span class='ocrx_word' id='word_1_407' title='bbox 620 3519 770 3602; x_wconf 82' lang='lat' dir='ltr'>bonorum</span> <span class='ocrx_word' id='word_1_408' title='bbox 794 3530 880 3602; x_wconf 86' lang='lat' dir='ltr'>gustu</span> <span class='ocrx_word' id='word_1_409' title='bbox 903 3520 933 3578; x_wconf 92' lang='lat' dir='ltr'>iu</span> <span class='ocrx_word' id='word_1_410' title='bbox 958 3537 1038 3598; x_wconf 90' lang='lat' dir='ltr'>spem</span> <span class='ocrx_word' id='word_1_411' title='bbox 1064 3509 1227 3603; x_wconf 76' lang='lat' dir='ltr'>coelestium</span> <span class='ocrx_word' id='word_1_412' title='bbox 1249 3497 1317 3554; x_wconf 54' lang='grc' dir='ltr'>ἀπ’·</span> 
     </span>
     <span class='ocr_line' id='line_1_45' title="bbox 202 3579 1317 3672; baseline -0.004 -18"><span class='ocrx_word' id='word_1_413' title='bbox 202 3613 303 3672; x_wconf 54' lang='lat' dir='ltr'>,murt</span> <span class='ocrx_word' id='word_1_414' title='bbox 324 3591 474 3654; x_wconf 84' lang='lat' dir='ltr'>imovero</span> <span class='ocrx_word' id='word_1_415' title='bbox 494 3593 568 3655; x_wconf 86' lang='lat' dir='ltr'>baec</span> <span class='ocrx_word' id='word_1_416' title='bbox 586 3597 660 3658; x_wconf 86' lang='lat' dir='ltr'>iusta</span> <span class='ocrx_word' id='word_1_417' title='bbox 680 3597 797 3657; x_wconf 91' lang='lat' dir='ltr'>demum</span> <span class='ocrx_word' id='word_1_418' title='bbox 809 3596 878 3655; x_wconf 84' lang='lat' dir='ltr'>fidei</span> <span class='ocrx_word' id='word_1_419' title='bbox 895 3607 1012 3656; x_wconf 90' lang='lat' dir='ltr'>nostrae</span> <span class='ocrx_word' id='word_1_420' title='bbox 1046 3593 1161 3654; x_wconf 87' lang='lat' dir='ltr'>robatro</span> <span class='ocrx_word' id='word_1_421' title='bbox 1181 3590 1230 3652; x_wconf 65' lang='lat' dir='ltr'>ests</span> <span class='ocrx_word' id='word_1_422' title='bbox 1248 3579 1317 3666; x_wconf 74' lang='lat' dir='ltr'>quum</span> 
     </span>
     <span class='ocr_line' id='line_1_46' title="bbox 220 3615 1318 3797; baseline -0.025 -69"><span class='ocrx_word' id='word_1_423' title='bbox 220 3667 296 3728; x_wconf 87' lang='lat' dir='ltr'>nibil</span> <span class='ocrx_word' id='word_1_424' title='bbox 315 3667 433 3728; x_wconf 91' lang='lat' dir='ltr'>aliunde</span> <span class='ocrx_word' id='word_1_425' title='bbox 464 3674 623 3752; x_wconf 82' lang='lat' dir='ltr'>expetimus</span> <span class='ocrx_word' id='word_1_426' title='bbox 648 3695 733 3756; x_wconf 88' lang='lat' dir='ltr'>quam</span> <span class='ocrx_word' id='word_1_427' title='bbox 753 3695 770 3734; x_wconf 84' lang='lat' dir='ltr'>a</span> <span class='ocrx_word' id='word_1_428' title='bbox 787 3673 872 3748; x_wconf 91' lang='lat' dir='ltr'>Deo,</span> <span class='ocrx_word' id='word_1_429' title='bbox 892 3692 947 3732; x_wconf 89' lang='lat' dir='ltr'>uec</span> <span class='ocrx_word' id='word_1_430' title='bbox 966 3615 1056 3732; x_wconf 65' lang='lat' dir='ltr'>molo</span> <span class='ocrx_word' id='word_1_431' title='bbox 1076 3679 1142 3728; x_wconf 88' lang='lat' dir='ltr'>eu&#39;m</span> <span class='ocrx_word' id='word_1_432' title='bbox 1161 3651 1318 3797; x_wconf 57' lang='lat' dir='ltr'>apnoscmtg</span> 
     </span>
     <span class='ocr_line' id='line_1_47' title="bbox 220 3730 1293 3829; baseline -0.005 -25"><span class='ocrx_word' id='word_1_433' title='bbox 220 3745 340 3805; x_wconf 91' lang='lat' dir='ltr'>unicum</span> <span class='ocrx_word' id='word_1_434' title='bbox 366 3745 515 3808; x_wconf 90' lang='lat' dir='ltr'>bonorum</span> <span class='ocrx_word' id='word_1_435' title='bbox 538 3752 668 3810; x_wconf 88' lang='lat' dir='ltr'>omnium</span> <span class='ocrx_word' id='word_1_436' title='bbox 692 3751 823 3826; x_wconf 84' lang='lat' dir='ltr'>fontem,</span> <span class='ocrx_word' id='word_1_437' title='bbox 846 3748 897 3809; x_wconf 90' lang='lat' dir='ltr'>sed</span> <span class='ocrx_word' id='word_1_438' title='bbox 922 3760 1073 3829; x_wconf 85' lang='lat' dir='ltr'>paternam</span> <span class='ocrx_word' id='word_1_439' title='bbox 1097 3743 1157 3804; x_wconf 90' lang='lat' dir='ltr'>eius</span> <span class='ocrx_word' id='word_1_440' title='bbox 1201 3730 1293 3812; x_wconf 66' lang='grc' dir='ltr'>οῐὶῑῑέῑε</span> 
     </span>
     <span class='ocr_line' id='line_1_48' title="bbox 222 3794 1316 3906; baseline -0.007 -27"><span class='ocrx_word' id='word_1_441' title='bbox 222 3821 365 3898; x_wconf 77' lang='lat' dir='ltr'>etiamad</span> <span class='ocrx_word' id='word_1_442' title='bbox 384 3822 503 3886; x_wconf 86' lang='lat' dir='ltr'>minima</span> <span class='ocrx_word' id='word_1_443' title='bbox 523 3847 657 3906; x_wconf 88' lang='lat' dir='ltr'>quaeque</span> <span class='ocrx_word' id='word_1_444' title='bbox 677 3827 802 3892; x_wconf 81' lang='lat' dir='ltr'>diffundi</span> <span class='ocrx_word' id='word_1_445' title='bbox 820 3825 977 3901; x_wconf 90' lang='lat' dir='ltr'>sentimus,</span> <span class='ocrx_word' id='word_1_446' title='bbox 1003 3836 1036 3884; x_wconf 94' lang='lat' dir='ltr'>ut</span> <span class='ocrx_word' id='word_1_447' title='bbox 1055 3841 1093 3882; x_wconf 91' lang='lat' dir='ltr'>ue</span> <span class='ocrx_word' id='word_1_448' title='bbox 1112 3812 1203 3880; x_wconf 88' lang='lat' dir='ltr'>earnis</span> <span class='ocrx_word' id='word_1_449' title='bbox 1222 3794 1280 3894; x_wconf 70' lang='lat' dir='ltr'>qffld,</span> <span class='ocrx_word' id='word_1_450' title='bbox 1294 3805 1316 3844; x_wconf 77' lang='lat'>¹⁰</span> 
     </span>
     <span class='ocr_line' id='line_1_49' title="bbox 222 3875 1316 3991; baseline -0.002 -35"><span class='ocrx_word' id='word_1_451' title='bbox 222 3910 342 3959; x_wconf 88' lang='lat' dir='ltr'>nostrae</span> <span class='ocrx_word' id='word_1_452' title='bbox 362 3920 460 3963; x_wconf 88' lang='lat' dir='ltr'>curam</span> <span class='ocrx_word' id='word_1_453' title='bbox 478 3902 626 3982; x_wconf 84' lang='lat' dir='ltr'>suscipere</span> <span class='ocrx_word' id='word_1_454' title='bbox 644 3915 769 3972; x_wconf 88' lang='lat' dir='ltr'>recuset.</span> <span class='ocrx_word' id='word_1_455' title='bbox 810 3903 901 3977; x_wconf 88' lang='lat' dir='ltr'>Quod</span> <span class='ocrx_word' id='word_1_456' title='bbox 927 3913 1024 3961; x_wconf 87' lang='lat' dir='ltr'>antem</span> <span class='ocrx_word' id='word_1_457' title='bbox 1047 3900 1082 3959; x_wconf 89' lang='lat' dir='ltr'>de</span> <span class='ocrx_word' id='word_1_458' title='bbox 1103 3881 1240 3972; x_wconf 74' lang='lat' dir='ltr'>corp⁰r³l¹</span> <span class='ocrx_word' id='word_1_459' title='bbox 1256 3875 1316 3991; x_wconf 54' lang='lat' dir='ltr'>lm}</span> 
     </span>
    </p>
   </div>
   <div class='ocr_carea' id='block_1_7' title="bbox 221 3959 1317 4113">
    <p class='ocr_par' dir='ltr' id='par_1_7' title="bbox 221 3959 1317 4113">
     <span class='ocr_line' id='line_1_50' title="bbox 221 3959 1317 4113; baseline -0.006 -83"><span class='ocrx_word' id='word_1_460' title='bbox 221 3972 271 4032; x_wconf 87' lang='lat' dir='ltr'>bic</span> <span class='ocrx_word' id='word_1_461' title='bbox 290 3974 429 4054; x_wconf 89' lang='lat' dir='ltr'>loquatur</span> <span class='ocrx_word' id='word_1_462' title='bbox 449 3977 598 4054; x_wconf 87' lang='lat' dir='ltr'>Christus,</span> <span class='ocrx_word' id='word_1_463' title='bbox 623 3981 718 4060; x_wconf 88' lang='lat' dir='ltr'>primo</span> <span class='ocrx_word' id='word_1_464' title='bbox 743 3979 813 4040; x_wconf 89' lang='lat' dir='ltr'>inde</span> <span class='ocrx_word' id='word_1_465' title='bbox 838 3979 977 4113; x_wconf 62' lang='lat' dir='ltr'>collipere</span> <span class='ocrx_word' id='word_1_466' title='bbox 995 3979 1161 4064; x_wconf 72' lang='lat' dir='ltr'>promptum</span> <span class='ocrx_word' id='word_1_467' title='bbox 1179 3972 1233 4028; x_wconf 79' lang='lat' dir='ltr'>est,</span> <span class='ocrx_word' id='word_1_468' title='bbox 1255 3959 1317 4082; x_wconf 57' lang='lat' dir='ltr'>ffi</span> 
     </span>
    </p>
   </div>
   <div class='ocr_carea' id='block_1_8' title="bbox 222 4033 1316 4194">
    <p class='ocr_par' dir='ltr' id='par_1_8' title="bbox 222 4033 1316 4194">
     <span class='ocr_line' id='line_1_51' title="bbox 222 4033 1316 4154; baseline 0.005 -48"><span class='ocrx_word' id='word_1_469' title='bbox 222 4049 332 4131; x_wconf 86' lang='lat' dir='ltr'>alioqui</span> <span class='ocrx_word' id='word_1_470' title='bbox 351 4048 451 4116; x_wconf 82' lang='lat' dir='ltr'>mutila</span> <span class='ocrx_word' id='word_1_471' title='bbox 471 4067 556 4132; x_wconf 88' lang='lat' dir='ltr'>esset,</span> <span class='ocrx_word' id='word_1_472' title='bbox 575 4075 638 4116; x_wconf 89' lang='lat' dir='ltr'>non</span> <span class='ocrx_word' id='word_1_473' title='bbox 678 4055 743 4118; x_wconf 87' lang='lat' dir='ltr'>lena</span> <span class='ocrx_word' id='word_1_474' title='bbox 765 4057 870 4116; x_wconf 86' lang='lat' dir='ltr'>oratio.</span> <span class='ocrx_word' id='word_1_475' title='bbox 918 4055 1042 4115; x_wconf 90' lang='lat' dir='ltr'>ubemur</span> <span class='ocrx_word' id='word_1_476' title='bbox 1060 4068 1137 4110; x_wconf 87' lang='lat' dir='ltr'>eorm</span> <span class='ocrx_word' id='word_1_477' title='bbox 1155 4033 1245 4102; x_wconf 73' lang='lat' dir='ltr'>muffl⁵</span> <span class='ocrx_word' id='word_1_478' title='bbox 1266 4040 1316 4154; x_wconf 61' lang='lat' dir='ltr'>,lm</span> 
     </span>
     <span class='ocr_line' id='line_1_52' title="bbox 223 4077 1281 4194; baseline 0.01 -13"><span class='ocrx_word' id='word_1_479' title='bbox 223 4143 307 4186; x_wconf 91' lang='lat' dir='ltr'>curas</span> <span class='ocrx_word' id='word_1_480' title='bbox 332 4147 437 4193; x_wconf 89' lang='lat' dir='ltr'>omues</span> <span class='ocrx_word' id='word_1_481' title='bbox 461 4145 574 4194; x_wconf 90' lang='lat' dir='ltr'>nostras</span> <span class='ocrx_word' id='word_1_482' title='bbox 599 4077 684 4192; x_wconf 83' lang='lat' dir='ltr'>inl)</span> <span class='ocrx_word' id='word_1_483' title='bbox 1205 4111 1221 4172; x_wconf 71' lang='lat' dir='ltr'>b</span> <span class='ocrx_word' id='word_1_484' title='bbox 1274 4117 1281 4152; x_wconf 85' lang='lat'><strong>¹</strong></span> 
     </span>
    </p>
   </div>
   <div class='ocr_carea' id='block_1_9' title="bbox 185 4115 1318 4448">
    <p class='ocr_par' dir='ltr' id='par_1_9' title="bbox 185 4115 1318 4448">
     <span class='ocr_line' id='line_1_53' title="bbox 689 4115 1317 4220; baseline -0.062 -23"><span class='ocrx_word' id='word_1_485' title='bbox 689 4133 716 4192; x_wconf 80' lang='lat' dir='ltr'>el</span> <span class='ocrx_word' id='word_1_486' title='bbox 738 4130 833 4194; x_wconf 85' lang='lat' dir='ltr'>sinum</span> <span class='ocrx_word' id='word_1_487' title='bbox 857 4131 1077 4208; x_wconf 63' lang='lat' dir='ltr'>coniicere,·et</span> <span class='ocrx_word' id='word_1_488' title='bbox 1101 4125 1161 4204; x_wconf 90' lang='lat' dir='ltr'>ipse</span> <span class='ocrx_word' id='word_1_489' title='bbox 1184 4115 1202 4173; x_wconf 87' lang='grc' dir='ltr'>Ιι</span> <span class='ocrx_word' id='word_1_490' title='bbox 1224 4122 1265 4166; x_wconf 86' lang='lat' dir='ltr'>era</span> <span class='ocrx_word' id='word_1_491' title='bbox 1287 4166 1317 4220; x_wconf 46' lang='lat' dir='ltr'>‚te</span> 
     </span>
     <span class='ocr_line' id='line_1_54' title="bbox 223 4189 1318 4299; baseline -0.02 -40"><span class='ocrx_word' id='word_1_492' title='bbox 223 4202 385 4282; x_wconf 89' lang='lat' dir='ltr'>promittit,</span> <span class='ocrx_word' id='word_1_493' title='bbox 415 4205 496 4271; x_wconf 89' lang='lat' dir='ltr'>nulla</span> <span class='ocrx_word' id='word_1_494' title='bbox 518 4210 549 4270; x_wconf 90' lang='lat' dir='ltr'>in</span> <span class='ocrx_word' id='word_1_495' title='bbox 575 4229 608 4270; x_wconf 91' lang='lat' dir='ltr'>re</span> <span class='ocrx_word' id='word_1_496' title='bbox 633 4228 665 4269; x_wconf 86' lang='lat' dir='ltr'>se</span> <span class='ocrx_word' id='word_1_497' title='bbox 688 4207 776 4270; x_wconf 91' lang='lat' dir='ltr'>nobis</span> <span class='ocrx_word' id='word_1_498' title='bbox 801 4208 978 4274; x_wconf 85' lang='lat' dir='ltr'>defuturum.</span> <span class='ocrx_word' id='word_1_499' title='bbox 1017 4207 1097 4298; x_wconf 69' lang='lat' dir='ltr'>Ergo</span> <span class='ocrx_word' id='word_1_500' title='bbox 1118 4200 1149 4290; x_wconf 74' lang='lat' dir='ltr'>in</span> <span class='ocrx_word' id='word_1_501' title='bbox 1172 4191 1259 4252; x_wconf 73' lang='lat' dir='ltr'>exacta</span> <span class='ocrx_word' id='word_1_502' title='bbox 1273 4189 1318 4299; x_wconf 44' lang='lat' dir='ltr'>fla.</span> 
     </span>
     <span class='ocr_line' id='line_1_55' title="bbox 225 4268 1318 4376; baseline -0.05 -15"><span class='ocrx_word' id='word_1_503' title='bbox 225 4277 328 4360; x_wconf 56' lang='lat' dir='ltr'>‘blandi</span> <span class='ocrx_word' id='word_1_504' title='bbox 347 4282 450 4364; x_wconf 65' lang='lat' dir='ltr'>“bula</span> <span class='ocrx_word' id='word_1_505' title='bbox 468 4307 587 4348; x_wconf 81' lang='lat' dir='ltr'>necesse</span> <span class='ocrx_word' id='word_1_506' title='bbox 604 4298 666 4360; x_wconf 85' lang='lat' dir='ltr'>est,</span> <span class='ocrx_word' id='word_1_507' title='bbox 686 4285 722 4345; x_wconf 92' lang='lat' dir='ltr'>de</span> <span class='ocrx_word' id='word_1_508' title='bbox 741 4287 901 4346; x_wconf 88' lang='lat' dir='ltr'>innumeris</span> <span class='ocrx_word' id='word_1_509' title='bbox 942 4294 1079 4345; x_wconf 86' lang='lat' dir='ltr'>raesentrs</span> <span class='ocrx_word' id='word_1_510' title='bbox 1098 4286 1171 4338; x_wconf 75' lang='lat' dir='ltr'>vitae</span> <span class='ocrx_word' id='word_1_511' title='bbox 1188 4268 1318 4376; x_wconf 53' lang='lat' dir='ltr'>necessum</span> 
     </span>
     <span class='ocr_line' id='line_1_56' title="bbox 185 4305 1257 4448; baseline 0.006 -62"><span class='ocrx_word' id='word_1_512' title='bbox 185 4377 187 4384; x_wconf 95' lang='lat'>.</span> <span class='ocrx_word' id='word_1_513' title='bbox 223 4345 303 4413; x_wconf 72' lang='lat' dir='ltr'>ntus</span> <span class='ocrx_word' id='word_1_514' title='bbox 322 4352 432 4437; x_wconf 85' lang='lat' dir='ltr'>aliquid</span> <span class='ocrx_word' id='word_1_515' title='bbox 451 4365 589 4448; x_wconf 84' lang='lat' dir='ltr'>praecipi.</span> <span class='ocrx_word' id='word_1_516' title='bbox 626 4361 745 4425; x_wconf 84' lang='lat' dir='ltr'>Deinde</span> <span class='ocrx_word' id='word_1_517' title='bbox 762 4361 905 4447; x_wconf 66' lang='lat' dir='ltr'>particula</span> <span class='ocrx_word' id='word_1_518' title='bbox 921 4305 1006 4434; x_wconf 60' lang='lat' dir='ltr'>lodi,</span> <span class='ocrx_word' id='word_1_519' title='bbox 1023 4353 1173 4446; x_wconf 51' lang='lat' dir='ltr'>fignificat,</span> <span class='ocrx_word' id='word_1_520' title='bbox 1190 4341 1257 4403; x_wconf 78' lang='lat' dir='ltr'>hren</span> 
     </span>
    </p>
   </div>
   <div class='ocr_carea' id='block_1_10' title="bbox 0 0 1425 4748">
    <p class='ocr_par' dir='ltr' id='par_1_10' title="bbox 0 0 1425 4748">
     <span class='ocr_line' id='line_1_57' title="bbox 0 0 1425 4748; baseline 0 0"><span class='ocrx_word' id='word_1_521' title='bbox 0 0 1425 4748; x_wconf 95' lang='lat' dir='ltr'> </span> 
     </span>
    </p>
   </div>
  </div>
 </body>
</html>
