2786 4742
259 253 263 264 ,
373 221 436 300 (95.
449 219 546 284 Dirae
563 220 595 280 in
614 219 702 282 urbes
722 217 912 299 Galilaeae.)=
943 239 946 247 “
1136 225 1195 288 tm

70 370 205 435 fuissent
225 369 367 446 virtutes,
384 363 472 452 'quae
495 365 598 431 factae
618 374 694 430 sunt
713 369 748 432 in
768 365 870 448 vohis,
891 365 968 434 olim
988 367 1024 434 in
1041 386 1139 432 sacco
1162 377 1195 433 et

71 465 358 534 cinerescelerum
379 453 509 532 suorum
531 466 761 554 poeniteutiam
784 470 930 552 egissent.
971 469 1022 532 22.
1044 467 1195 542 Attamen

71 570 145 636 dieo
166 563 277 645 uobis,
309 569 402 652 Tyro
436 577 468 632 ct
487 567 603 633 Sidoni
628 564 829 632 tolerabilius
849 569 914 631 erit
936 567 970 629 in
992 566 1046 632 die
1073 569 1194 648 iudicii,

18 675 20 689 '
71 689 168 755 qnam
188 667 291 736 vobis·
332 669 382 734 23.
403 665 446 732 Et
465 677 501 732 tu
523 663 744 756 Caperuaum‚
772 689 855 756 quae
879 688 913 732 es
934 687 1037 751 usque
1058 669 1100 735 ad
1121 693 1195 737 coe-

70 771 136 835 lum
159 769 300 856 exaltata,
322 790 423 854 usque
446 767 487 832 ad
501 768 633 835 inferos
647 767 845 836 detraheris:
867 769 1023 854 quoniam
1040 771 1068 832 si
1087 771 1195 860 inSo-

71 871 175 936 domis
197 869 301 954 editae
323 869 459 934 fuissent
478 870 625 946 virtutes,
653 889 735 955 quae
758 866 874 932 editae
887 875 962 936 sunt
983 868 1017 934 in
1038 877 1086 947 te,
1107 893 1194 936 man·
1237 945 1239 951 y
1339 873 1340 882 ’

70 976 185 1038 sissent
205 991 307 1061 usque
327 973 363 1036 in
381 967 574 1038 hodiernum
595 968 691 1033 diem.
731 970 782 1062 24.
803 969 1025 1036 Veruntamen
1045 967 1119 1032 die'o
1136 991 1200 1067 vo·-

34 1125 41 1137 .
69 1071 136 1151 bis,
164 1071 253 1158 quod
274 1081 379 1137 terrae
401 1063 616 1162 Sodomprum
636 1067 840 1138 tolerabilius
860 1069 921 1138 erit
940 1070 984 1145 in,
998 1067 1052 1135 dio
1073 1069 1194 1152 iudicii,
1248 1083 1249 1087 ’

73 1191 167 1258 quam
188 1171 256 1238 tibi.
655 1182 658 1190 '

153 1305 255 1374 LUC.
276 1280 315 1371 li.
349 1305 410 1384 ta.
437 1307 509 1389 Vae
537 1303 597 1370 tibi
624 1303 805 1397 Chorazin,
831 1325 893 1372 rae
918 1301 980 1370 tihi
1005 1293 1196 1371 Bethsaida:

70 1407 148 1494 quia
178 1409 206 1471 si
239 1409 273 1471 in
296 1407 389 1492 Tyro
417 1416 449 1471 et
470 1406 592 1472 Sidone
624 1407 731 1474 editae
758 1409 902 1474 'fuissent
929 1409 1078 1485 virtutes,
1111 1425 1196 1493 quae

10 1557 11 1564 .
74 1506 183 1572 editae
204 1516 278 1571 sunt
298 1509 338 1572 in
347 1505 465 1586 vobis,
486 1506 563 1573 olim
581 1509 616 1572 in
635 1502 728 1573 sacco
751 1517 783 1572 ct
804 1510 914 1572 cinere
935 1505 1087 1572 sedentes
1115 1509 1197 1594 egis-

11 1655 12 1658 .
70 1616 144 1672 sent
168 1601 408 1692 poenitentiam.
463 1604 513 1672 14.
538 1608 761 1673 Veruntamen
782 1597 876 1692 Tyro
899 1615 932 1670 et
952 1605 1198 1699 Sidoninremis-

11 1783 12 1788 γ
69 1710 138 1772 sius
159 1710 220 1772 crit
239 1709 273 1775 in
294 1705 425 1786 iudicio,
446 1729 540 1793 quam
557 1705 662 1772 vohis.
704 1707 753 1772 15.
774 1707 817 1772 Et
826 1717 864 1774 tu
875 1703 1091 1792 Capernaum‚
1111 1728 1196 1801 quae

69 1809 228 1892 usquein
250 1804 376 1872 coelum
399 1807 536 1874 exaltata
564 1829 612 1886 es,
638 1795 746 1893 usque*
767 1810 801 1873 in
822 1808 986 1874 infernum
1011 1807 1198 1874 detraheris.

10 1939 11 1972 i
34 1922 36 1948 t
69 1907 119 1972 16.
143 1907 210 1993 Qui
230 1929 289 1972 vos
310 1906 406 1988 audit,
427 1928 478 1975 me
500 1906 603 1972 audit:
625 1916 658 1972 et
678 1908 734 1994 qui
753 1904 813 1974 ¹vos
833 1911 966 1994 spernit,
985 1931 1037 1976 me
1059 1912 1197 1998 spernit:

69 2011 126 2094 qui
147 2018 252 2073 autem
273 2030 324 2073 me
345 2013 476 2102 spernit,
499 2011 625 2094 spernit
647 2030 720 2073 eum
741 2012 901 2097 quimiett
920 2005 993 2076 me.

145 2135 249 2196 lllatth.
268 2139 316 2200 20.
356 2135 443 2196 Tunc
468 2141 559 2212 coepit
589 2136 780 2212 exprobrare.
829 2137 924 2208 Lucas
941 2138 1102 2220 exprimit,
1134 2160 1194 2220 quo

67 2225 205 2293 tempore
226 2223 257 2270 et
277 2231 333 2291 qua
358 2212 394 2270 de
414 2233 497 2271 causa
521 2213 562 2271 sic
586 2213 718 2274 invectus
744 2214 835 2274 fuerit
855 2214 989 2276 Christus
1008 2215 1041 2274 in
1059 2215 1128 2276 istas
1147 2237 1199 2276 ur·

10 2349 11 2352 ,
67 2291 132 2350 bes.
172 2288 287 2367 Nempe
307 2308 394 2365 quum
411 2288 571 2368 ’discipulos
596 2289 626 2346 in
651 2289 752 2360 varias,
767 2290 893 2350 Iudaeae
916 2305 1013 2370 partes
1038 2290 1199 2372 ablegaret,

10 2423 11 2430 ,
66 2378 102 2428 ut
121 2367 154 2426 in
172 2376 340 2424 transcursu
359 2365 527 2424 nuntiarent
551 2365 650 2423 adesse
669 2384 702 2422 re
725 2386 792 2424 num
811 2367 887 2439 Dei,
912 2386 1016 2426 eorum
1039 2365 1200 2448 ingratitu-

67 2443 171 2504 dinem
190 2451 338 2520 reputans,
358 2439 435 2520 apud
455 2459 529 2518 quos
548 2441 597 2500 diu
617 2442 680 2500 sine
699 2383 797 2523 Crustu
807 2440 977 2522 Prophetae
995 2464 1100 2502 munus
1114 2463 1197 2501 exer-

67 2529 186 2591 cuerat,
218 2527 248 2576 et
272 2515 375 2576 multas
402 2516 534 2576 ediderat
557 2517 695 2590 virtutes,
723 2518 754 2576 in
776 2517 827 2580 has
845 2537 933 2578 voees
958 2518 1111 2598 prorupit,
1139 2517 1199 2579 acsi

67 2596 199 2670 dixisset,
217 2594 275 2653 iam
290 2593 403 2653 venisse
415 2603 541 2672 tempus,
562 2615 621 2674 quo
641 2612 672 2670 se
692 2594 726 2654 ad
748 2593 816 2654 alias
832 2592 922 2656 urbes
934 2593 1095 2670 conferret,
1114 2606 1200 2675 post-

10 2709 11 2740 1
68 2693 158 2752 quam
179 2682 312 2751 expertus
336 2669 432 2729 fuerat
457 2668 599 2732 indociles
625 2692 659 2731 ac
679 2670 847 2752 deploratae
872 2670 1000 2730 malitiae
1018 2669 1096 2732 illius
1116 2671 1199 2752 ripae

26 2751 33 2756 ”
65 2747 200 2822 incolas,
233 2745 285 2806 uhi
313 2745 504 2828 Evangelium
532 2746 701 2828 praedicare
733 2759 763 2808 et
793 2747 933 2808 miracula
964 2746 1052 2808 edere
1082 2757 1200 2810 exorsus

59 2826 177 2887 ‘fuerat
216 2823 277 2883 Sed
296 2823 333 2882 de
353 2823 488 2884 doctrina
505 2835 604 2884 tacens
625 2825 796 2905 exprobrat,
822 2825 904 2904 quod
923 2823 1067 2885 miraculis
1086 2824 1200 2884 inducti

65 2924 131 2964 non
152 2900 265 2961 fuerint
282 2898 318 2959 ad
338 2901 549 2980 poenitentiam
569 2884 719 2982 agdndam.
756 2901 831 2963 Nam
851 2911 963 2961 certum
984 2913 1044 2975 est,
1068 2904 1099 2960 in
1119 2901 1199 2962 huuc

10 3019 11 3052 3
47 2980 161 3046 ¹finem
180 2977 355 3038 documenta
374 2997 444 3038 snae
461 2977 575 3046 virtutis
594 2979 764 3039 Dominum
776 2976 924 3060 proferre,
942 2988 976 3036 ut
996 2978 1082 3038 adse
1102 2977 1200 3037 homi-

67 3075 123 3117 nes
143 3053 261 3115 invitet:
293 3051 374 3132 atqui
393 3075 483 3133 quum
502 3065 605 3114 natura
624 3055 716 3128 aversi
734 3055 793 3115 sint
811 3053 848 3114 ab
870 3073 906 3113 co
933 3073 1051 3128 omnes,
1082 3053 1198 3129 initium

68 3153 87 3193 a
106 3129 292 3213 poenitentia
311 3129 375 3189 fieri
394 3125 587 3190 necesse'est.
637 3131 784 3192 Chorazin
805 3142 836 3190 et
853 3129 1009 3192 Bethsaida
1028 3129 1116 3193 urbes
1136 3151 1201 3192 esse

10 3267 12 3280 ,
67 3209 107 3269 ad
126 3203 319 3286 ripamlacus
339 3204 527 3265 Genezareth
545 3207 613 3267 sitas
633 3219 737 3266 notam
755 3213 809 3268 est.
1244 3259 1245 3262 ,
1283 3221 1288 3228 ’

148 3288 196 3347 21.
234 3281 271 3340 Se
291 3285 325 3340 in
347 3280 417 3340 orbe
437 3283 516 3359 Tyri
537 3295 563 3340 et
587 3281 716 3343 Sidmeia.
761 3281 1009 3366 Quoniamvari
1030 3293 1060 3343 et
1080 3281 1199 3344 Sidonis

67 3361 131 3422 illic
151 3369 277 3442 propter
294 3359 429 3419 viciniam
448 3359 563 3419 infamis
583 3370 645 3418 erat
663 3360 813 3451 impietas,
837 3361 987 3497 superbia,¹
1007 3359 1147 3436 luxuries,
1168 3372 1200 3426 et
1306 3419 1315 3430 ,
1382 3411 1383 3432 ,

10 3429 22 3510 χ’
68 3438 128 3499 alia
148 3435 234 3507 vitia,
261 3435 326 3495 data
345 3447 436 3526 opera
454 3433 530 3496 hanc
549 3447 798 3516 comparationem
824 3438 859 3498 td
883 3438 944 3498 ucit
962 3437 1112 3510 Christus,
1137 3457 1198 3515 quo

67 3535 139 3576 suos
159 3511 284 3570 ludaeos
304 3531 395 3592 magra
435 3523 534 3594 ungat.
581 3512 706 3588 Horurn
728 3513 809 3574 enirn
838 3535 927 3574 nemo
954 3526 1031 3586 erat,
1065 3513 1199 3592 quinon

68 3585 357 3668 haheretTyrioset
369 3531 507 3648 Sidbnios
526 3587 582 3668 pro
603 3587 734 3648 nefandis
746 3587 806 3648 Dei
825 3589 1089 3672 contemptoribus.
1114 3587 1198 3680 Ergo

68 3664 311 3727 maledictionem
332 3673 414 3724 suam
437 3683 499 3722 non
523 3683 625 3744 parum-
647 3664 802 3746 amplificat
826 3665 980 3741 Christus,
1004 3685 1094 3744 quom
1118 3664 1200 3739 dicrt,

69 3743 137 3826 plus
158 3739 335 3820 sperandum
360 3738 448 3800 fuisse
468 3741 659 3803 correctionis
680 3762 713 3802 ex
732 3742 789 3801 illis
813 3741 903 3818 locis,
930 3744 961 3802 in
983 3742 1088 3821 quibus
1118 3740 1199 3802 nulla

69 3831 137 3882 erat
159 3817 282 3898 religio,
313 3836 398 3896 quam
425 3827 563 3896 appareat
586 3818 703 3898 inipsa
727 3817 846 3880 iudaea.
897 3819 1055 3881 Caeterum
1075 3835 1113 3877 ne
1134 3817 1200 3897 quis

68 3897 201 3976 spinosas
223 3894 260 3953 de
278 3891 389 3954 arcanis
402 3891 461 3952 Dei
479 3892 592 3954 iudiciis
611 3894 797 3974 quaestiones
816 3906 944 3968 moveat,
963 3893 1124 3953 tenendum
1144 3905 1200 3970 est,

68 3974 105 4034 ad
127 3988 313 4032 communem
334 3968 475 4030 humanae
494 3969 599 4030 mentis
619 3982 735 4050 captum
751 3971 967 4058 accommodari
986 3969 1064 4029 hune
1076 3969 1199 4030 Domini

68 4067 250 4110 sermenem.
302 4046 483 4125 Comparans
515 4047 591 4107 circs
615 4047 770 4108 Bethsaida
803 4059 834 4107 et
864 4067 967 4108 eorum
992 4047 1104 4108 uicinos
1132 4067 1198 4107 curn

69 4121 173 4204 Tyriis
193 4135 223 4183 et
242 4121 387 4194 Sidoniis,
409 4143 476 4197 non
498 4122 640 4203 disputat,
671 4123 740 4204 quid
785 4123 946 4186 reeviderit·
960 4123 1043 4183 Deus
1068 4122 1200 4188 futurum

70 4199 111 4259 de
130 4198 167 4256 iis
186 4198 232 4259 vel
250 4198 317 4276 illis,
337 4197 389 4259 sed
410 4198 478 4278 quid
499 4199 602 4260 facturi
622 4199 732 4260 fuerint
751 4145 846 4278 altari,
867 4210 1010 4280 quatenus
1031 4219 1064 4260 ex
1083 4196 1116 4260 re
1132 4193 1197 4280 ipsa

68 4273 190 4356 percipi
208 4287 334 4355 poterat.
382 4275 457 4334 Nam
478 4277 559 4356 quod
586 4286 646 4334 tam
670 4277 804 4358 corrupti
827 4287 912 4336 erant
940 4275 1056 4338 illarum
1079 4276 1198 4338 urbium

68 4367 189 4426 mores,
215 4373 249 4416 ac
270 4363 330 4417 tam
355 4351 476 4416 effrenis
501 4351 668 4433 dissolutio,
696 4353 880 4436 ignorantiae
908 4353 1048 4436 imputari
1061 4365 1198 4437 poterat,
