2808 4748
80 4148 85 4158 ·
182 4149 237 4192 nec
255 4134 319 4198 fere
335 4147 353 4200 'a
366 4138 423 4200 iter
440 4151 512 4200 tunc
523 4156 659 4204 vocatum
671 4146 759 4206 luisse
778 4144 809 4206 in

84 4215 96 4246 ⁴
182 4211 316 4302 anatiyo
335 4235 411 4277 sono
429 4215 578 4296 paululum
599 4220 718 4283 deflexa.

205 335 263 400 με
573 274 580 287 ’
663 321 815 387 securo
838 323 891 384 vr.

209 491 313 534 eorum
332 467 505 531 commentis
522 449 600 528 illine
623 465 829 552 interpretatio
855 467 980 530 differat.
1026 465 1144 528 Summa
1163 469 1224 539 est,
1249 466 1333 546 quod

205 549 295 632 Legis
315 546 478 608 doctrinam
497 543 535 604 ad
552 543 706 624 politicum
726 547 860 606 ordinem
879 542 1105 616 transtulerant,
1130 555 1165 602 ut
1182 541 1333 603 sufficeret

207 624 336 717 externis
356 621 460 713 officiis
480 619 618 704 defungi:
642 623 682 682 ita
705 622 795 714 fiebat
813 633 847 681 ut
865 642 897 682 se
915 622 952 682 ab
972 620 1132 681 homicidio
1153 618 1331 694 absolveret,

207 699 951 856 tttttltffltit,'ttttt‘tlttlt'ttsf
967 706 1330 854 t’tttnltst'mntt

205 850 703 1006 :etsettttntettttz
723 848 941 1008 ‘tutata
959 847 1328 1005 ustuanti

352 1003 358 1020 .
488 1003 497 1018 .
883 1007 889 1020 .
930 971 939 1003 ’
1079 969 1090 1018 .’

204 1005 670 1158 tittztttnltttttttt
684 1004 1327 1162 ”lttttt‘lltttttts’ttttttt

203 1161 259 1224 ted
277 1179 309 1222 se
326 1157 365 1249 fd
383 1174 568 1248 communem
578 1155 625 1215 vul
649 1157 657 1172 '
677 1168 793 1237 captum
812 1157 1022 1230 accommodat,
1040 1157 1098 1217 acsi
1116 1155 1240 1216 diceret:
1259 1154 1327 1214 hac-

204 1249 291 1300 tenus
313 1233 433 1325 hteralrs
456 1242 534 1324 enter
556 1251 609 1292 vos
627 1175 675 1294 lle
699 1233 722 1294 ‘s
748 1235 891 1326 expositio
915 1253 970 1314 per
995 1233 1105 1294 scribas
1129 1232 1245 1314 vulgata
1273 1242 1326 1304 est,

202 1314 272 1378 tetis
291 1329 355 1374 esse
377 1332 402 1371 ιι
421 1329 485 1389 quas
504 1327 605 1368 manus
624 1309 661 1369 ab
702 1311 841 1372 omrcrdro
861 1321 892 1371 et
909 1311 939 1372 vi
963 1309 1121 1384 abstinent,
1152 1328 1209 1392 ego
1228 1317 1326 1368 autem

202 1407 326 1465 moneo,
346 1386 437 1466 longe
456 1381 541 1444 altius
560 1385 714 1447 nitendum
734 1407 812 1461 esse,
832 1399 863 1450 et
882 1388 951 1480 quia
970 1388 1072 1448 caritas
1091 1383 1178 1468 Legis
1198 1395 1242 1446 est
1260 1403 1327 1478 per·

202 1466 308 1542 lectio,
325 1461 429 1552 violari
448 1463 612 1552 proximum
630 1461 709 1540 dieo,
728 1466 843 1546 quoties
862 1463 972 1543 ahquid
991 1462 1125 1524 adversus
1145 1481 1212 1520 eum
1230 1481 1325 1520 minus

201 1543 294 1605 amice
312 1548 515 1600 committatur.
551 1537 703 1602 Posterius
721 1540 886 1601 membrum
905 1540 987 1621 quod
1006 1539 1125 1615 recitat,
1147 1537 1244 1610 Reum'
1260 1537 1325 1596 iore

190 1617 323 1690 iudicio,
342 1613 393 1694 qui
411 1613 562 1676 bominem
581 1615 734 1691 occiderit,
754 1617 906 1678 confirmat
926 1617 1006 1697 quod
1025 1635 1120 1697 nuper
1140 1615 1205 1688 dixi,
1223 1613 1324 1673 vitium

200 1692 273 1758 illud
291 1710 324 1752 re
347 1689 455 1751 ehendi
477 1710 494 1751 a
515 1690 651 1766 Christo,
681 1692 762 1773 quod
781 1693 843 1754 Lex
859 1691 936 1771 Dei,
965 1711 1040 1774 quae
1063 1691 1199 1776 regendis
1222 1689 1324 1752 animis

199 1769 307 1832 tradita
325 1712 392 1840 luit,
411 1769 442 1830 iu
460 1765 594 1848 politiam
614 1788 755 1830 conversa
774 1781 845 1830 erat.
949 1813 951 1818 ,

276 1849 325 1910 22
360 1843 429 1920 Ego
446 1857 541 1904 mann
559 1841 624 1903 dice
640 1843 729 1904 vobis.
767 1844 952 1926 Responsum
976 1867 1060 1906 suum
1078 1863 1141 1905 non
1163 1853 1323 1926 praecepto

201 1921 295 2008 Musis
314 1920 458 2012 opponit,
487 1918 539 1978 sed
558 1918 670 1998 vulgari
690 1920 851 1982 scribarum
874 1923 893 1982 li
946 1934 1027 1984 ento.
1067 1922 1163 1984 Porro
1188 1921 1256 2000 quia
1273 1938 1324 1981 re-

199 2009 338 2062 tustatem
361 1995 508 2056 comebant
529 1995 678 2058 Pharisaei
709 2000 758 2076 (ut
780 1997 843 2058 fere
867 2021 900 2060 so
915 2011 945 2058 et
969 1999 1019 2060 lon
1043 2000 1052 2058 i
1074 1997 1214 2080 temporis
1238 2014 1325 2077 prae-

198 2074 322 2156 scriptio
342 2071 466 2134 obtendi
485 2070 521 2139 ad
540 2073 667 2134 tuendos
686 2079 831 2153 errores),
854 2074 987 2138 Christus
1007 2017 1044 2138 ad
1063 2096 1144 2135 suam
1163 2073 1322 2134 auctorita-

197 2163 278 2225 tem,
304 2150 353 2212 cui
376 2148 483 2210 merito
509 2149 615 2210 cedere
639 2149 730 2212 debet
748 2153 844 2212 omnis
861 2163 1003 2228 vetustas,
1027 2152 1169 2234 populum
1188 2159 1321 2210 revocat:

197 2228 278 2292 uode
302 2225 485 2309 colligimus,
514 2237 625 2307 quanto
647 2229 875 2389 &reponderet
896 2230 1000 2292 veritas
1028 2240 1089 2289 tam
1118 2223 1322 2288 consuetudini

197 2325 286 2444 guam
306 2320 452 2364 annorum
471 2323 606 2364 numero.
699 2307 707 2324 ’
745 2306 830 2365 'metit
839 2307 942 2388 fratri
957 2326 1019 2366 suo.
1044 2307 1119 2366 Tres
1130 2304 1235 2388 gradus
1247 2321 1320 2362 con-

220 2381 393 2442 emnationis
417 2379 506 2460 ponit
525 2379 659 2442 Christus
679 2394 759 2443 extra
781 2403 920 2444 manuum
938 2381 1121 2444 violentiam:
1152 2400 1212 2459 quo
1232 2376 1320 2460 signi-

196 2459 282 2533 ficat,
311 2467 500 2538 praeceptum
522 2456 596 2518 illud
618 2457 706 2540 Legis
729 2479 793 2521 nou
816 2481 917 2522 manus
940 2469 1054 2521 tantum
1085 2457 1241 2530 cohibere,
1267 2452 1319 2514 sed

196 2535 322 2596 allectus
341 2553 446 2594 omues
465 2533 577 2596 caritati
597 2533 743 2596 fraternae
763 2537 938 2611 contrarios,
957 2536 1014 2596 acsi
1034 2535 1153 2608 diceret,
1174 2533 1235 2606 Qui
1253 2542 1318 2590 tan-

196 2622 261 2672 tum
278 2610 418 2670 iratribus
437 2609 504 2669 irati
523 2607 648 2686 luerint,
666 2612 714 2672 vel
733 2611 1099 2692 superbeiusultarerint,
1118 2609 1165 2674 vel
1184 2606 1318 2670 laeserint
1392 2663 1393 2675 ,

196 2686 296 2766 aliquo
317 2685 470 2759 convicio,
500 2684 662 2750 homicidas
687 2707 759 2748 esse.
803 2689 866 2748 lam
890 2711 980 2769 quum
1005 2699 1117 2749 cenum
1139 2687 1191 2762 sit,
1216 2704 1317 2745 vocem

194 2760 295 2822 Raclra
313 2759 412 2820 medio
430 2758 499 2820 loco
518 2762 606 2821 statui
624 2761 704 2822 inter
721 2763 899 2824 iracundiam
919 2775 949 2825 et
967 2764 1152 2825 manifestum
1168 2761 1317 2844 probrum,

194 2841 260 2898 ‘uon
280 2833 384 2895 dubito
397 2835 468 2914 quin
486 2838 652 2915 spernentis
670 2838 717 2898 vel
736 2839 911 2902 adversantis
935 2841 1025 2901 suerit
1043 2840 1218 2901 interiectio.
1256 2837 1317 2896 Ta-

194 2911 281 3003 metsi
300 2922 398 2971 autem
409 2911 564 2993 gehennae
583 2913 659 2994 ignis
679 2934 730 2976 eos
750 2915 829 2977 solos
841 2916 988 2979 adiudicat
999 2917 1143 2992 Christus,
1164 2915 1213 2996 qui
1226 2932 1317 2993 usque

193 3010 226 3048 ιιι
244 2997 379 3068 apertum
398 2988 563 3049 convicium
581 2989 749 3070 prosiliunt,
767 3011 829 3051 non
849 3003 947 3053 tamen
965 2993 1144 3054 iracundiam
1163 2991 1261 3052 eximit
1278 2991 1315 3051 ab

192 3063 247 3126 bac
265 3083 375 3144 poena,
393 3063 445 3124 sed
464 3064 501 3124 ad
519 3076 636 3126 terrena
654 3065 761 3128 iudicia
776 3066 906 3130 alludens
924 3081 1059 3144 testatur,
1077 3069 1173 3129 Deum
1184 3066 1317 3128 occultae

144 3149 146 3171 ¹
193 3141 283 3201 etiam
307 3140 369 3199 irae
393 3140 524 3202 futurum
548 3143 692 3220 iudicem,
723 3155 757 3204 ut
776 3163 839 3206 eam
865 3147 976 3226 puniat.
1027 3145 1108 3220 Quia
1125 3156 1221 3206 autem
1240 3142 1317 3204 ultra

190 3214 399 3352 progreditur,
425 3218 476 3310 qui
490 3218 729 3300 indignationem
748 3221 930 3283 amarulente
954 3243 1090 3286 sermone
1109 3220 1223 3303 prodit,
1248 3239 1315 3278 eum
1386 3265 1387 3270 1

205 3311 258 3351 ore
277 3313 360 3382 reum
381 3293 451 3354 dicrt
469 3313 569 3355 coram
587 3306 655 3357 toto
676 3295 798 3359 coelesti
823 3319 976 3377 consessu,
1001 3311 1034 3359 ut
1052 3298 1216 3380 graviorem
1241 3317 1316 3376 poe-

190 3387 259 3428 nam
278 3379 427 3430 sustrneat
467 3369 529 3444 Qui
548 3391 619 3432 vero
638 3393 732 3456 usque
752 3375 789 3434 ad
808 3376 938 3437 convicit
958 3379 1118 3458 eruperint,
1139 3393 1188 3435 eos
1207 3373 1318 3434 addicit

189 3443 344 3526 gehennae
367 3443 459 3538 ignis,
484 3447 665 3527 significans,
693 3451 795 3512 odium
815 3462 846 3511 et
864 3453 1005 3533 quiequid
1029 3452 1142 3514 caritati
1162 3450 1316 3512 adversum

188 3532 234 3582 est
252 3519 293 3611 ad
308 3533 421 3611 mortis.
430 3532 567 3583 aeternae
587 3527 867 3603 reatum'sulficere,
896 3530 1023 3608 quamvis
1053 3526 1132 3588 nulla
1154 3529 1195 3588 vis
1219 3526 1315 3586 inter-

187 3608 316 3659 cesserit.
358 3597 441 3672 Qun
457 3595 604 3674 gehennoe
621 3623 732 3664 nornen
749 3603 957 3666 translaticium
975 3607 1029 3681 sit,
1052 3604 1171 3664 minime
1191 3602 1314 3662 dubium

186 3693 228 3734 es.
266 3694 315 3740 nu
345 3673 488 3735 Hebraeis
511 3675 615 3737 vallem
644 3681 797 3762 significat.
845 3681 942 3742 Porro
966 3683 1047 3743 vallis
1073 3682 1206 3741 Hinnom
1229 3679 1314 3738 locus

187 3767 250 3814 erat
268 3754 395 3816 nefanda
414 3759 622 3847 superstitione
646 3763 777 3837 infamis,
801 3764 882 3842 quod
908 3764 968 3826 illio
988 3764 1114 3824 infantes
1132 3783 1200 3824 suos
1224 3761 1312 3824 idolis

184 3841 357 3922 macerent
395 3831 473 3924 llrpe
493 3834 682 3914 sactum‘est,
700 3851 734 3897 ut
751 3840 845 3899 sancti
864 3840 932 3916 viri,
952 3859 1011 3920 quo
1030 3839 1079 3900 illa
1098 3837 1237 3901 scelerata
1254 3838 1311 3896 im-

113 3929 115 3936 ·
184 3918 277 3983 pietas
300 3927 410 3968 maiore
434 3931 465 3969 ιιι
490 3911 561 3973 odio
587 3927 679 3990 esset,
710 3935 766 3995 pro
797 3915 916 3975 inferno
946 3917 1006 3979 acci
1029 3928 1127 3992 erent,
1158 3928 1192 3976 ut
1214 3917 1311 3995 ipsum

184 4000 304 4078 quoque
330 4004 440 4045 nomen
463 3996 603 4067 tanquam
622 3992 789 4053 ominosum
809 4011 842 4051 ac
863 3937 1035 4054 detestabile
1058 3992 1183 4074 populns
1203 3991 1310 4052 borre-

81 4116 87 4137 Ι
183 4067 237 4117 ret.
281 4060 428 4200 [empore
447 4061 559 4124 Christi
578 4080 715 4148 apparet,
745 4079 896 4207 receptum
914 4070 1002 4131 luisse
1024 4069 1164 4152 loquendi
1182 4088 1310 4143 morem,

824 4165 926 4208 eruum
939 4167 1026 4228 quam
1037 4146 1213 4230 gebennam,
1231 4165 1309 4210 voce

1378 3869 1380 3979 l

1368 4092 1378 4181 l

1383 3440 1385 3476 l
