2816 4746
171 265 233 359 ao
288 212 290 216 ’
573 255 945 357 scommatum

193 405 317 479 bantur,
341 401 495 464 falsitatem
519 413 607 494 atque
631 403 787 466 vanitatem
813 389 1031 485 elegantissimo
1052 401 1155 464 libello
1174 397 1326 482 patefecit.

195 483 274 542 Tum
317 500 415 560 unque
435 480 593 540 aDrentro
611 451 745 540 llasileae
765 479 919 550 exsulante*
931 477 1022 552 literis
1047 480 1184 552 salutatus
1209 479 1327 554 amicie-

196 560 268 621 sime
294 503 376 620 illum
401 555 568 616 consolatus
594 567 654 632 est,
685 557 715 616 in
742 577 799 637 qua
825 557 1036 616 coniunctione
1059 557 1171 616 utinam
1193 566 1327 637 perstare

195 635 335 696 Brentius
355 632 513 692 institisset
551 633 697 692 Ducerum
723 633 752 692 in
773 631 882 713 Anglia
907 631 1082 692 exsulantem
1107 643 1178 695 tnnc
1204 651 1326 711 quoque

194 707 325 796 ingenue
344 708 476 784 monuit,
500 720 533 769 ut
552 711 641 790 magis
668 710 819 842 perspicue
847 710 883 770 de
911 708 1014 770 Coena
1036 708 1158 769 Domini
1182 707 1327 769 scriberet

198 809 232 849 ac
253 788 439 868 loqueretur,
465 797 495 845 et
513 786 683 845 amicissime
703 807 735 846 so
749 797 810 846 atus
831 797 883 845 est.
923 785 1074 865 Simulque
1093 785 1326 852 Sommersetum

193 863 321 940 Ducem,
341 860 464 957 Angliae
483 873 693 995 protectorem,
712 860 911 943 indignissima
932 873 1037 943 postea
1056 874 1153 922 morte
1172 861 1324 936 affectum,

191 952 330 1002 accurate
349 938 462 1019 scriptis
500 939 577 998 iteris
604 959 706 998 eorum
730 937 900 1014 admonuit,
933 959 1005 1019 quae
1029 938 1053 998 si
1078 950 1140 997 tum
1167 949 1263 998 essent
1288 939 1322 996 in

194 1015 248 1080 illo
262 1037 362 1153 nequo
382 1014 579 1076 animadversa
598 1014 700 1074 multas
721 1013 842 1106 [optasse
857 1026 1046 1094 tempestates
1062 1013 1201 1078 ecelesiae
1217 1014 1326 1093 Angli7

198 1114 287 1156 canae
328 1093 490 1160 evitassent.
519 1089 680 1166 Crescebat
699 1093 729 1151 in
749 1090 809 1154 ustis
823 1093 1030 1152 certaminibus
1042 1090 1216 1152 mirabiliter
1228 1091 1324 1157 eccle-

197 1170 240 1232 sia
262 1167 460 1238 Genevensis,
487 1162 567 1245 qnod
588 1179 620 1227 ut
638 1168 742 1226 mirum
763 1168 794 1226 in
814 1167 1091 1238 modurnsatanam
1112 1179 1141 1226 et
1153 1167 1251 1231 ,malos
1271 1187 1325 1230 an-

196 1247 297 1332 gebat,
315 1247 356 1305 ita
376 1242 490 1304 Caluini
511 1243 686 1323 suscipiendis
705 1266 760 1324 ppo
775 1243 893 1309 ¹Christi
913 1247 1033 1304 nornine
1053 1243 1196 1304 exsulibus
1215 1243 1325 1310 intenti

197 1323 324 1388 studium
344 1317 536 1382 vehementer
555 1319 690 1380 acuebat:
719 1323 766 1381 cui
792 1319 983 1382 sollicitudini
1002 1322 1042 1382 sie
1063 1320 1136 1380 lavit
1152 1341 1230 1380 anno
1248 1339 1325 1382 con-

196 1409 339 1479 sequente
360 1395 557 1478 [tinxere]
577 1396 740 1471 Dominus,
760 1409 794 1456 ut
813 1397 867 1458 etsi
886 1399 1106 1472 nonexstincta
1125 1417 1260 1476 prorsus,
1278 1407 1324 1456 at-

197 1486 297 1538 tamen
317 1471 352 1534 ad
372 1485 487 1554 tempus
507 1472 601 1556 sopita
622 1472 800 1534 furiosorum
819 1475 991 1553 improbitas
1009 1475 1177 1540 videretur,
1197 1473 1236 1544 Et
1254 1491 1325 1532 sane

189 1550 322 1612 ‘induciis
349 1549 456 1632 egebat
481 1549 547 1625 ille,
572 1551 741 1630 praesertim
766 1572 833 1611 casu
859 1552 1018 1612 domestico
1043 1550 1325 1633 graviteraffliotus,

196 1627 299 1694 amissa¹
317 1621 453 1686 videlicet
479 1647 569 1690 uxore
595 1626 910 1700 lectissimaleminaz,
928 1647 1015 1706 quem
1040 1640 1139 1687 tamen
1165 1647 1261 1686 casum
1284 1626 1324 1686 ita

187 1714 367 1766 ‘constanter
386 1704 463 1778 tulit,
482 1716 516 1762 ut
535 1703 588 1764 hac
609 1703 696 1769 etiam
716 1703 747 1762 in
762 1724 795 1763 re
809 1695 956 1786 singulare
968 1702 1149 1764 fortitudinis
1161 1700 1324 1782 exemplum

198 1780 257 1842 toti
283 1779 421 1862 ecclesiae
445 1779 623 1860 praebuerit.
665 1779 781 1859 Eodem
805 1779 862 1840 hoe
878 1791 1091 1850 ¹anno‚·erorta
1118 1780 1148 1837 in
1174 1778 1324 1840 Saxonicis

122 1887 127 1910 ι
197 1855 328 1919 ecclesiis
348 1852 544 1930 contentione
562 1853 598 1916 de
618 1855 705 1917 rebus
718 1856 906 1936 Adiapboris,
927 1877 1016 1936 quum
1036 1854 1188 1916 aCalvinn
1206 1873 1325 1935 quoqne

196 1933 352 1994 consilinm
377 1945 543 2013 peteretur,
567 1933 743 1992 sententiam
769 1932 822 1992 hac
848 1933 884 1992 de
908 1953 941 1992 re
965 1955 1047 1995 suam
1069 1932 1164 1992 libere
1183 1931 1325 2012 exposuit,

195 2010 337 2091 Philippo
359 2010 444 2070 etiam
465 2009 557 2070 oflicii
577 2009 744 2082 admonito,
770 2029 856 2087 quem
882 2006 1017 2072 nonnulli
1037 2021 1070 2069 ut
1092 2010 1122 2068 in
1149 2027 1187 2068 eo
1206 2006 1325 2068 mollio-

196 2107 259 2148 rem
279 2086 463 2160 accusabant,
483 2086 630 2146 immerito
652 2085 680 2144 id
701 2085 829 2167 quidem,
849 2098 882 2147 ut
899 2085 1060 2162 accuratius
1074 2097 1174 2166 postea
1188 2083 1324 2147 Calvinus

197 2163 348 2246 cognovit.
386 2163 464 2222 Tum
486 2162 563 2222 enim
585 2173 647 2236 erat
666 2163 816 2242 ignotum,
842 2183 901 2241 quo
923 2163 1022 2222 animo
1042 2161 1133 2222 malus
1153 2161 1201 2222 ille
1222 2162 1324 2241 genius

107 2295 109 2304 ,
197 2253 229 2300 et
247 2252 311 2300 tota
330 2241 354 2298 F
357 2239 535 2299 lacianorum
560 2239 666 2299 cohors
691 2237 911 2316 impelleretur,
933 2259 1006 2318 quae
1030 2251 1077 2300 tot
1101 2249 1202 2317 postea
1225 2237 1325 2296 turbas

196 2317 293 2392 dedit,
318 2328 349 2376 et
372 2338 450 2376 nunc
475 2335 593 2396 quoque
620 2335 693 2394 opus
713 2314 837 2374 Domini
855 2315 1025 2376 labefactat:
1057 2336 1118 2374 non
1143 2314 1226 2373 aliter
1244 2332 1324 2388 sane,
1396 2357 1397 2360 ,

194 2413 253 2454 nec
271 2394 365 2454 minus
385 2393 572 2472 impudenter
591 2413 623 2452 ac
643 2393 767 2470 furiose,
785 2413 869 2471 quam
889 2389 913 2454 si
933 2391 968 2452 ab
989 2393 1053 2472 ipso
1062 2392 1198 2464 {lornano
1219 2389 1325 2451 Ponti·
1395 2433 1396 2473 ,

194 2469 250 2530 fice
270 2470 381 2552 magnis
401 2468 552 2552 stipendiis
572 2481 648 2529 esset
663 2465 821 2538 eonducta.
853 2469 1009 2530 Caeterum
1030 2469 1087 2530 boc
1107 2466 1234 2536 ecclesiis
1246 2464 1325 2525 Ger-

193 2548 316 2608 manicis
334 2548 477 2606 inflictum
497 2545 599 2606 vulnus
621 2545 769 2606 contrario
790 2543 935 2616 beneficio
955 2547 1101 2610 Dominus
1120 2543 1197 2624 apud
1210 2539 1326 2621 ,Helve-
1393 2507 1395 2582 l

194 2624 270 2683 ticos
293 2623 501 2701 compensavit,
521 2621 636 2682 Farello
658 2620 743 2682 simul
762 2643 794 2682 ac
808 2621 931 2684 Calvino
947 2624 1091 2703 Tignrnm
1105 2619 1260 2712 prosectis,
1279 2631 1325 2756 oq

149 2745 152 2752 ,
216 2720 287 2758 uum
307 2697 381 2758 visus
409 2709 484 2756 esset
502 2696 680 2788 quibusdam
701 2696 838 2778 Calvinus
860 2697 1166 2759 Consnbstantiatroni
1189 2695 1312 2756 nonnihi

194 2719 305 2850 iavere,
324 2773 360 2830 de
381 2793 529 2848 commum
551 2792 581 2831 re
603 2773 733 2834 omnium
745 2771 1158 2834 Helveticarumecclesiarum
1179 2791 1324 2832 consensu

195 2848 332 2910 omnibus
353 2848 488 2927 liqueret.
526 2849 721 2930 Nequelvero
743 2847 861 2908 difficile
881 2848 959 2910 sactu
978 2851 1048 2925 fuit,
1073 2863 1107 2910 ut
1132 2849 1323 2922 interbonon

160 2967 168 2983 ε
199 2935 231 2986 et
254 2925 383 2986 veritatis
408 2935 535 2985 amantes
561 2925 741 2996 conveniret.
782 2924 895 3004 Scripta
925 2938 969 2987 est
996 2927 1087 3008 igitur
1116 2945 1226 2986 summa
1257 2946 1323 2984 cum

196 3002 329 3063 omnium
355 3001 572 3061 Helveticarurn
605 2999 863 3066 etRbaeticarum
896 3003 1081 3063 ecclesiarum
1109 3001 1324 3084 approbatione
1390 2999 1391 3005 '

195 3078 368 3152 consensio,
395 3099 468 3158 quae
493 3077 662 3158 praesertim
691 3077 853 3139 Henricum
879 3077 1081 3163 Bullingerum
1107 3101 1171 3139 cum
1193 3078 1322 3150 ¹Calvino
1389 3095 1390 3111 *

194 3153 429 3236 Tigurinamque
449 3154 599 3214 ecclesiam
616 3176 690 3234 'cum
712 3153 879 3220 Genevensi
904 3157 1064 3218 arctissimo
1088 3155 1206 3230 vineulp
1231 3155 1323 3237 magis

194 3235 229 3291 ac
249 3231 340 3312 magis
365 3231 580 3314 colligavit,'in
629 3251 664 3292 ua
688 3233 775 3291 etiam
802 3251 903 3292 omnes
929 3233 1023 3295 adhuc
1048 3233 1207 3315 perstamus
1232 3244 1263 3292 et
1286 3231 1324 3292 ad

195 3317 356 3366 extremum
378 3329 469 3399 nsque
490 3308 605 3368 latente
649 3328 684 3367 eo
705 3308 879 3398 perstituros
900 3331 953 3370 nos
972 3331 1129 3391 speramus.
1160 3309 1211 3369 Sic
1231 3330 1323 3386 annus
1387 3303 1388 3324 ¹

192 3381 245 3442 ille
265 3382 332 3442 lelix
352 3383 439 3444 nnbrs
465 3395 579 3444 exactus
605 3397 664 3461 est,
689 3407 713 3443 ει
739 3405 805 3447 cum
825 3387 946 3460 caeteris
967 3387 1147 3449 conseratur:
1179 3387 1259 3458 cuius
1284 3405 1322 3448 εο
1386 3390 1387 3428 l

192 3457 334 3520 libentius
352 3460 487 3537 memini,
512 3461 592 3541 quod
612 3461 634 3522 is
654 3461 725 3522 mihi
744 3463 854 3542 primae
876 3463 1135 3526 adecclesiastieas
1154 3461 1323 3525 functiones
1385 3525 1386 3537 ,

190 3535 359 3608 vocationis,
373 3557 466 3612 meae,
485 3549 609 3598 vocante
629 3557 675 3598 me
692 3537 891 3600 Lausannensi
911 3539 1044 3614 ecelesia,
1062 3539 1231 3619 impellente
1249 3559 1322 3600 uero

194 3611 328 3687 Calvino,
347 3613 462 3673 initium
480 3615 578 3674 fuerit.
618 3615 741 3694 Scripsit
760 3635 879 3694 quoqne
896 3618 1001 3707 perid
1019 3629 1078 3676 tem
1101 3639 1133 3676 us
1151 3615 1235 3676 binas
1255 3635 1323 3677 eru·
1384 3617 1385 3644 l

137 3762 142 3776 Ι
193 3687 345 3761 ditissimas
367 3688 504 3769 epistolas
523 3687 625 3752 Laelio
647 3691 758 3752 Socino
779 3691 919 3764 Senensi,
945 3693 1048 3776 'figuti
1075 3638 1125 3753 diu
1149 3705 1262 3753 versato
1288 3714 1323 3754 ac
1383 3689 1384 3748 l

192 3764 312 3824 tandem
345 3767 431 3848 etiam
455 3779 585 3828 mortuo.
605 3765 665 3834 ,Ex
689 3769 722 3827 iis
748 3789 817 3828 vero
843 3770 922 3847 quod
947 3770 1036 3830 luerit
1059 3771 1136 3830 illius
1159 3770 1324 3851 ingenium,
1381 3803 1383 3855 p

163 3917 165 3925 Α
193 3861 301 3922 nempe
320 3840 408 3920 plane
426 3842 651 3917 Academicum,
671 3843 756 3904 facile
776 3842 869 3923 quivis
890 3846 1057 3928 dignoscet,
1077 3867 1122 3907 res
1142 3859 1240 3906 autem
1259 3848 1324 3927 ipsa

194 3938 262 3979 sero
282 3938 316 3980 ac
335 3919 452 3978 nonnisi
472 3931 541 4002 post
560 3920 619 3982 eius
640 3919 754 3980 obitum
774 3920 923 4000 patefecit,
944 3943 1034 4001 quum
1053 3924 1076 3984 is
1090 3923 1323 4003 eeclesiaspera·
1381 3903 1382 3961 l

191 4013 278 4079 grans
298 4014 331 4054 ac
351 3993 547 4054 doctissimum
566 4017 714 4076 quemque
724 4009 811 4078 atque
823 3999 854 4058 in
864 3998 898 4060 iis
910 4000 1050 4079 imprimis
1060 3999 1135 4060 Phili
1158 4021 1237 4090 pum,
1251 4001 1323 4064 Cal·
1380 3995 1381 4068 l

190 4066 308 4144 vinnm,
331 4064 513 4131 Ioacbimum
538 4072 665 4153 denique
690 4073 890 4152 Cameraripm
910 4079 943 4151 (a
969 4097 1028 4158 quo
1053 4077 1085 4136 in
1111 4021 1239 4158 Plrtippi
1264 4078 1324 4140 vita

183 4147 412 4276 ‘perhonorifico
438 4147 609 4209 testimonio
636 4163 739 4210 contra
785 4171 851 4210 uam
870 4164 1033 4213 mereretur
1052 4166 1172 4214 ornatus
1191 4155 1257 4232 est)
1277 4155 1323 4214 fe-

207 4218 331 4299 ellisset.'
363 4223 514 4304 Siquidem
534 4223 616 4286 illurn
636 4237 738 4307 postea
757 4171 922 4304 fictitasse,
947 4229 983 4288 de
1004 4251 1059 4309 qua
1078 4229 1219 4292 suo.loco
1239 4232 1323 4292 dice·
1378 4243 1379 4280 l

190 4313 271 4370 mus,
290 4297 442 4379 farraginis
460 4299 565 4382 [libelli
578 4303 656 4382 ficto
673 4301 766 4361 Bello·
782 4306 897 4364 nomine
919 4309 952 4364 in
974 4305 1065 4368 lucen
1090 4305 1172 4386 editi]
1197 4309 1322 4370 maxima
1377 4307 1378 4387 l

192 4389 227 4430 ex
246 4383 329 4454 parte
348 4388 499 4440 auctorem
519 4379 618 4457 fnisse,
638 4391 669 4444 et
686 4380 820 4459 Seresti,
840 4381 1043 4460 castellionis,
1063 4381 1172 4446 chini
1191 4384 1322 4466 denique
1374 4427 1377 4493 j

1373 4521 1376 4616 l

1370 4621 1375 4715 l
