2808 4748
91 269 242 374 'rae
411 343 412 350 .
606 269 865 368 'sucumve'

170 447 307 510 omulbbt
325 449 448 512 saeculis
469 449 693 523 documentum,
718 450 840 530 nequis
864 447 980 509 bonore
1000 447 1135 509 divinitus
1154 449 1213 508 slbl
1233 449 1298 508 col-

170 525 232 588 lato
252 525 402 587 abutatnrz
428 527 533 588 deinde
559 537 593 587 nt
617 527 761 588 columnis
787 528 873 590 etiam
896 525 1068 587 cadentibus
1092 525 1209 587 stabiles
1232 547 1300 588 ma·
1393 579 1394 586 ,

171 615 272 676 neaut,
292 603 342 682 qui
360 604 498 665 videntur
517 625 579 665 esse
599 625 633 664 ex
651 603 739 685 vulgo
759 603 898 663 fidelium.
1012 670 1014 678 ,
1054 610 1057 616 “
1393 677 1394 684 ¹

247 679 319 741 Luc.
338 686 386 746 13.
428 679 508 764 Quos
526 695 552 740 et
569 680 729 756 Apostolos
750 681 914 740 nominauit.
953 679 1057 738 Potest
1083 677 1140 739 boc
1165 677 1300 738 bifariam
1393 689 1394 720 l

170 757 293 835 exponi:
312 756 359 816 vel
379 759 458 839 quod
484 771 586 839 postea
610 758 784 838 inauguraris
807 757 839 816 in
863 776 946 816 suum
970 777 1075 816 munus
1106 756 1163 818 illis
1188 777 1300 816 nomen
1393 747 1394 794 i

169 831 358 913 imposuerit,
377 835 427 894 vel
445 834 525 915 quod
545 835 576 894 in
595 853 676 914 spem
695 834 810 906 ,loturae
830 833 979 914 dignitatis
997 832 1054 891 iam
1075 853 1126 895 eos
1151 834 1303 894 ornaverit
1393 881 1394 884 ¹

170 909 229 969 isto
250 909 364 991 elogio,
384 925 418 972 ut
437 911 561 984 scirent,
588 931 726 992 quorsum
746 929 763 968 e
782 909 894 992 vulgari
915 928 1039 968 numero
1059 909 1192 990 sepositi,
1219 922 1249 968 et
1269 912 1301 969 in

193 1004 260 1046 uem
279 1008 363 1048 usum
383 987 519 1048 destinati
539 987 646 1062 sorent.
686 984 779 1062 Quod
798 985 944 1068 posterius
956 986 1049 1046 Marci
1058 985 1154 1048 verbis
1173 1007 1301 1066 respou-

171 1006 236 1123 det:
264 1063 336 1124 dicit
355 1065 432 1125 enim
453 1063 601 1126 Christum
621 1061 741 1136 fecisse,
765 1075 799 1124 ut
820 1075 917 1124 essent
935 1082 1050 1137 secum,
1077 1074 1164 1142 atque
1191 1076 1224 1123 ut
1248 1083 1300 1123 eos

172 1139 334 1202 dimitteret
351 1142 386 1202 ad
406 1140 641 1222 praedicandum.
681 1139 747 1199 Sibi
765 1141 857 1234 igitur
876 1139 1102 1200 contubernales
1122 1147 1184 1200 esse
1195 1141 1300 1214 voluit,
1363 1181 1364 1184 η

170 1216 279 1353 qpibus
300 1217 406 1280 deinde
425 1219 567 1277 maiorem
586 1217 766 1297 provinciam
786 1217 967 1354 iniunqeret:
994 1236 1092 1298 neque
1112 1218 1189 1281 enim
1209 1239 1300 1310 quum

194 1293 256 1368 ἐἰς
272 1306 307 1353 ut
325 1307 422 1356 esseut
440 1313 549 1367 secum,
570 1306 600 1353 et
618 1304 652 1354 ut
672 1313 723 1354 eos
743 1294 779 1354 ad
798 1314 869 1375 prae
892 1293 1028 1354 icaudum
1047 1293 1204 1369 emitteret,
1222 1296 1302 1354 idem

170 1371 314 1450 temporis
324 1381 505 1431 momentum
517 1369 547 1429 iu
561 1382 687 1450 utroque
697 1369 833 1432 membro
845 1371 988 1451 designat,
1000 1369 1085 1429 sicuti
1105 1371 1185 1450 prius
1205 1372 1300 1452 attigi.

249 1447 405 1511 Maeotii.
443 1445 587 1524 Imposuit
604 1447 718 1508 Sinoni
734 1465 847 1507 noma.
887 1448 1063 1526 Quanquam
1089 1467 1190 1508 omues
1212 1449 1301 1509 Cbri-

171 1523 282 1584 stianos
301 1524 381 1584 vivos
401 1523 561 1604 spiritualis
580 1523 684 1604 templi
704 1522 815 1606 lapides
826 1545 889 1585 esse
909 1535 1039 1604 oportet,
1060 1523 1300 1585 Christustameu

171 1619 228 1734 pro
252 1617 387 1660 mensura
410 1601 538 1684 gratiae,
567 1601 804 1682 qua=Simonem
827 1603 973 1661 instruere
996 1599 1130 1678 volebat,
1153 1602 1302 1681 peculiare
1393 1631 1394 1636 ¹

170 1699 181 1736 ι

194 1674 215 1732 li
232 1695 341 1736 nomen
360 1677 511 1758 imposuit.
548 1679 612 1740 Nee
632 1675 745 1750 obstat,
771 1680 850 1757 quod
875 1678 906 1736 in
925 1675 1058 1737 Domino
1083 1679 1218 1759 negando
1245 1701 1301 1759 pu·
1393 1681 1394 1690 ³

171 1751 267 1812 denda
287 1751 342 1814 fuit
362 1755 423 1816 eius
442 1755 613 1830 iufirmitas,
641 1755 708 1834 quia
733 1754 791 1815 boe
810 1753 910 1837 elogio
941 1754 1047 1814 invicta
1065 1754 1142 1814 illius
1161 1756 1251 1816 virtus
1273 1769 1303 1816 et

171 1828 345 1903 constantia,
365 1851 442 1910 quae
459 1832 496 1891 ad
515 1843 642 1890 mortem
661 1853 694 1890 us
717 1852 754 1890 ue
772 1831 875 1914 viguit,
896 1841 1000 1890 ornata
1019 1841 1072 1890 est.
1110 1831 1237 1892 Ridiculi
1257 1845 1301 1894 ta-

169 1923 239 1994 men
256 1918 327 1966 sunt
346 1907 490 1988 Papistae,
532 1909 563 1966 ui
581 1907 652 1966 iude
672 1852 826 1988 ediligunt,
846 1907 995 1967 fundatam
1015 1907 1045 1966 in
1067 1927 1103 1966 eo
1125 1923 1186 1970 esse
1197 1909 1302 1970 Eccle-
1393 1935 1394 1944 ¹

170 2001 256 2056 stam,
286 1994 321 2041 ut
352 1984 440 2046 fusius
467 1930 658 2065 expiicabitur
687 2005 749 2062 cap.
775 1992 821 2050 16.
845 1983 996 2043 Matthaei.
1040 1983 1130 2056 Filios
1155 1985 1301 2046 Zebedaei

171 2059 288 2120 vocavit
308 2059 442 2122 Christus
460 2064 580 2126 tonitrui
594 2060 698 2140 filios,
730 2062 836 2141 quibus
864 2062 981 2122 daturus
1002 2071 1066 2120 erat
1090 2075 1228 2122 sonoram
1247 2085 1302 2124 vo-

72 2151 74 2160 ’
173 2153 254 2210 cem,
281 2158 339 2217 qua
358 2150 498 2198 tonarent
514 2140 545 2198 in
564 2149 631 2198 toto
652 2137 736 2198 orbe.
774 2139 814 2200 Et
832 2139 947 2200 tonitru
966 2137 1085 2215 quidem
1104 2139 1193 2200 hodie
1212 2139 1304 2200 adbuc

172 2211 290 2274 auditur
313 2234 346 2273 ex
372 2235 426 2276 ore
450 2215 585 2276 Ioannis:
611 2213 647 2274 ab
674 2214 734 2274 eius
759 2215 866 2292 fratre,
898 2215 994 2294 quoad
1015 2214 1101 2292 vixit,
1134 2237 1301 2277 concussam

171 2286 259 2368 fuisse
278 2304 387 2354 terram
411 2293 532 2352 minime
552 2290 673 2351 dubium
694 2303 746 2351 est.
793 2293 951 2356 Caeterum
973 2291 1063 2350 dictio
1090 2305 1228 2373 corrupta
1247 2306 1301 2370 est,

172 2366 253 2428 cuius
271 2368 388 2452 integra
406 2369 610 2450 pronuntiatio
631 2380 722 2444 esset,
746 2381 886 2438 utun-auu:
911 2367 963 2428 sed
989 2367 1145 2429 obscurum
1165 2391 1228 2428 uon
1248 2384 1301 2446 est,

172 2459 260 2531 quain
291 2457 328 2528 sit
359 2455 494 2519 flexibilis
523 2445 684 2519 ierborum
713 2454 853 2532 mutatio,
884 2451 938 2514 ubi
968 2449 999 2522 in
1024 2451 1149 2514 alienam
1174 2453 1301 2538 linguam

171 2531 400 2596 mansfemutur.

477 2785 720 2882 SECTIO
750 2786 820 2873 Vl.
849 2813 999 2884 (aa-ss.)
1042 2793 1045 2799 '

427 2972 680 3030 ORATIO
720 2971 782 3025 ΙΝ
823 2971 1054 3029 MONTE.

141 3188 146 3214 ἱ
190 3107 297 3199 ’(41.)
338 3119 511 3186 ΜΑΤΤΗ.
527 3121 570 3185 V.
612 3119 642 3188 1.
663 3119 774 3207 Quum
794 3119 929 3188 vidisset
950 3131 1056 3187 autem
1077 3121 1167 3187 lesus
1187 3119 1305 3202 turbas,

173 3219 319 3285 ascendit
340 3224 374 3288 in
396 3231 554 3300 montem,
581 3231 614 3287 et
635 3243 733 3312 quum
754 3221 906 3302 sedisset,
925 3233 1140 3288 accesserunt
1168 3221 1210 3288 ad
1233 3246 1306 3289 eum

172 3315 323 3406 discipuli
345 3325 424 3388 eius·
467 3324 496 3388 2.
517 3320 559 3412 Et
581 3326 731 3409 aperiens
754 3346 791 3390 os
813 3347 913 3403 suum,
935 3323 1077 3390 docebat
1097 3345 1167 3402 eos,
1184 3323 1304 3406 diceus,
1393 3373 1394 3376 ,

125 3419 131 3428 ’
171 3423 202 3488 3.
222 3420 317 3486 Beati
336 3443 499 3510 pauperes
521 3426 650 3509 spiritu:
678 3427 831 3512 quoniam
853 3417 984 3490 illorum
1007 3436 1055 3490 est
1076 3446 1211 3512 regnum
1233 3447 1308 3492 coe·
1393 3419 1394 3500 ἶ

170 3521 286 3594 lorum.
334 3525 376 3592 4.-
399 3524 507 3602 Beati,
540 3528 597 3612 qui
617 3525 744 3612 lugent:
777 3529 931 3613 quoniam
958 3529 1021 3613 ipsi
1049 3525 1305 3594 consolationem
1393 3525 1394 3540 ³

173 3627 340 3712 accipient.
379 3624 408 3690 5.
429 3623 526 3689 Beati
542 3629 651 3696 mites:
673 3629 825 3714 quoniam
847 3629 910 3714 ipsi
929 3626 1131 3695 haereditate
1146 3629 1306 3713 accipient

170 3735 298 3792 terram.
342 3725 371 3792 6.
397 3725 509 3804 Beati,
532 3729 588 3812 qui
610 3731 759 3796 esuriunt·
777 3738 809 3793 ct
828 3732 940 3795 sitiunt
960 3731 1126 3796 iustitiam:
1154 3731 1307 3813 quoniam
1393 3807 1394 3810 Ἴ

169 3829 234 3914 ipsi
254 3825 490 3896 subtrabuntur.
521 3831 561 3893 Ι7.
583 3827 679 3894 Beati
698 3831 939 3925 misericordem
957 3831 1109 3916 quoniam
1130 3832 1308 3916 ipsi'mise-
1393 3869 1394 3876 .

170 3928 345 3994 ricordiam
374 3929 623 4015 consequentur.
677 3931 708 4000 8.
735 3931 831 3998 Beati
856 3931 978 4004 mundo
1008 3930 1124 3998 corde:
1153 3935 1307 4018 quoniam

171 4029 235 4113 ipsi
258 4020 367 4099 Deum
393 4027 563 4096 videbunt.
604 4035 633 4104 9.
661 4031 756 4100 Beati
783 4035 926 4120 pacifici:
954 4034 1114 4120 quoniam
1146 4033 1209 4118 ipsi
1230 4031 1308 4096 Filii

171 4125 238 4189 Dei
264 4131 477 4204 vocabuntur.
530 4133 582 4198 10.
608 4133 717 4211 Beati,
745 4137 800 4220 qui
825 4137 1110 4223 persequutionem
1141 4136 1308 4224 patiuntur

171 4237 307 4320 propter
337 4236 505 4305 iustitiams
541 4235 694 4323 quoniam
721 4233 853 4300 illorum
884 4246 931 4301 est
962 4254 1096 4320 regnum
1130 4231 1308 4297 coelorum.

172 4321 223 4385 11.
249 4323 345 4398 Beati
373 4339 467 4418 estis,
504 4359 602 4426 quum
634 4334 760 4422 probra
788 4339 925 4402 iecerint
949 4339 984 4402 iu
1004 4356 1080 4413 vos,
1109 4344 1141 4400 et
1159 4334 1309 4398 insectati

171 4419 303 4505 uerius,
324 4441 357 4498 tl
377 4433 516 4514 dixerint
537 4459 633 4512 omno
647 4437 774 4512 'malum
794 4435 929 4508 verbum
951 4435 1119 4510 adversum
1138 4455 1198 4504 voa
1218 4453 1308 4500 meu-
1393 4435 1394 4446 ’
