2824 4756
394 161 403 190 l

202 243 241 306 ts
376 189 1175 330 snct101ssronantss'mrsmsmmms.¹
1249 213 1256 225 ’

202 385 294 464 mihi,
314 393 349 451 ut
374 388 484 452 veniet
503 393 604 450 mater
625 382 756 450 Domini
779 385 843 448 mei
869 381 909 446 ad
929 386 999 450 mei
1040 383 1104 478 44„
1121 382 1206 450 Ecce
1234 387 1320 450 enirn
1406 373 1407 384 ἶ

163 477 166 480 ’
202 495 238 552 nt
258 485 342 550 facta
363 497 412 554 est
421 507 483 552 vox
504 483 705 554 salutationis
725 494 799 548 tuae
821 485 853 548 iu
877 482 1007 554 auribus
1029 487 1115 562 meis,
1135 483 1219 549 saliit
1240 507 1320 574 prae
1406 531 1407 576 t

202 585 320 674 gaudio
341 584 498 678 ihfausin
520 595 706 650 nteromeo.
729 585 779 674 aa
798 583 838 648 Et
859 581 953 648 beata
966 607 1048 670 quae
1070 559 1222 664 credidit:
1242 589 1319 674 quia

200 687 467 789 complementum
489 687 616 764 mitiis,
636 705 718 770 quae
741 683 824 749 diota
847 695 920 749 sunt
941 685 989 750 illi
1011 708 1028 750 a
1050 685 1202 752 Domino.
1287 765 1290 769 ,

206 881 208 886 κ
276 859 323 920 39.
359 851 534 929 Exsurgem
550 863 643 910 autern
662 847 776 909 Maria.
814 849 966 911 Profectio
987 847 1067 924 haec,
1086 849 1166 910 errius
1185 850 1318 914 meminit

155 972 160 978 -
200 931 303 1006 Lucas,
320 941 444 992 testatur
463 949 522 990 non
543 926 691 1002 evanidam
710 925 798 988 luisse
810 928 919 996 Mariae
937 926 1035 999 fidem,
1055 926 1121 1006 quia
1141 946 1199 986 non
1211 927 1319 987 diffluit

160 1077 161 1080 Ἴ
200 1029 258 1068 una
277 1029 342 1070 curn
360 1005 646 1094 Angeli‘cunspectu
665 1001 724 1062 Dei
743 1004 914 1084 promissio,
933 1003 984 1064 sed
1003 1003 1064 1063 cius
1084 1003 1181 1064 animo
1201 1004 1316 1064 insidet.

155 1089 158 1094 '
199 1083 479 1151 Festinatio'autem
504 1081 573 1142 seris
597 1077 784 1160 ardentisque
807 1081 929 1142 allectus
949 1080 1029 1140 testis
1049 1091 1101 1139 est.
1140 1080 1213 1140 Inde
1233 1079 1317 1140 colli·

220 1179 270 1220 ere
290 1159 374 1233 licet,
402 1156 574 1239 posthabitis
605 1154 740 1218 omuibus
771 1157 835 1218 aliis
865 1157 953 1218 rebus
982 1155 1057 1218 hanc.
1074 1155 1130 1214 nei
1153 1159 1275 1237 gratiam
1299 1177 1316 1219 a

227 1236 321 1318 irgine
341 1233 428 1294 inisse
447 1233 635 1304 aestimatam,
654 1242 686 1291 ut
705 1246 839 1314 parerat
879 1231 993 1308 Quaeri
1010 1245 1107 1294 tamen
1127 1244 1235 1312 potest,
1254 1253 1315 1314 quo

198 1309 322 1376 consilio
342 1311 575 1390 susceperit'itcr
595 1309 676 1369 illud.
721 1310 843 1372 Certum
863 1323 923 1386 est,
941 1331 1007 1378 *non
1027 1309 1197 1390 simpliciter
1216 1310 1315 1390 inqui-

113 1407 118 1416 '
180 1389 282 1475 ‚renti
301 1407 384 1451 causa
402 1386 526 1460 venisse,
545 1387 612 1464 quia
631 1399 693 1446 non
711 1379 807 1449 minus
827 1387 934 1446 Filium
954 1385 1010 1446 Dei
1029 1385 1058 1444 ir
1080 1386 1169 1444 corde
1188 1407 1240 1446 suo
1283 1407 1316 1446 er

196 1467 284 1526 fidem
305 1483 390 1541 quarn
410 1465 439 1522 in
460 1475 544 1523 utero
565 1475 740 1542 conceptum
761 1464 887 1524 fovebat
924 1463 1030 1542 Neque
1047 1461 1215 1540 etiamqnih
1269 1485 1315 1523 am

194 1541 363 1614 subscribo,
387 1541 439 1620 qui
461 1538 625 1624 gratulandi
644 1561 729 1601 causa
751 1544 865 1602 venime
910 1551 1007 1600 utam:
1053 1537 1211 1600 robahilius
1236 1542 1313 1600 enim

195 1618 266 1680 mibi
286 1617 414 1693 videtur,
434 1618 538 1698 partim
558 1616 708 1696 augendae
728 1559 1001 1696 confirmandaeque
1020 1560 1087 1674 bidei
1106 1635 1189 1688 suae,
1210 1617 1314 1695 partim

88 1723 91 1728 ·
133 1757 134 1762 ,
194 1693 381 1770 illustrandae
400 1693 478 1755 ultro
500 1693 635 1773 citroque
652 1693 763 1774 gratiae
782 1693 841 1762 Dei
860 1693 986 1754 habitam
1006 1691 1043 1752 ab
1063 1711 1096 1751 ea
1116 1691 1205 1754 suisse
1223 1695 1315 1753 ratio·-

194 1791 272 1846 nem.
309 1772 373 1834 Nec
389 1791 462 1832 ¹vero
484 1781 529 1830 est
547 1791 599 1829 cur
618 1769 773 1830 absurdum
794 1770 939 1843 ducamus,
959 1771 1116 1848 quaesitam
1136 1769 1171 1828 ab
1194 1789 1226 1830 ee
1238 1769 1313 1828 ,fidei

195 1846 447 1908 confirmationem
472 1846 559 1906 inisse
584 1867 618 1905 ex
641 1847 772 1906 miraculi
797 1858 968 1926 conspectu,
996 1844 1076 1925 quod
1096 1845 1226 1926 Angelus
1250 1867 1311 1906 non

193 1925 300 1985 frustra
319 1922 363 1982 illi
382 1925 412 1983 in
427 1923 560 1982 medium
578 1944 633 2003 pro
656 1935 780 1982 osuerat.
819 1923 893 1981 Nam
913 1921 968 1981 etsi
987 1921 1066 1981 nudo
1086 1922 1176 1980 verbe
1189 1921 1313 1982 Domini

193 2001 327 2064 contenti
345 2011 414 2060 sunt
432 1943 653 2072 fidelem-nibil
677 2011 775 2060 tamen
794 2001 905 2060 interea
926 2017 1047 2078 operum
1068 1999 1128 2058 eius
1148 1998 1313 2080 negligunt,

192 2077 274 2158 quod
292 2077 424 2138 sentiunt
442 2076 478 2135 ad
497 2076 564 2136 fidei
583 2097 652 2136 suae
671 2075 876 2140 adminiculum
894 2075 1000 2137 valere.
1047 2075 1221 2136 Praesertim
1240 2095 1312 2136 vero
1395 2134 1399 2145 ,

131 2224 134 2233 s
191 2155 286 2216 Maria
317 2153 448 2214 oblatum
478 2152 534 2214 sibi
563 2152 766 2212 adminiculum
787 2153 922 2232 amplecti
947 2151 1064 2227 debuit,
1097 2153 1151 2212 nisi
1173 2150 1312 2231 respuere

185 2231 282 2304 ¹vellet
301 2229 535 2310 quodDominns
554 2229 633 2290 ultro
653 2228 697 2289 illi
715 2229 843 2290 dederat.
867 2229 983 2288 Deinde
1003 2241 1118 2288 mutuus
1137 2239 1311 2311 conspectus

191 2319 250 2368 tarn
270 2307 358 2388 ipsam
374 2327 459 2385 quam
473 2305 625 2367 Elisabeth
644 2305 805 2366 accendere
824 2307 921 2386 potuit
939 2307 975 2366 ad
996 2305 1135 2366 maiorem
1156 2305 1310 2387 grau'tndi-

189 2406 273 2458 nem,
297 2385 382 2453 sicuti
407 2404 441 2442 ex
461 2389 599 2444 contestu
618 2395 707 2464 patet.
744 2383 812 2442 Fuit
832 2385 908 2444 enim
928 2383 1022 2460 magis
1040 2381 1195 2462 conspicua
1215 2393 1246 2440 et
1264 2381 1310 2441 in-

189 2462 282 2546 signis
299 2461 358 2521 Dei
376 2461 468 2522 virtus
494 2462 524 2519 in'
548 2481 609 2520 uno
635 2459 757 2539 duplicis
777 2461 889 2542 gratiae
907 2461 1032 2531 intuitu,
1061 2460 1128 2538 quia
1147 2459 1207 2538 ipsa
1227 2478 1310 2518 cons-

171 2540 302 2619 ‚paratio
327 2559 388 2598 uon
407 2559 510 2620 parum
529 2536 600 2598 lucis
620 2537 754 2598 addebat
800 2537 955 2598 Caeterum
975 2557 1037 2596 non
1056 2535 1188 2614 exprimit
1207 2534 1310 2608 Lucas,

190 2619 333 2695 quaenam
353 2615 442 2674 suerit
458 2614 529 2674 urbs
548 2615 579 2673 in
601 2636 658 2694 qua
678 2613 829 2676 Zacharias
848 2612 1007 2685 habitabam
1026 2613 1075 2671 sed
1095 2623 1207 2670 tantum
1227 2631 1309 2672 com·

188 2702 333 2750 memorat
344 2690 518 2770 pertinuisse
537 2691 573 2750 ad
591 2690 700 2756 tribum
712 2691 794 2764 Iuda,
814 2690 920 2750 deinde
939 2691 1022 2749 sitam
1041 2689 1127 2748 fuisse
1146 2688 1175 2746 in
1185 2688 1309 2768 regione

188 2778 336 2828 montana.
375 2765 464 2824 Unde
487 2764 649 2848 colligitur,
674 2765 792 2848 longius
817 2766 944 2826 abfuisse
970 2765 1006 2826 ah
1033 2764 1143 2846 oppido
1163 2763 1309 2824 Nazareth

188 2863 275 2924 quam
294 2841 538 2922 Hierosolymam.
564 2859 571 2866 ·
946 2863 947 2868 ¹

105 2970 112 2986 ,
262 2924 323 2994 41„
354 2915 396 2975 Ui
410 2915 519 2984 redich
535 2917 743 2978 auhumistam.
780 2918 919 2978 Naturale
931 2920 985 2992 est,
1003 2930 1037 2979 ut
1049 2903 1084 2980 ad
1094 2896 1223 2988 subitum
1234 2937 1309 3000 gau·

108 3017 117 3032 ¹
187 2993 266 3054 dium
285 3005 401 3058 moreat
418 3013 449 3054 se
468 2993 544 3055 fetus
563 2996 594 3055 in
613 3005 699 3055 utero
715 2995 850 3078 gravidae
868 2993 1008 3068 mulieris,
1027 2995 1077 3056 sed
1087 2995 1180 3055 Lucas
1199 2993 1308 3089 aliquid

187 3070 447 3144 extraordinarium
473 3084 576 3132 notme
598 3071 701 3132 voluit.
752 3071 928 3152 Quanquam
958 3071 1029 3132 nihil
1055 3072 1090 3131 ad
1116 3091 1177 3130 rem
1204 3083 1309 3132 attinet
1357 3076 1362 3082 '

186 3147 295 3227 argutis
311 3148 530 3227 quaestionibus
549 3169 604 3224 uos
623 3149 770 3222 intricare,
788 3161 825 3208 ab
844 3143 969 3209 senserit
987 3148 1081 3210 infans
1093 3147 1203 3217 Christi
1242 3166 1308 3208 rae-

181 3225 324 3306 peutiam,
356 3244 393 3284 au
416 3245 516 3287 sensus
535 3225 584 3286 bic
603 3225 692 3286 fuerit
710 3226 842 3306 pietatis:
872 3225 969 3305 potius
990 3225 1047 3285 hoc
1065 3234 1155 3284 tinum
1174 3247 1207 3284 sn
1242 3225 1308 3297 ciat,

186 3318 293 3371 arcano
314 3301 439 3381 Spiritus
465 3314 546 3363 motu
565 3303 711 3363 'infantem
735 3301 859 3362 sitiisse*
883 3302 966 3369 ,Nec
990 3322 1058 3362 sane
1080 3289 1242 3393 propriumx
1264 3300 1308 3362 illi

186 3395 302 3447 sensim
321 3376 427 3438 tribuit
444 3379 552 3456 Lucas,
576 3380 628 3440 sed
648 3380 738 3462 magis
756 3379 916 3460 significat,
937 3379 1011 3438 hanc
1030 3378 1144 3438 divinae
1164 3378 1194 3436 iu
1213 3390 1308 3438 matre

185 3453 194 3510 i
215 3465 247 3512 'sa
259 3454 436 3532 operationis
456 3455 543 3517 luisse
562 3468 685 3539 partem,
704 3457 785 3536 quod
804 3456 900 3516 infans
910 3454 1059 3516 exsultavit
1077 3455 1107 3513 iu
1128 3465 1214 3514 utero
1233 3455 1306 3522 eius.

89 3609 91 3614 Ι
188 3473 279 3602 guod
300 3528 370 3612 dicit
382 3530 495 3610 Spiritu
513 3545 614 3592 sancto
635 3533 786 3614 repletam,
806 3552 906 3592 seusus
926 3543 987 3606 cst,
1000 3531 1110 3611 Spiritu
1130 3531 1307 3610 prophetico

186 3617 304 3686 praeter
328 3619 501 3672 consuetum
525 3621 638 3668 motem
662 3622 785 3690 repente
813 3609 949 3672 donatam
977 3628 1047 3668 esse.
1096 3608 1202 3686 Neque
1225 3608 1309 3673 enim

185 3683 265 3820 prpus
284 3682 409 3775 Spiritus
429 3683 514 3743 donis
532 3705 624 3754 vacua
643 3699 721 3760 erat,
739 3685 791 3747 sed
810 3697 880 3744 tunc
900 3684 989 3768 louge
1008 3683 1130 3752 uberior
1148 3685 1189 3744 vis
1210 3694 1240 3744 et
1258 3683 1306 3754 iu,-

184 3781 218 3826 sn
231 3771 304 3820 stae
347 3771 431 3826 aruit.
473 3807 476 3818 .
766 3807 768 3810 .
926 3813 933 3820 .
1157 3823 1160 3827 ,

159 3899 180 3914 ι,
258 3781 502 3900 42.ΡΡΒοπσᾶἰᾱ(ι
524 3842 568 3895 trs.
608 3837 734 3906 Videtur
757 3838 789 3898 in
813 3839 875 3918 pari
934 3836 990 3897 adu
1014 3835 1137 3903 Mariam
1161 3835 1306 3910 ttClrri-¹

183 3923 259 3981 atum
278 3911 389 3984 locare,
411 3913 491 3992 quod
510 3913 629 3989 minime
649 3926 878 3976 cousentaneum
911 3925 985 3973 oret.
1025 3911 1084 3972 Sed
1097 3931 1155 3994 ego
1175 3911 1306 3973 libenter

184 4007 288 4050 eorum
307 3993 480 4050 sententiam
501 3989 640 4064 admitto,
665 3991 764 4071 quiin
785 3990 919 4052 secundo
935 3989 1069 4052 membro
1089 4009 1201 4049 causam
1221 3989 1306 4049 reddi

206 4077 298 4125 utant.
328 4065 473 4134 Usitaturn
493 4068 572 4125 enim
592 4077 652 4141 est,
671 4065 808 4146 copulam
827 4069 901 4128 sumi
918 4067 982 4128 vice
1001 4063 1158 4145 particulae
1177 4063 1306 4127 causalis.

183 4083 373 4212 henedictam
393 4162 467 4225 crgo
490 4153 646 4234 cognatam
670 4149 753 4212 suain
775 4144 924 4224 praedicat
942 4141 1092 4202 Elisabeth
1108 4153 1235 4234 propter
1253 4142 1307 4204 filii

183 4213 431 4301 benedictionem.
470 4219 532 4288 Etsi
552 4230 651 4290 autem·
669 4220 761 4300 prima
780 4217 842 4279 non
863 4218 919 4278 suit
936 4217 1046 4278 Mariae
1066 4217 1204 4296 felicatas,
1217 4217 1306 4280 Chri·

184 4301 261 4355 stum
279 4291 309 4350 in
322 4305 408 4361 utero
425 4308 550 4378 gestare,
572 4296 630 4355 imo
643 4297 749 4356 ordine
769 4297 916 4375 posterior
936 4306 980 4354 est
999 4271 1052 4354 nd
1064 4295 1198 4377 dignitas,
1217 4315 1306 4376 quam

60 4355 63 4362 ’
173 4363 298 4444 spiritu,
310 4368 418 4460 Christi
440 4373 552 4438 reuisci
572 4375 608 4433 in·
622 4393 726 4435 novam
746 4377 850 4448 sitam,
868 4370 974 4434 merito
994 4381 1093 4432 umen
1112 4382 1234 4432 vocatur
1253 4371 1308 4433 be·
1406 4377 1407 4434 Τ
