2786 4742
355 241 360 306 ’κ
479 271 541 350 (aa
560 267 666 334 saltu.
684 267 827 352 tous
985 307 987 312 -
1123 265 1182 342 aar

46 417 177 482 sedem
195 437 229 478 re
270 415 332 492 trit,
350 425 385 478 ut
437 425 510 477 oute
527 415 558 476 in
577 416 707 477 medium
725 413 857 499 prodeat.
888 417 929 480 'Si
947 417 1030 482 tertia
1048 417 1183 482 miraculi

49 496 96 558 sui
116 495 218 556 fuisset
231 437 389 570 q(doristus,
426 504 493 554 orte
512 513 575 552 non
601 493 703 554 fuisset
721 495 783 556 eius
801 493 898 556 verbis
916 494 1074 558 creditum:
1099 516 1182 557 nunc

50 591 145 644 vero‚-
163 593 252 664 ouum
279 569 384 630 mulier
400 581 488 629 lmetu
513 569 646 663 perculsa
665 571 745 650 quod
769 569 825 632 sibi
850 571 955 640 accidit
972 585 1087 650 narrat,
1113 571 1180 654 plus

49 647 191 729 ponderis
213 647 301 707 babet
321 647 381 706 cius
402 643 557 706 confessro.
1075 673 1079 688 .

129 729 177 787 Ὧι
219 721 349 802 confide,
365 722 443 804 filio.
481 723 566 784 Fidei
585 721 838 784 imbecillitasboc
851 719 942 784 verbo
955 723 1100 806 arguitur:
1120 727 1178 790 nisi
1199 735 1203 742 “

6 843 7 846 ,
50 800 132 860 euim
156 799 259 862 vitiosa
284 811 359 861 esset
381 798 555 892 trepidatio,
579 821 640 860 uon
667 821 729 860 eam
757 801 921 880 corrigeret
948 801 1081 863 Christus
1104 801 1183 866 bor-‘

6 885 11 924 ἲ
48 877 153 951 tando,
173 889 205 936 ut
224 877 349 936 animum
371 875 500 970 colligat.
539 875 634 935 Simul
653 889 754 937 tamen
774 875 873 936 laudat
894 877 954 937 eius
975 877 1077 938 fidem:
1097 879 1178 942 uude

6 969 8 1004 l
50 953 207 1014 conficitur
226 954 304 1046 quod
324 953 404 1034 prius
425 953 497 1028 dmi,
521 973 610 1032 quum
631 953 780 1016 Christum
802 952 927 1034 Spiritus
947 953 1037 1014 ductu
1062 959 1093 1013 'et
1116 956 1178 1015 siu'-

6 1045 9 1082 t
50 1051 127 1090 cero
142 1033 259 1112 pictatis
278 1031 375 1091 studio
391 1041 568 1106 quaereret,
601 1031 749 1092 vacillasse
771 1042 888 1105 tamen,
918 1041 953 1090 ut
978 1029 1179 1093 confirmanda

6 1123 8 1158 l
49 1103 157 1176 fuerit..
185 1107 231 1168 Ita
248 1095 380 1168 uidemus
399 1107 504 1177 fidem,
527 1117 562 1166 ut
578 1105 646 1168 Deo
666 1104 796 1188 placcat,
822 1128 897 1188 opus
915 1105 1025 1168 babere
1045 1107 1129 1168 venia
1147 1118 1179 1168 et
1204 1155 1207 1160 .

6 1223 8 1246 ι
49 1181 135 1244 simul
154 1184 237 1245 novis
257 1181 440 1244 adminiculis
461 1183 503 1242 eri
525 1182 547 1256 i,
573 1195 607 1242 ut
625 1182 694 1264 plus'
710 1183 827 1245 roboris
848 1183 986 1262 acquirat.
1024 1185 1088 1244 Iam
1108 1205 1180 1246 aua-

12 1252 15 1264 ’
48 1258 129 1342 logia
150 1281 166 1322 a
184 1259 463 1339 sanitate'corporis
481 1200 649 1319 ad'auimae
668 1260 789 1320 salutem
809 1260 940 1321 ducenda
960 1259 1018 1321 cst:
1039 1260 1179 1341 quemad-

6 1355 10 1392 s
47 1339 168 1398 modum
182 1337 260 1408 euim
279 1337 348 1396 fidei
365 1335 470 1396 tribuit
485 1333 629 1408 Christos,
649 1337 729 1416 quod
748 1337 843 1413 soluta
856 1337 1048 1398 est'mulie'r‘a
1060 1337 1181 1416 morbo,

6 1413 10 1469 l
48 1416 91 1474 ita
107 1424 224 1474 eertum
245 1425 307 1488 est,
325 1413 382 1473 fide
407 1433 463 1472 uos
483 1413 627 1492 'consequi
645 1413 848 1490 remissionem
867 1425 1071 1495 peccatorum,
1102 1433 1179 1493 quae

6 1509 10 1565 t
48 1511 104 1551 nos
123 1491 191 1550 Deo
211 1489 392 1550 reconciliat.
438 1487 540 1564 Quum
565 1488 650 1550 iubet
672 1490 717 1548 ire
743 1489 773 1548 iu
799 1511 887 1570 pace,
911 1501 941 1550 et
959 1511 1059 1553 sanam
1079 1509 1178 1552 essea

6 1595 8 1624 ε
47 1565 168 1648 flagello
188 1587 260 1639 suo,
283 1565 353 1626 hinc
373 1562 551 1646 colligimus,
574 1577 645 1627 tunc
664 1585 734 1627 vere
753 1577 848 1626 ratum
868 1565 973 1641 fuisse,
993 1567 1072 1648 quod
1096 1567 1179 1628 obti-

6 1643 10 1702 l
47 1654 155 1702 uucrat
174 1641 365 1717 beneficium,
391 1642 442 1702 ubi
466 1661 500 1700 ex
521 1659 574 1702 ore¹
595 1641 706 1704 Christi
725 1642 852 1719 audivit,
879 1644 1044 1722 quodiam
1061 1644 1178 1725 experi-
1266 1663 1276 1685 ·‘

8 1769 10 1778 ,
47 1731 152 1779 mento
169 1715 356 1799 'compertum
374 1717 512 1778 babebat.
549 1719 655 1800 Neque
668 1719 745 1798 enim
757 1739 826 1803 repe
845 1717 930 1780 aliter
949 1731 1000 1786 aut
1017 1719 1177 1802 tranquilla

6 1799 10 1856 l
47 1796 227 1857 couscientia
246 1795 369 1856 fruimur
388 1793 627 1876 Dei'beucliciis,
648 1818 734 1878 quam
754 1797 823 1858 dum
843 1815 878 1859 ea
896 1797 927 1858 iu
946 1799 1176 1880 promissionum

6 1879 26 1933 ὲ·
43 1872 184 1934 thesauro
203 1873 356 1956 recondita
374 1871 565 1960 possidemus.
1157 1867 1160 1886 ¹

6 2155 7 2230 J
85 2139 166 2220 (78.)
206 2139 378 2218 MATTH.
397 2143 451 2206 lX.
493 2143 544 2208 23.
565 2143 607 2206 Et
628 2161 727 2226 quum
746 2115 889 2207 uouisset
908 2141 999 2208 lesus
1017 2144 1052 2207 in
1074 2141 1174 2210 aedes

6 2233 9 2320 p
45 2243 201 2326 primatis,
226 2241 430 2326 vidissetque·
446 2218 596 2307 tilbeiues
623 2250 655 2305 et
675 2239 802 2305 turbam
821 2238 1081 2322 tumultuantem}
1122 2243 1175 2310 24.

7 2389 8 2396 .
43 2339 224 2418 Dicitittis,
245 2340 499 2407 Secediteanou
521 2345 606 2407 enim
627 2341 820 2405 mortuaest
840 2340 1094 2424 adolescentula,
1114 2345 1176 2414 sed
1225 2379 1232 2418 ·,
1385 2399 1386 2436 3

6 2445 26 2506 Ἀ
45 2440 177 2506 dormit:
205 2449 237 2506 et
258 2439 453 2507 deridebant
479 2439 579 2506 illum.
606 2443 681 2510 ab.
705 2439 817 2526 Quum
838 2450 943 2506 autem
966 2447 1068 2509 eiecta
1090 2456 1176 2513 esset
1270 2491 1272 2494 -
1385 2491 1386 2494 =

6 2599 8 2622 1
42 2540 147 2619 turba,
164 2542 327 2626 ingressus
348 2544 451 2608 tenuit
470 2562 598 2606 manum
619 2541 715 2620 illius,
738 2551 773 2605 et
782 2544 919 2608 surrexit
930 2542 1050 2630 puella.
1070 2545 1121 2612 26.
1131 2545 1176 2613 Et

6 2699 7 2706 ,
43 2644 185 2708 manavit
203 2642 258 2706 hio
272 2653 388 2708 *rumor
407 2645 442 2708 in
464 2653 562 2709 totam
580 2653 697 2707 terram
718 2639 817 2708 illam.

6 2823 8 2862 ;
126 2775 268 2844 mauu
288 2778 329 2841 v.
358 2769 421 2844 aa.
448 2751 566 2844 Adhuc
586 2799 627 2843 00
649 2775 805 2864 loquente
826 2779 1002 2844 vertuni.
1023 2759 1173 2870 principe
1286 2771 1291 2776 ·

6 2877 8 2934 ὲ
43 2898 237 2964 synagogae,
258 2877 417 2958 dicentes,
442 2879 528 2946 Filia
549 2889 605 2944 tua
625 2889 750 2962 mortua
773 2889 836 2944 est:
862 2878 941 2966 quid
970 2875 1054 2944 ultra
1072 2902 1172 2949 vexas

6 2977 9 3006 ¹
43 2982 243 3064 magistrum?
291 2981 343 3047 36.
370 2980 460 3046 lesus
490 2992 594 3045 autem
624 2983 771 3068 protinus
795 2979 907 3046 audito
927 3001 1093 3060 sermone,
1114 2986 1173 3069 qui

7 3145 8 3164 2
44 3079 226 3160 dicebatur,
253 3084 297 3163 ait
323 3082 461 3168 principi
482 3103 682 3168 synagogae,
709 3082 761 3147 Ne
781 3092 921 3159 metuas,
947 3083 1174 3150 tantummodo

42 3183 146 3248 crede.
188 3185 238 3248 37.
259 3183 301 3248 Et
322 3185 571 3270 uon'permisit·¹
578 3203 759 3270 quenquam
781 3201 816 3247 se
838 3185 939 3269 sequi,
959 3193 1090 3268 practer
1109 3164 1172 3251 Pel

44 3290 140 3362 trum,
161 3293 194 3348 ct
210 3281 376 3364 Iacobum,
398 3293 430 3347 et
448 3283 605 3349 Ioannem
625 3283 755 3349 fratrem
779 3282 900 3349 la'cobi.
946 3283 998 3350 38.
1018 3279 1061 3350 Et
1080 3287 1172 3354 veuit

6 3387 7 3468 g
41 3381 75 3446 in
96 3383 225 3450 domum
246 3385 400 3471 principis
421 3404 624 3469 synagogae,
648 3384 794 3470 viditque
821 3381 1016 3464 tumultum
1029 3395 1072 3460 ac'
1088 3387 1171 3453 flen-

43 3490 89 3572 tes
111 3495 143 3550 et
165 3484 323 3550 eiulantes
343 3483 486 3549 multum.
526 3486 577 3550 39.
600 3484 643 3550 Et
662 3487 824 3570 ingressus
846 3488 892 3550 ait
911 3483 985 3564 illis,
1006 3483 1098 3572 Quid
1119 3499 1170 3553 tu-

42 3583 240 3650 multuamini
261 3597 293 3652 et
314 3585 468 3672 ploratis?
501 3581 613 3670 puella
638 3595 777 3664 non-est
798 3595 939 3664 mortua,
959 3585 1018 3652 sed
1040 3585 1168 3653 dormit.

43 3682 91 3748 40.
116 3685 159 3753 Et
184 3685 364 3753 irridebant
392 3707 480 3766 eum:
511 3687 582 3770 ipsc
609 3707 689 3751 vero
721 3688 833 3750 eiectis
858 3684 1010 3760 omuibus
1032 3689 1169 3753 ,assumit
1260 3688 1271 3694 “

7 3855 8 3858 ¹
42 3795 160 3868 patrem
183 3799 215 3854 et
235 3799 367 3854 matrem
388 3783 527 3872 puellae,
549 3795 582 3850 et
603 3788 737 3874 eosqui
758 3807 829 3852 curn
850 3787 922 3872 ipso
946 3795 1045 3866 crant,
1067 3795 1100 3851 et
1118 3788 1175 3853 in-·

42 3885 193 3969 greditur,
223 3887 280 3954 ubi
308 3885 417 3976 puella
445 3897 515 3952 erat
535 3889 651 3953 iacens:
697 3886 749 3974 41.
774 3885 817 3952 Et
844 3872 1047 3974 apprehensa
1067 3908 1167 3954 manu
1253 3969 1257 3976 ⁸

43 3985 177 4068 puellae,
198 3991 245 4054 alt·
262 3988 327 4068 illi,
355 3987 484 4054 Talitba
507 3990 605 4054 cumi:
638 3985 727 4074 quod
749 3998 797 4052 est
817 3989 861 4068 (si
883 3990 954 4074 quis
974 3988 1175 4074 interprete-¹

42 4088 112 4164 tur),
123 4089 245 4168 Puella,
266 4089 325 4155 tibi
340 4089 424 4169 dico,
443 4109 546 4174 surge.
563 4107 574 4128 .
589 4089 642 4154 42.
662 4089 705 4152 Et
716 4087 886 4152 conlustim
898 4087 1165 4175 surrexit‘puclla,

43 4192 73 4246 et
92 4185 286 4256 ambulabat:
310 4201 378 4256 erat
400 4191 484 4254 enim
507 4209 665 4277 annorum
679 4187 862 4266 duodecim,
882 4181 915 4250 et
925 4184 1165 4274 obstupuerunt

6 4371 8 4382 Ι
42 4291 169 4368 stupore
187 4311 313 4376 magno.
339 4289 405 4356 aa.
426 4290 469 4356 Et
489 4292 656 4377 praecepit
675 4287 741 4354 illis
761 4289 985 4372 vehomenter,
1012 4311 1056 4357 no
1078 4292 1162 4378 quis-

42 4389 184 4464 quauta
206 4394 310 4472 sciro,
326 4394 487 4480 iussitque
508 4391 578 4460 dari
598 4389 657 4474 illi.
664 4389 768 4479 -quod
790 4387 930 4459 merea.
985 4477 987 4484 y

1301 4399 1348 4471 s
