2786 4742
141 291 145 295 ·
171 205 393 283 ‘titt-tot.
412 197 635 289 Pbarisaeprum
654 197 807 261 calumnia.
847 195 958 260 christi
974 193 1154 292 responsio.)
1189 195 1247 260 Μ

110 327 384 428 ’ὴγροιιῖεἰηφιιεί
403 314 514 404 fumum
528 343 645 404 discutit
654 331 798 418 ¹Cimirtus,
818 361 869 403 ens
888 342 925 434 ad
944 341 1066 416 solidam
1086 335 1249 436 puramque

122 421 330 483 rectitudinem
349 441 499 483 revocans.
537 419 660 480 Modum
677 430 780 499 postea
797 429 830 480 et
854 430 999 492 rationem
1018 429 1167 500 erprrmrt,
1191 434 1248 496 qua

123 520 155 562 se
175 499 269 560 bonas
286 499 411 576 arbores,
425 495 471 560 vel
490 495 577 557 malas
596 497 768 568 ostendant,
796 515 903 576 nempe
927 496 951 556 si
973 496 1128 575 proferant
1151 493 1248 572 bonos
1358 519 1364 525 1

123 575 236 636 fructus
255 574 303 635 v'el
317 574 421 635 malos.
464 574 526 634 Iam
551 573 583 632 in
607 573 693 634 sensu
717 571 856 633 nihil'est
874 571 1051 655 ambiguum.
1087 573 1157 631 Vita
1175 569 1248 632 scri-

124 652 227 712 barum
247 652 348 712 crassis
367 649 485 734 flagitiis
504 649 589 730 apud
601 649 736 720 homines
754 647 869 710 infamis
888 668 949 708 non
970 659 1049 708 erat:
1068 647 1180 710 interea
1198 667 1248 707 su-

123 728 256 810 perbiae,
276 728 446 790 ambitionis
466 737 497 786 et
514 725 639 787 invidiae
658 727 735 786 virus
753 722 813 786 suis
833 724 981 786 calumniis
1000 723 1178 804 prodebant,
1196 723 1249 784 sed

144 805 192 864 uia
216 804 274 866 boc
299 805 444 884 posterius
475 803 562 864 rudes
584 801 708 877 latebat,
737 801 846 862 malum
876 803 1047 862 intestinum
1071 819 1105 860 ex
1129 799 1249 860 latebris

124 826 259 943 inrisus
278 880 308 940 iu
329 881 425 941 iucem
443 878 552 940 educit.
590 880 624 940 Si
638 879 706 958 puis
718 878 847 953 obiiciat,
864 879 896 939 in
916 878 972 940 hac
989 889 1111 938 naturae
1129 889 1250 938 nostrae

124 955 292 1038 corruptela
309 955 374 1017 fieri
393 977 455 1016 non
475 975 577 1036 posse,
600 967 634 1016 ut
652 956 804 1035 quisquam
828 958 945 1038 integer
961 953 1084 1050 penitus
1100 964 1136 1014 'et
1159 973 1249 1032 purus

123 1033 161 1094 ab
182 1033 264 1094 omni
281 1032 354 1093 vitio
373 1031 547 1114 reperiatur,
564 1031 596 1092 in
614 1043 754 1113 promptu
775 1043 819 1092 est
836 1031 1002 1113 responsio,
1021 1051 1083 1091 non
1103 1028 1213 1120 requiri
1232 1049 1250 1090 a

122 1107 246 1171 Christo
267 1121 396 1186 exactam
413 1108 639 1202 perfectionem,
657 1111 704 1168 cui
723 1107 795 1168 nihil
807 1107 890 1186 desit,
909 1109 961 1170 sed
981 1108 1119 1169 duntaxat
1136 1127 1190 1168 srm
1211 1104 1250 1164 li-

124 1203 190 1246 cem
209 1206 243 1247 ae
262 1186 383 1246 minime
401 1184 565 1246 simulatum
590 1184 747 1256 affectum,
769 1205 786 1245 a
812 1207 872 1266 quo
895 1185 1001 1322 procul
1025 1175 1147 1246 iberant
1170 1125 1249 1243 Pla-

123 1263 218 1323 risaei*
230 1283 304 1346 qnos
324 1257 493 1342 alloquitur.
535 1253 611 1334 Nam
628 1255 664 1321 ut
683 1261 834 1341 Scriptura
854 1283 900 1322 ma
913 1283 946 1324 os
966 1275 997 1322 et
1014 1261 1172 1322 sceleratos
1191 1278 1250 1319 no-

17 1349 26 1364 ·
124 1341 233 1413 minat,
253 1340 304 1420 qui
324 1339 450 1399 Satanae
468 1353 589 1418 prorsus
605 1337 699 1416 ¹dediti
718 1349 802 1410 sunt,
814 1340 865 1398 ita
884 1341 1015 1400 sinceros
1033 1337 1092 1398 Dei
1111 1335 1251 1410 cultores,

124 1416 254 1494 quamvis
271 1415 442 1480 infirmitate
461 1415 557 1476 carnis
574 1433 643 1476 suae
661 1427 695 1492 et
712 1412 812 1474 multis
823 1415 900 1476 vitiis
911 1415 1080 1476 circumdati
1090 1412 1144 1474 sub
1156 1428 1251 1472 onere

123 1503 261 1630 pemant,
286 1491 383 1552 bonos
400 1503 499 1552 tamen
518 1503 622 1568 vocat,
638 1502 735 1571 'atque
758 1489 814 1551 boc
839 1492 966 1585 gratuita
984 1493 1043 1550 Dei
1065 1486 1250 1571 indulgentia

146 1579 174 1646 t,
193 1580 305 1648 uttam
325 1567 492 1629 honorifico
516 1567 605 1627 titulo
629 1567 781 1650 dignetur,
826 1589 855 1629 ur
875 1567 910 1628 ad
930 1567 1142 1628 bonitatemas
1164 1567 1251 1630 irant.

164 1663 166 1670 ’
200 1651 260 1710 34.’
285 1645 442 1719 Progenies
462 1647 637 1724 vipereorum.
681 1587 908 1730 simitudinem
932 1643 1046 1706 arboris
1076 1655 1108 1704 et
1138 1586 1252 1702 fluctus

123 1721 184 1781 boe
204 1722 276 1783 loco·
291 1733 406 1783 tantum
425 1721 460 1784 ad
480 1738 646 1782 sermonem
659 1721 793 1782 Christus
803 1718 1016 1796 accommodat,
1034 1719 1171 1800 quoniam
1181 1717 1252 1779 binc

124 1797 224 1880 detegi
252 1809 373 1894 poterat
399 1798 526 1860 interior
548 1809 580 1858 et
603 1797 783 1858 clandestina
803 1797 974 1858 Scribarum
1003 1797 1130 1873 malitia,
1161 1808 1252 1876 atque

123 1873 197 1936 baec
208 1886 286 1935 ratro
296 1886 351 1949 est,
370 1892 423 1936 cur
440 1887 555 1936 tantum
574 1874 605 1934 in
625 1874 679 1952 bac
698 1895 755 1934 una
774 1874 920 1954 peccatis
941 1874 1003 1936 ecie
1020 1874 1144 1934 insistat.
1170 1872 1251 1949 Quia

122 1970 198 2034 ergo
223 1949 302 2013 falsis
325 1951 590 2013 obtrectationibus
614 1949 818 2030 prodiderant,
848 1893 939 2031 quel
953 1951 985 2011 in
1008 1950 1122 2031 reliqua
1146 1966 1251 2028 eorum

122 2027 184 2087 vita
202 2027 324 2096 nonita
348 2028 534 2118 perspicuum
558 2037 624 2085 erat
667 2043 770 2086 severe
797 2027 829 2086 in
861 2045 913 2086 eos
932 2026 1067 2088 Christus
1092 2025 1251 2088 invehitur.

122 2103 196 2162 Non
213 2100 319 2178 mirum
339 2112 395 2175 est,
411 2101 520 2179 inquit,
537 2101 563 2160 si
581 2121 655 2160 maa
674 2099 764 2160 verba
779 2102 922 2176 evomitis,
941 2102 1177 2188 quandoquidem
1197 2123 1252 2162 cor

123 2189 253 2239 vestrum
271 2177 380 2236 malitia
398 2176 541 2236 refertum
552 2185 605 2236 est.
641 2177 706 2236 Nec
715 2194 787 2236 vero
806 2176 906 2237 mitiur'
916 2197 982 2237 cnm
1001 2178 1058 2240 illis
1077 2178 1124 2270 agi
1143 2177 1252 2257 potnit,

115 2273 166 2315 -ne
184 2253 233 2316 cui
250 2252 383 2315 videatur
400 2250 555 2313 immodica
575 2269 638 2312 esse
661 2251 838 2332 obiurgatio.
881 2253 1036 2314 Mereatur
1054 2253 1172 2346 quidem
1196 2253 1252 2316 alia

123 2341 250 2413 peccata
269 2328 356 2390 duras
373 2327 639 2409 reprehensiones,
670 2325 797 2388 sed=ubi
817 2327 968 2409 flexiloqui
992 2329 1144 2406 hommes,
1190 2329 1252 2392 uod

124 2419 239 2468 rectum
259 2406 496 2485 est-depravant,
519 2404 568 2466 rel
585 2404 718 2467 colorem
742 2403 886 2465 inducunt
904 2405 994 2466 rebus
1012 2406 1137 2482 vitiosis,
1181 2425 1252 2488 tgna

125 2495 173 2544 est
191 2483 264 2544 haec
282 2485 425 2563 pravitas,
448 2481 586 2561 inquam
604 2479 686 2542 Deus
710 2481 761 2541 lon
784 2500 801 2540 e
819 2481 1020 2543 vehementius
1038 2503 1125 2562 quam
1142 2483 1175 2544 in
1194 2482 1252 2546 alia

167 2572 247 2622 ccata
266 2559 411 2619 fulminet.
450 2557 615 2620 Consilium
633 2569 731 2618 auten
781 2557 862 2636 bristi
881 2558 948 2635 fuit,
966 2571 1065 2620 utres
1083 2571 1152 2621 nata
1170 2559 1251 2620 fere-

125 2579 189 2713 blt,
206 2637 324 2716 impiam
337 2634 521 2716 'sophisticen
539 2635 690 2711 damnare,
710 2655 786 2715 qnae
804 2630 900 2696 lucem
918 2636 950 2696 in
967 2635 1106 2698 tenebras
1125 2655 1251 2698 conver-

124 2715 173 2776 tit.
222 2715 323 2774 Docet
342 2733 415 2794 ergo
440 2711 487 2772 bic
509 2711 608 2787 locus,
637 2733 725 2792 Qum
754 2713 885 2793 pretiosa
908 2711 946 2772 sit
970 2712 1103 2774 Domino
1132 2713 1252 2790 veritas,

127 2793 209 2852 cuius
227 2801 286 2850 tam
305 2790 415 2874 rigidus
425 2801 469 2870 est
488 2801 615 2850 assertor
634 2799 665 2848 et
682 2789 795 2849 vindex.
832 2789 932 2868 Atque
951 2790 1063 2850 utinam
1084 2789 1251 2874 diligentius

126 2867 186 2928 hoc
204 2867 415 2948 expenderent,
433 2865 537 2947 quibus
556 2866 592 2926 ad
611 2865 732 2926 tuendas
744 2865 856 2946 quasvis
876 2885 974 2927 causas
993 2867 1143 2949 ingenium
1163 2867 1251 2928 nimis

2 2943 4 2982 ³
127 2957 174 3004 est
190 2944 345 3017 versatile,
371 2941 471 3023 etqui
491 2941 622 3003 fucandis
646 2943 813 3034 imposturis
832 2942 959 3026 lingnam
978 2942 1089 3004 babent
1108 2943 1250 3004 venalem.

3 3149 4 3160 ,
117 3096 221 3171 livor,
243 3096 291 3156 vel
310 3095 430 3176 obliqua
447 3095 504 3156 alia
522 3094 664 3176 cupiditas
682 3095 719 3155 ad
738 3096 899 3157 maledicen

3 3045 5 3086 3
50 3083 57 3104 ‘
126 3021 302 3080 Praesertim
321 3029 393 3080 vero
413 3021 444 3080 in
463 3037 516 3080 eos
535 3017 718 3079 excandescit
738 3019 883 3096 Christus,
902 3018 1034 3156 lim
1053 3017 1252 3171 apppititphppl

3 3181 4 3188 ’
125 3172 183 3234 nbi
198 3172 271 3233 nihil
290 3183 349 3247 est,
377 3171 458 3252 quod
481 3191 584 3233 eorum
608 3173 789 3234 conscientia
811 3173 970 3254 improbet
1044 3181 1129 3233 ontra
1147 3168 1252 3234 Phari·

126 3267 211 3312 saeos
230 3249 319 3309 etiam
338 3267 422 3309 more
441 3269 494 3309 suo
513 3250 645 3330 asperior
663 3249 886 3326 fuit·Cbristus,
907 3269 981 3342 quos
1000 3249 1041 3310 ita
1061 3249 1252 3326 fascinaverat

126 3325 213 3387 fallax
231 3325 358 3386 iustitiae
377 3324 542 3405 persuasio,
563 3335 595 3386 ut
612 3325 767 3387 mediocris
786 3325 946 3388 admonitio
966 3347 1068 3420 parum
1088 3327 1251 3408 prodesset.

4 3407 5 3416 ’
125 3404 168 3463 Ec
181 3414 262 3462 certe
271 3402 329 3464 uisi
338 3402 447 3461 acriter
457 3400 645 3462 stimulentur
657 3401 837 3482 hypocritae,
856 3403 923 3482 quic
944 3403 995 3463 urd
1005 3402 1111 3464 dicitnr
1123 3403 1253 3466 fastuose

127 3479 179 3540 des
202 3479 301 3540 ‘ciunt
342 3475 491 3562 ῼιοωοᾶο
503 3476 805 3559 potestisdouulopui.
841 3479 904 3539 Iam
923 3423 992 3541 lliti
1002 3479 1160 3562 attigimus,
1177 3500 1250 3560 pro-

81 3555 90 3571 ’
125 3500 270 3624 verbiales
289 3555 447 3616 sententias
466 3575 527 3616 non
547 3556 622 3638 exigi
641 3554 751 3618 debere
769 3556 805 3616 ad
825 3568 996 3637 perpetuam
1015 3577 1164 3632 nurmsm,
1183 3557 1252 3636 quia

115 3643 242 3694 tautum
261 3630 387 3702 docent,
406 3631 475 3711 quid
495 3633 627 3714 accidere
645 3642 678 3692 ut
695 3631 852 3769 plurimum
871 3633 978 3695 soleat:
997 3631 1048 3692 tiet
1067 3630 1184 3711 quidem
1203 3633 1251 3694 iar

125 3709 260 3783 tendum,
291 3709 394 3788 utqui
412 3708 538 3776 crudelis
556 3720 617 3784 cst,
647 3709 764 3770 melitis
783 3708 930 3774 blanditiis
949 3705 1093 3787 simplices
1112 3707 1250 3789 decipiat,

126 3796 162 3848 nt
177 3796 288 3846 astutus
307 3783 516 3846 circumveniat
533 3783 726 3866 simplicitatis
744 3797 906 3866 praetextu,
927 3785 978 3867 qui
995 3784 1119 3876 pessime
1140 3786 1251 3870 cogitat
1344 3805 1347 3815 ·

126 3862 212 3943 quasi
233 3859 396 3942 angelicam
419 3861 576 3942 puritatem
601 3863 641 3922 lin
683 3885 701 3925 a
728 3862 833 3923 siret:
864 3882 1025 3924 communis
1055 3873 1154 3922 umen
1182 3885 1251 3924 usus

125 3959 230 4002 verum
250 3957 312 4000 esse
330 3937 454 4032 probat,
473 3939 554 4018 quod
573 3937 620 4000 bic
659 3939 710 4000 icit
757 3939 878 4015 hristus,
902 3959 944 3999 eac
960 3933 1139 3998 daudmtiu
1154 3936 1252 3999 aar&
1291 3953 1295 3970 ¹

125 4015 266 4154 ppefotp'ui.
282 4015 616 4153 vimfleeii‘m'i'e‘i,
627 4015 787 4154 preprdcppbio
805 4017 1021 4154 {irpiguavoocata
1040 4026 1084 4076 est
1102 4013 1252 4153 cbalppppprt

178 4112 244 4152 n.
341 4112 374 4152 ce
453 4113 597 4154 nama
735 4113 768 4154 os
858 4111 1128 4153 erossrecessus

128 4187 184 4228 eor
201 4167 347 4245 bominis,
378 4180 409 4228 et
425 4113 506 4230 bitis
519 4113 878 4252 valitibusscoquisc‘pueevitia
892 4115 1076 4244 udissimulet,
1103 4167 1251 4230 Dominus

127 4255 227 4304 tamen
252 4266 269 4306 a
292 4244 415 4328 singulis
436 4258 592 4328 extorquet
619 4247 744 4328 aliquam
775 4245 1007 4323 confessiorem,
1038 4257 1072 4306 ut
1101 4244 1251 4328 ingenium

128 4339 214 4384 suum
233 4333 264 4384 et
282 4322 438 4388 intestinos
450 4324 574 4392 affectus
592 4323 693 4410 Qua
712 4325 859 4409 prodant
885 4323 1007 4388 Deinde
1015 4323 1178 4396 reundum
1197 4334 1253 4401 ⁰⁸¹»
