2824 4756
189 285 232 348 et
376 277 528 344 SECTIO
548 275 605 340 111.
644 275 720 340 Iesu
740 288 950 344 mansuesce
969 290 1138 342 cursurus.

181 423 314 504 ⁴Domini
332 442 459 504 persona
478 423 597 495 indutus
617 432 701 482 esset.
740 419 805 480 Hac
830 417 868 482 de
893 443 977 484 causa
1001 422 1126 484 subinde
1150 443 1204 486 nos
1227 423 1265 486 ad
1291 445 1326 486 se

190 501 337 564 Dom'nus
357 512 488 575 revocat,
500 537 502 546 ,
515 521 553 562 ne
573 499 725 560 bominum
744 497 852 557 intuitu
871 497 991 560 vilescat
1009 499 1092 560 verbi
1111 500 1155 561 sui
1178 503 1325 564 maiestas.

190 525 318 640 Rurslm
337 575 384 640 bie
402 577 543 652 videmus,
561 587 595 636 ut
613 573 669 636 sibi
688 574 852 663 nefasesse
869 574 985 650 ducant,
997 589 1147 638 ostensrun
1160 598 1175 636 a
1186 578 1322 638 Domino

189 657 358 738 tbqsaurum
379 652 540 736 negligere.
570 653 645 714 Nam
665 671 698 710 ex
711 660 822 710 notura
839 650 894 710 sibi
913 652 1016 714 tradita
1029 665 1166 734 arguunt,
1186 655 1215 714 in
1229 655 1324 714 Beth-

191 731 288 794 lcbem
309 732 491 811 pergendum
512 750 584 804 esse,
604 739 638 788 ut
651 727 780 808 videant.
819 726 870 788 Sic
890 739 920 788 et
940 749 1085 809 quemque
1110 741 1243 792 nostrum
1263 753 1319 812 pro

190 808 260 868 fidei
277 819 310 886 et
328 805 542 889 intelligentiae
561 825 630 868 suae
650 823 784 866 mensura
803 803 839 876 ad
863 805 1061 886 sequendum,
1080 827 1145 888 quo
1157 805 1247 870 Deus
1267 828 1321 868 vo-

103 933 105 946 .
191 896 255 962 cat,
273 883 436 946 accinctum
457 901 520 944 esse
538 903 591 964 par
611 892 664 940 est
1290 939 1297 954 ἣ

267 966 315 1026 16.
353 959 528 1019 Inuenenau
544 959 690 1022 Mariam.
727 955 799 1016 Erat
816 951 889 1015 illud
908 955 1026 1036 quidem
1052 957 1185 1020 deforme
1205 972 1319 1040 specta-

188 1037 298 1110 culum,
318 1047 349 1096 et
367 1053 428 1116 quo
446 1034 511 1098 solo
530 1045 669 1126 poteraut
687 1033 836 1095 aChristo
856 1031 986 1094 alienari.
1026 1033 1108 1110 Quid
1129 1037 1208 1096 enim
1228 1038 1319 1119 magis

103 1171 106 1176 .
188 1116 357 1196 insipidum,
377 1123 575 1192 quamtotius
595 1109 699 1192 populi
718 1109 832 1193 Regem
852 1110 983 1186 credere,
1003 1113 1054 1190 qni
1074 1131 1112 1172 ne
1130 1113 1231 1174 infimo
1254 1115 1319 1193 qui-

188 1193 255 1254 dem
274 1191 354 1272 vulgi
374 1189 442 1249 loco
464 1189 576 1282 dignus¹
589 1185 744 1248 censetur?
774 1185 859 1269 regni
877 1187 1118 1250 instaurationem
1146 1201 1176 1248 et
1197 1189 1319 1250 salutem

187 1269 225 1332 ab
247 1288 283 1328 eo
304 1285 436 1346 sperare,
450 1286 510 1345 ,qur
530 1285 585 1344 pro
606 1285 657 1326 sua
677 1274 865 1344 egestateet
882 1263 985 1344 inopia
1005 1264 1036 1324 in
1055 1265 1200 1342 stabulum
1220 1266 1317 1326 reiici-

185 1345 253 1408 tur?
291 1340 404 1404 Scribit
421 1353 519 1402 tamen
537 1342 643 1417 Lucas,
664 1339 737 1400 nihil
757 1339 863 1416 borpm
884 1340 1050 1421 pastoribus
1070 1341 1227 1419 obstitisse,
1247 1339 1316 1434 quin

186 1423 288 1484 Deum¹
304 1441 370 1480 cum
390 1418 583 1480 admiratione
603 1416 768 1478 laudarent:
789 1436 896 1496 nempe
917 1417 984 1498 quia
996 1417 1056 1478 Dei
1075 1417 1187 1479 claritas
1205 1431 1318 1498 penitus

188 1499 280 1560 defixa
299 1507 362 1555 erat
381 1495 411 1554 in
432 1515 534 1556 eorum
561 1495 669 1569 oculis,
692 1506 723 1554 et«
740 1492 823 1554 verbi
843 1493 1006 1554 reverentia
1027 1514 1130 1555 eorum
1150 1495 1252 1556 animis
1272 1498 1318 1554 in-

186 1577 252 1648 fixa,
272 1571 412 1654 quicquid
433 1574 462 1631 in
485 1571 605 1640 Christo
624 1570 785 1654 inglorium
803 1579 836 1628 et
855 1571 1078 1653 contemptibile
1097 1573 1229 1634 occurrit
1249 1572 1318 1632 fidei

186 1671 255 1716 suae
275 1648 430 1710 altitudine
447 1647 533 1710 facile
551 1648 770 1709 transcendunt.
808 1646 872 1707 Nec
898 1646 953 1707 alia
974 1668 1042 1708 sane
1069 1668 1152 1710 eausa
1178 1661 1236 1725 est,
1264 1671 1316 1709 cur

1400 957 1404 1040 l

142 1782 148 1800 ,
186 1728 275 1788 fidem
299 1736 430 1786 nostram
458 1725 578 1786 minima
596 1721 900 1817 ‚quaeque‘,scandala
923 1723 971 1784 vel
996 1737 1200 1800 remorentur,
1228 1725 1274 1786 vel
1300 1743 1317 1785 a
1403 1727 1404 1774 l

154 1853 156 1864 .
180 1815 270 1866 -recto
292 1823 377 1862 cursu
397 1813 546 1874 avertant,
574 1823 629 1862 msr
654 1819 771 1881 queam
790 1799 888 1858 Deum
915 1801 1009 1862 miuus
1030 1801 1136 1861 intenti
1157 1801 1240 1863 facile
1261 1803 1317 1861 huc

186 1892 219 1942 et
237 1879 306 1940 illuc
326 1879 479 1960 agitemur.
517 1876 594 1938 Nam
613 1898 671 1938 una
692 1877 761 1938 baec
778 1877 918 1957 cogitatio
932 1876 956 1937 si
968 1898 1068 1938 sensus
1085 1899 1187 1940 omncs
1202 1891 1317 1939 nostros
1363 1933 1389 1951 ,,

111 2021 113 2026 ,
187 1966 359 2038 occuparet,
381 1953 489 2016 babere
508 1975 563 2014 uos
584 1965 696 2014 certum
717 1975 750 2014 ac
770 1952 857 2013 fidele
878 1973 893 2012 e
914 1953 999 2014 coelo
1020 1956 1229 2031 testimonium,
1250 1955 1317 2015 satis
1400 1988 1402 2022 ι

186 2036 269 2095 lirma
289 2031 375 2092 nobis
396 2043 426 2092 et
445 2029 554 2092 stabilis
576 2031 685 2091 fultura
710 2039 788 2090 esset
812 2040 915 2090 contra
935 2043 1023 2092 omne
1047 2032 1244 2115 tentationum
1264 2052 1318 2114 ge·
1366 2105 1369 2110 Ι

181 2133 253 2185 mus,
273 2120 303 2169 et
321 2110 390 2170 satis
409 2107 505 2190 probe
524 2129 579 2170 nos
599 2119 702 2168 contra
722 2105 838 2186 quaevis
857 2105 1037 2167 olsendicula
1056 2108 1192 2168 muniret
1237 2120 1239 2129 ⁴
1276 2143 1279 2149 ·

261 2192 309 2254 17.
356 2183 591 2262 Dtmtgrwmne,
610 2181 647 2244 de
669 2182 762 2244 verbo.
810 2182 914 2242 Fidem
950 2196 1101 2277 pastorum
1130 2181 1316 2246 commendat
1399 2197 1401 2232 ἓ

186 2265 299 2338 Lucas,
325 2281 366 2323 eo
384 2263 464 2342 quod
484 2261 600 2324 sineere
618 2281 674 2344 per
697 2275 800 2322 manus
819 2258 994 2322 tradiderint
1012 2261 1091 2334 aliis,
1116 2262 1195 2342 qnod
1215 2283 1231 2322 a
1249 2261 1317 2321 Do-

184 2341 268 2404 mino
291 2351 482 2421 acceperant:
508 2339 597 2419 idque
616 2349 754 2400 testatum
779 2356 841 2398 esse
867 2344 968 2399 nostra
992 2338 1123 2401 omnium
1144 2359 1225 2399 causa
1244 2339 1316 2398 utile
1401 2331 1404 2402 ἶ

146 2445 152 2454 ·
187 2430 266 2495 erat,
292 2429 327 2478 ut
352 2417 382 2476 in
407 2416 465 2479 fide
491 2427 591 2478 nostra
615 2413 815 2488 confirmanda
839 2415 920 2493 qnasi
939 2415 1103 2478 secundarii
1123 2409 1314 2496 sint‘Ang'eli.

117 2569 139 2580 γ’
185 2495 312 2556 Rursum
332 2494 422 2554 docet
438 2493 549 2568 Lucas,
568 2513 629 2554 non
649 2492 713 2554 sine
733 2491 870 2586 prosectu
882 2511 941 2582 eos
961 2491 1092 2582 vulgasse
1115 2492 1195 2572 quod
1215 2493 1315 2552 audie-

184 2585 261 2634 rant.
299 2571 362 2631 Nec
382 2590 453 2631 vero
474 2570 595 2632 dubium
616 2581 671 2645 est,
691 2591 762 2649 qum
783 2567 943 2628 elficacram
962 2568 1109 2629 Donunns
1130 2589 1234 2630 eorum·
1251 2589 1311 2628 ser-

183 2649 267 2710 moni
287 2647 416 2719 dederit,
437 2667 474 2706 ne
495 2645 625 2707 ludibrio
646 2658 723 2706 esset
740 2645 787 2706 vel
807 2657 1008 2724 sperneretur:
1030 2667 1094 2704 uam
1115 2657 1145 2706 et
1164 2644 1313 2704 bominum
1401 2681 1404 2720 5

183 2725 316 2786 conditio
337 2722 424 2782 fidem
444 2722 585 2796 elevabat,
606 2733 636 2781 et
654 2742 701 2782 res
715 2721 783 2802 'ipsa
802 2719 893 2781 videri
912 2733 1029 2802 poterat
1043 2719 1182 2802 fabulosa.
1203 2719 1312 2780 Verum
1402 2751 1403 2755 ,

182 2801 342 2871 Dominus,
362 2819 433 2878 quas
453 2797 509 2858 illis
528 2799 655 2859 iniunxit
674 2811 781 2878 partes,
800 2797 894 2857 irritas
906 2817 1037 2860 essenon
1060 2799 1175 2879 patitrlr.
1193 2797 1314 2872 ‘Quam-

181 2877 226 2937 vis
245 2887 343 2936 autem
363 2875 490 2934 humano
511 2874 632 2956 ingenio
652 2876 747 2934 minus
766 2872 894 2932 arrideat
913 2873 985 2935 haec
1004 2876 1109 2958 agendi
1127 2876 1315 2967 ratio,·quod

178 2953 331 3014 ‘Dominus
350 2971 405 3033 per
426 2950 559 3013 homines
579 2950 710 3010 infirmos
728 2947 850 3009 verbum
870 2973 953 3010 suurn
973 2953 1035 3013 vult
1055 2952 1163 3026 audiri,
1184 2973 1249 3030 qura
1270 2965 1316 3012 ta-
1406 3017 1407 3030 ,

183 3049 253 3090 men
273 3040 336 3088 tum
361 3029 398 3089 ad
423 3026 631 3106 humiliandam
657 3026 751 3086 carnis
776 3025 959 3108 superbiam,
983 3040 1046 3089 tum
1070 3030 1106 3090 ad
1130 3029 1316 3110 probandum

182 3105 253 3166 fidei
278 3104 452 3186 obsequium
479 3105 612 3183 apposita
637 3102 794 3176 est„Deo
820 3103 876 3182 ipsi
901 3105 1055 3184 probatur.
1095 3100 1186 3182 Quod
1218 3117 1315 3166 auteur

182 3183 327 3242 mirantur
346 3188 460 3255 omnes,
479 3201 568 3241 nemo
589 3192 687 3241 autem
706 3179 811 3260 pedem
831 3193 941 3249 movet,
960 3195 994 3242 ut
1013 3183 1048 3242 ad
1063 3182 1212 3247 Christum
1231 3201 1314 3242 acce-

157 3300 159 3308 ·
183 3260 249 3331 dat,
270 3257 339 3318 binc
358 3257 500 3395 'colligere
520 3257 599 3331 licet,
620 3258 717 3318 audita
731 3255 790 3316 Dei
807 3256 1016 3320 virtute'luisse'
1036 3259 1185 3341 perculsos
1205 3259 1314 3340 ubsque

180 3335 260 3396 serio
287 3336 384 3397 cordis
404 3335 523 3395 alecto.
564 3333 665 3407 Quare
690 3355 751 3394 nou
776 3345 836 3394 tam
860 3333 891 3394 iu
911 3355 1015 3396 eorum
1039 3331 1159 3396 salutem
1179 3339 1313 3418 vulgatus

182 3411 241 3474 tuit
258 3411 306 3472 bic
324 3432 433 3486 sermo,
454 3431 540 3492 quam
560 3423 593 3472 ut
612 3412 704 3472 totius
717 3411 821 3492 populi
835 3411 1036 3473 inexcusabilis
1049 3425 1125 3474 esset
1138 3415 1312 3496 ignorantia.

184 3491 187 3500 ⁴
257 3494 305 3554 19.
339 3487 451 3548 Marica
473 3485 611 3548 seruabat.
656 3489 767 3549 Mariae
792 3487 928 3550 sedulitas
953 3490 985 3549 in
1011 3484 1229 3550 considerandis
1256 3489 1314 3548 Dei

76 3569 79 3582 ’
181 3565 321 3646 operibus
348 3563 418 3625 duas
443 3564 482 3626 ob
511 3585 609 3626 causas
634 3564 723 3626 nobis
748 3566 939 3646 proponitur:
970 3565 1097 3648 primum
1121 3578 1154 3628 ut
1177 3566 1300 3628 sciamus

181 3642 345 3723 depositam
365 3642 452 3702 luisse
472 3642 503 3700 in
523 3641 585 3703 eius
611 3642 701 3702 corde
722 3641 806 3702 buius
825 3640 954 3704 thesauri
979 3643 1155 3718 custodiam,
1181 3655 1213 3702 ut
1232 3608 1313 3722 quod

179 3720 243 3800 ipsa
263 3719 339 3798 apud
357 3738 388 3778 se
401 3720 561 3798 repositum
576 3718 704 3780 habebat
714 3717 777 3779 aliis
789 3739 843 3778 suo
854 3720 1175 3801 tempore-publicaret:
1197 3719 1315 3794 deinde,

138 3825 141 3833 s
178 3807 213 3856 ut
231 3795 360 3856 babeant
379 3815 480 3856 omnes
500 3794 542 3874 pii
561 3796 642 3876 quod
662 3795 814 3856 imitentur
834 3798 1005 3877 exemplum.
1023 3835 1026 3842 ·
1044 3797 1119 3872 Nam
1133 3795 1157 3857 si
1177 3797 1314 3877 sapimus,

179 3871 432 3952 baec'praecipua
456 3872 532 3936 vitas
560 3885 679 3933 nostrae
710 3873 864 3952 occupatio
897 3894 959 3934 esse
991 3872 1081 3934 debet
1109 3893 1313 3952 summumque

179 3949 323 4022 studium,
348 3962 381 4010 ut
405 3948 440 4008 ad
465 3949 628 4028 reputanda
648 3949 705 4008 Dei
730 3970 835 4028 opera,
861 3971 934 4029 quae
954 3951 1041 4010 iidem
1061 3964 1190 4012 nostram
1211 3951 1313 4010 aedefi-

179 4036 257 4099 cant,
271 4025 364 4086 simus
384 4024 497 4086 attenti.
537 4025 634 4086 Porro
653 4027 841 4086 conservande·
866 4027 987 4087 verbum
1013 4028 1049 4088 ad
1074 4029 1244 4089 memoriam
1266 4048 1314 4086 re·

177 4099 284 4160 fertur:
305 4101 474 4174 συμβάλλειν
492 4112 590 4162 autem
609 4105 656 4164 vel
667 4105 807 4182 conferre
822 4105 846 4164 si
870 4103 976 4180 nificat,
997 4103 1109 4187 singula
1130 4099 1313 4186 colligendo,

179 4195 253 4252 quae
272 4179 351 4238 inter
370 4197 402 4237 se
425 4177 461 4238 ad
480 4177 663 4258 probandam
685 4177 798 4241 Christi
822 4123 950 4264 glirium
973 4182 1194 4267 congruebant,
1220 4201 1314 4242 unum

105 4325 106 4330 η
177 4249 269 4310 veluti
295 4275 401 4346 corpus
427 4254 555 4315 efficere.
599 4257 705 4318 Neue
731 4260 809 4317 enim
832 4257 997 4352 prudenter
1023 4260 1187 4340 expendere
1213 4259 1315 4339 potuit

159 4323 286 4405 Maria,
305 4331 376 4410 quad
396 4332 495 4393 omnia
514 4331 599 4394 simul
618 4279 841 4410 valerent,uisr
860 4333 917 4396 alia
936 4333 997 4395 aliis
1018 4337 1212 4396 conferendo.

253 4408 302 4470 2⁰.
342 4407 548 4490 Glonfieenus
570 4433 607 4476 oc
628 4410 781 4476 descedentes
803 4409 911 4474 Deum.
948 4411 1083 4479 Pertinet
1108 4413 1165 4478 boc
1190 4434 1313 4494 quoque

1406 3275 1407 3298 ι

1406 3645 1407 3668 ι

1406 3803 1407 3818 l

1381 3861 1407 3952 ,l

1406 3955 1407 3998 l

1406 4091 1407 4122 l

1342 4262 1345 4276 ’

1332 4718 1337 4734 .
1405 4679 1407 4738 l
