2816 4746
197 226 240 298 ρ’
633 224 689 286 10.
709 224 878 290 cnuvlrn

238 403 242 413 ·
274 373 463 434 Vixit'airnos
480 369 853 463 quinquaginta'qratunr,
873 371 989 435 menses‘
1006 375 1118 448 decem,
1137 375 1198 436 dies
1217 375 1320 449 decern
1399 425 1400 454 ,

198 463 229 512 et
254 463 382 532 septem,
413 448 494 510 cuius
519 448 778 528 spatiitdimidrurn
802 448 832 507 in
857 461 959 510 saneto
983 451 1135 534 Evangelii
1158 452 1320 513 ministerio

195 528 386 607 consumpsit.
423 526 541 586 Statura
561 525 618 597 soit
635 525 785 602 mediocri,
801 523 908 584 colore
925 527 1090 606 subpallido
1105 542 1133 589 et
1149 529 1323 610 nigricante,

197 605 292 666 oculis
318 605 354 664 ad
376 609 512 676 mortem
527 623 631 682 usque
645 601 786 680 limpidis,
811 601 919 680 quique
939 605 1050 684 ingenii
1069 606 1253 688 sagacitatem
1274 618 1321 666 te-

197 693 357 744 starentur:
379 679 458 740 cultu
477 681 609 763 eorporis
629 697 725 756 neque
745 678 824 738 culto
846 699 942 758 neque
961 681 1097 756 sordido,
1117 677 1168 743 sed
1190 683 1239 760 qui
1258 684 1320 744 sin-

92 756 95 766 '
197 759 329 842 gularem
348 756 519 818 modestiam
540 756 670 814 deceret:
691 755 829 821 victusic
849 767 1029 836 temperato,
1049 772 1082 818 ut
1098 780 1117 819 a
1135 759 1269 819 sordibus
1289 770 1321 818 et

196 836 234 896 ab
256 835 337 895 omni
357 835 423 894 luxu
442 832 610 913 longissime
630 830 758 892 abesset:
792 831 852 892 cibi
876 833 1049 911 parcissimi,
1080 846 1113 894 ut
1138 837 1190 915 qui
1207 836 1319 896 'multos
1399 901 1400 908 χ

198 933 291 974 annos
321 910 412 972 semel
438 909 570 989 quotidie
595 907 691 968 cibum
715 908 885 988 sumpserit,
913 912 1067 972 ventriculi
1090 911 1318 973 imbecillitatem

198 1001 343 1050 causatus:
364 989 460 1048 somni
478 1005 572 1065 paene
592 983 709 1058 nullius,
728 985 895 1046 memoriae·
907 986 1101 1061 incredibilis,
1127 1001 1160 1048 ut
1179 1010 1252 1069 quos
1271 1009 1319 1048 se-

195 1065 253 1125 mel
273 1067 427 1146 aspexisset
444 1061 541 1122 multis
560 1074 628 1140 post
647 1064 729 1121 annis
748 1061 843 1122 statim
859 1077 1044 1146 agnosceret,
1063 1077 1093 1124 et
1111 1066 1189 1126 iuter
1207 1065 1319 1127 dictan-

197 1143 266 1202 dum
295 1162 382 1222 saepe
411 1139 524 1216 aliquot
553 1139 640 1199 boras
671 1139 882 1201 interturbatus
918 1141 1014 1201 statim
1040 1142 1076 1202 ad
1103 1143 1210 1202 dictata
1235 1140 1317 1202 nullo
1399 1175 1400 1184 κ

155 1245 158 1257 ·
196 1215 478 1279 commonefaciente
497 1214 617 1295 rediret,
637 1225 667 1273 et
686 1235 798 1288 eorum,
818 1237 893 1294 quae
913 1216 1004 1297 ipsum
1025 1238 1110 1278 nosse
1129 1219 1256 1278 muneris
1275 1218 1320 1278 sui

196 1315 280 1356 causa
298 1296 467 1365 interesset,
491 1290 674 1370 quantumvis
699 1291 912 1372 multiplicibus
930 1303 960 1352 et
979 1293 1105 1354 infinitis.
1118 1296 1243 1376 negotiis
1262 1317 1319 1373 op-

194 1389 497 1454 pressus„,nunquam
516 1380 614 1440 tamma
634 1366 863 1428 oblivisceretur.
899 1369 1023 1445 Iudicii,
1042 1370 1263 1452 quibuscunque
1283 1372 1321 1430 de

195 1447 283 1508 rebus
297 1445 510 1519 consuleretur,
528 1457 587 1506 tarn
607 1441 673 1525 puli
695 1457 725 1505 et
737 1447 837 1517 exacti,
858 1457 891 1505 ut
909 1466 1003 1524 paene
1015 1449 1165 1508 vaticinari
1176 1467 1263 1528 saepe
1282 1447 1321 1507 sit

104 1553 110 1568 ·
196 1525 282 1599 visus,
302 1543 357 1584 nec
377 1521 526 1582 aberrasse
546 1522 743 1597 meminerim,
763 1521 813 1601 q'ui
834 1523 988 1602 consilium
1006 1523 1192 1605 ipsius·esset
1211 1545 1319 1604 sequu-
1399 1555 1400 1602 q

195 1603 250 1660 tu'e
289 1599 454 1660 Facundiae
474 1611 663 1679 contemptor
687 1599 893 1660 etverborum
913 1621 1033 1679 pareus,
1064 1602 1114 1661 sed
1135 1601 1253 1666 minime
1272 1600 1319 1659 in·
1399 1603 1400 1670 J

195 1688 285 1756 eptus,
298 1677 433 1758 scriptor,
454 1687 484 1737 et
503 1696 562 1755 quo
583 1674 678 1748 nullus
698 1676 734 1735 ad
756 1675 832 1735 bunc
852 1677 928 1736 diem
948 1676 1105 1772 theologus
1125 1678 1212 1756 (absit
1224 1677 1317 1740 ,verbo
1399 1709 1400 1712 ¹

193 1753 313 1826 invidia)
333 1753 448 1833 purius,
472 1753 604 1836 gravius,
626 1751 793 1814 iudiciosius
813 1752 939 1832 denique
951 1751 1088 1835 scripsit,
1113 1777 1202 1836 quum
1220 1767 1319 1814 tamen

194 1831 253 1889 ¹tarn
273 1830 364 1890 multa
382 1831 546 1910 scripserit,
565 1849 651 1908 quam
670 1849 758 1889 nemo
779 1829 825 1887 vel
845 1841 952 1890 ¹nostra
970 1832 1017 1892 vel
1036 1843 1152 1912 patrum
1172 1829 1319 1892 memoria.

135 1941 140 1957 ι
194 1907 266 1967 Erat
285 1908 363 1966 enim
383 1907 441 1968 boc
462 1917 659 1986 consequutus
680 1903 787 1986 vigiliis
811 1907 984 1981 iuventutis,
1017 1922 1047 1968 et
1072 1905 1196 1988 quadani
1219 1903 1318 1967 iudicii

194 1985 354 2045 acrimonia
374 1983 503 2044 dictandi
522 1981 730 2042 exercitatione
750 1982 944 2060 confirmata,
964 1996 997 2044 ut
1022 2005 1119 2065 neque
1143 1984 1185 2044 illi
1207 1985 1319 2045 deesset
1347 2044 1353 2050 ,
1399 2045 1400 2048 ,

193 2082 233 2119 un
257 2082 323 2120 uam
353 2061 433 2142 quod
466 2061 600 2143 apposite
631 2070 661 2118 et
682 2058 817 2193 lgraviter
848 2059 975 2134 diceret,
1005 2081 1101 2154 neque
1121 2063 1213 2122 multo
1234 2062 1319 2122 aliter

194 2159 250 2198 scri
275 2150 338 2197 eret
357 2159 444 2218 quarn
463 2136 664 2215 loqueretur„
701 2156 718 2194 n
741 2135 891 2209 doctrina,
910 2157 996 2216 quam
1022 2140 1105 2198 initio
1125 2139 1257 2212 tradidit,
1282 2139 1319 2198 ad

114 2277 116 2281 ,
194 2226 355 2274 extremum
382 2226 518 2275 constans
544 2212 616 2272 nihil
640 2207 759 2292 prorsus
784 2212 961 2288 immutavit,
991 2216 1070 2293 quod
1095 2217 1194 2296 paucis
1219 2226 1319 2275 nostra

193 2292 335 2352 memoria
371 2289 520 2372 theologis
539 2348 540 2356 ,
558 2289 693 2371 contigit.
751 2289 842 2363 Quod
877 2291 912 2350 ad
948 2293 1035 2372 ipsius
1071 2303 1169 2353 m‘ores
1205 2292 1319 2366 attinet,
1399 2361 1400 2370 χ

119 2369 121 2376 '
194 2369 323 2450 quamvis
341 2367 423 2428 illurn
445 2379 546 2428 natura
566 2366 601 2426 ad
620 2367 791 2448 gravitatem
817 2367 957 2442 finxisset,
988 2389 1076 2430 nemo
1099 2381 1196 2429 tamen
1217 2368 1268 2429 illo
1288 2368 1319 2426 in

171 2447 342 2508 communi
362 2445 499 2506 convictu
519 2443 575 2503 fuit
593 2444 722 2524 suavior:
753 2443 785 2502 in
805 2443 933 2506 ferendis
953 2445 1104 2506 bominum
1123 2446 1212 2518 vitiis,
1244 2465 1319 2524 quae
1399 2491 1400 2498 κ

191 2523 366 2584 infirmitatis
386 2535 481 2596 eraut,
500 2521 574 2582 mire
594 2521 651 2580 soit
669 2521 808 2601 prudens,
827 2533 860 2580 ut
879 2543 916 2581 ne
940 2544 976 2582 ue
996 2523 1161 2604 importuna
1181 2522 1321 2604 obiurga·
1397 2561 1398 2571 κ

192 2601 276 2660 tione
305 2600 496 2680 pudefaceret
525 2610 576 2657 aut
605 2599 851 2676 perterrefaceret
880 2543 1045 2660 imbecillos
1076 2600 1319 2678 fratres,-neque

192 2676 260 2736 vitia
287 2675 474 2735 connivendo
498 2672 544 2732 vel
568 2673 714 2733 adulando
740 2674 861 2734 foveret.
903 2675 1086 2736 Adulationis
1112 2687 1207 2735 autem
1228 2687 1258 2734 et
1280 2678 1320 2735 si-

88 2767 93 2788 (
191 2751 376 2823 mulationis,
401 2748 597 2829 improbitatis
624 2750 766 2828 denique,
790 2753 960 2827 praesertim
985 2753 1008 2812 si
1030 2753 1066 2811 de
1082 2753 1230 2834 'religione
1250 2772 1322 2846 ago-

192 2828 294 2901 batur,
318 2829 376 2885 tar'n
398 2825 453 2884 luit
472 2824 562 2884 bostis
581 2845 650 2893 acer
668 2836 699 2884 et
717 2825 890 2901 vehemens,
916 2843 1000 2906 quarn
1019 2830 1163 2904 veritatis,
1181 2829 1321 2910 simplici-

193 2904 279 2977 tatis,
308 2914 338 2961 et
363 2902 496 2962 candoris
522 2915 630 2960 amans.
672 2901 742 2960 Fuit
766 2902 888 2962 omnino
913 2916 1036 2970 naturae
1061 2907 1149 2986 ipsius
1175 2919 1322 2987 tempera-

108 3019 111 3024 ·
194 2991 296 3040 mento
316 2975 459 3050 ὀξὺχὸλος,
485 2977 566 3058 quod
592 2977 691 3036 vitium
717 2978 805 3038 etiam
827 2991 944 3040 auxerat
967 2978 1223 3066 laboriosissimum
1248 2983 1321 3043 illud
1399 3011 1400 3036 1

193 3059 269 3118 vitae
290 3075 397 3137 genus:
423 3055 483 3115 irae
502 3067 599 3115 tamen
620 3055 748 3116 siceum
768 3054 909 3116 docuerat
929 3056 1054 3138 Spiritus
1074 3059 1197 3120 Domini
1216 3061 1321 3120 mode·
1399 3057 1400 3070 ¹

195 3135 271 3208 rari,
302 3143 336 3190 ut
360 3151 398 3190 ne
416 3131 678 3212 verbum‘quidem
702 3133 739 3192 sit
764 3153 797 3192 er
818 3153 854 3192 eo
875 3133 1023 3208 auditum,
1052 3137 1132 3216 quod
1151 3138 1215 3197 viro
1237 3136 1320 3197 bono
1399 3193 1400 3204 ,

194 3209 349 3291 indignum
369 3221 456 3285 esset,
476 3210 585 3268 nedum
604 3221 637 3269 ut
655 3208 772 3291 longius
792 3210 1038 3291 progrederetur,
1058 3233 1113 3276 nec
1133 3226 1245 3273 temere
1265 3215 1322 3274 nisi
1398 3213 1400 3284 j

150 3339 152 3346 .
193 3299 256 3346 tum
276 3290 520 3362 commoveretur,
541 3308 630 3366 quum
651 3286 687 3347 de
706 3285 858 3369 religionis
878 3309 960 3349 causa
980 3310 994 3348 a
1018 3289 1130 3365 ebatur,
1149 3302 1199 3350 aut
1218 3289 1322 3350 adver-

77 3395 102 3442 ,¹
151 3380 154 3399 ¹
194 3385 241 3424 sus
281 3359 440 3422 raesractos
459 3363 592 3423 llomines
612 3362 668 3444 ipsi
686 3364 840 3444 negotium
862 3376 931 3424 erat.
977 3309 1040 3425 'lssot
1058 3377 1210 3445 tantasque
1229 3369 1321 3426 virtu-

195 3451 239 3499 tes
259 3383 339 3498 domi
360 3449 390 3496 et
408 3437 496 3514 foris,
508 3451 582 3500 etam
608 3438 718 3500 multos
739 3441 918 3502 adversarios
937 3441 1073 3512 babuisse
1092 3463 1180 3503 nemo
1201 3443 1321 3504 mirabi-

195 3528 259 3587 tur,
284 3517 333 3594 qui
352 3514 398 3574 vel
423 3535 525 3575 corum
551 3517 628 3576 inter
651 3517 788 3598 profanas
809 3529 912 3599 gentes
937 3517 1087 3580 bominum
1109 3519 1256 3580 historiam
1277 3520 1321 3578 le-

196 3592 288 3675 gerit,
321 3589 369 3670 qni
396 3599 464 3670 prae
488 3591 549 3653 aliis
569 3593 694 3672 aliquam
713 3595 827 3655 virtutis
852 3595 980 3674 speciem
1000 3595 1177 3671 adamarint,
1207 3607 1320 3656 tanturn

194 3669 302 3738 abest„
323 3678 357 3744 qt
381 3667 484 3728 mirum
510 3669 644 3749 cuiquam
662 3669 756 3732 videri
782 3670 903 3746 debeat,
934 3671 1121 3732 fortissimum
1147 3684 1208 3732 turn
1234 3695 1319 3733 sanae

153 3819 157 3824 ι
197 3745 348 3805 doctrinae
368 3741 571 3822 defensorem,
591 3759 660 3822 ¹tum
685 3761 775 3840 purae
792 3747 872 3808 vitae
897 3759 1073 3808 sectatorem
1099 3749 1178 3810 domi
1199 3761 1229 3809 et
1248 3751 1321 3811 foris

196 3835 253 3882 tarn
286 3820 392 3880 acriter
424 3834 625 3904 oppugnatum
659 3823 755 3884 luisse.
814 3824 874 3884 Sed
908 3823 966 3888 boc
1000 3826 1096 3904 potius
1128 3826 1320 3886 admiratione

166 3897 316 3990 ‘dignum
336 3907 394 3971 est,
419 3897 538 3957 unicum
559 3898 707 3960 bominem
731 3912 867 3980 tanquam
887 3900 1045 3963 Heroulem
1067 3903 1210 3982 quendam
1233 3902 1321 3963 Chri-

196 3986 319 4035 stianum
336 3984 385 4032 tot
395 3972 545 4033 domandis
565 3977 703 4036 monstris
722 3977 856 4038 sufficere
876 3978 1017 4114 potuisse,
1038 3999 1143 4060 nempe
1164 3980 1320 4040 fortissima
1399 3995 1400 4000 ’

197 4051 246 4110 illa
266 4051 360 4124 clava,
380 4049 408 4109 id
430 4061 488 4124 est,
508 4043 568 4110 Dei
586 4051 677 4112 verbo
698 4066 840 4114 utentems
895 4067 981 4134 taque
1002 4067 1075 4135 quot
1094 4057 1124 4120 ei
1142 4056 1320 4124 adversarios

197 4125 286 4186 Satan
318 4126 450 4186 excitavit
477 4127 589 4206 (nullos
613 4129 690 4186 enim
715 4132 828 4190 iotam
854 4131 1071 4194 multis'liostes
1103 4130 1175 4203 alios
1208 4127 1321 4208 babuit,

219 4222 286 4290 uam
303 4203 353 4280 qui
377 4202 481 4294 pietati
505 4215 534 4264 et
562 4203 708 4286 honestati
728 4204 836 4266 bellum
857 4208 1054 4284 indixissent),
1084 4219 1132 4268 tot
1156 4229 1241 4269 servo
1264 4229 1319 4269 suo

229 4296 342 4337 omanus
360 4280 548 4340 victoriarum
567 4292 688 4362 tropaea
709 4283 815 4344 defixit.
843 4285 1032 4351 Haereticam
1051 4284 1099 4345 isti
1119 4285 1230 4346 faciunt
1251 4286 1321 4348 Cal·

196 4351 307 4415 vinum:
338 4354 509 4438 quasivero
535 4379 597 4434 noo
621 4359 739 4425 sithoc
766 4361 852 4426 etiam
879 4361 997 4437 nomine
1017 4361 1166 4427 damnatus
1188 4361 1321 4428 Christus

479 4621 492 4650 l
