2786 4742
55 303 60 310 ,
176 253 245 354 Ι111
332 309 338 318 ,
518 244 670 316 SECT10
691 245 760 309 vn.
798 247 984 309 idraaeuna
1094 224 1100 236 ⁸

179 397 327 474 ‚vescitur
358 405 553 484 praeceptor
582 399 710 462 vester?
751 395 800 462 ta.
827 395 870 460 Ar
896 396 1005 472 lesus,
1039 363 1143 481 quum
1164 390 1306 472 audisset,

185 497 265 566 dixit
282 496 357 576 illis,
376 497 455 564 Non
476 517 560 586 opus
580 495 789 585 habensqui
806 493 907 562 validi
919 506 1001 575 sunt,
1020 495 1157 574 medico,
1175 493 1235 560 sed
1254 495 1307 580 qni

183 597 269 666 male
290 596 420 666 babent
461 599 513 665 13.
537 597 629 685 Quin
649 599 759 683 potius
778 599 832 676 ite,
854 606 887 661 et
908 595 1022 662 discite
1044 596 1123 683 quid
1142 599 1193 675 sit,
1212 589 1306 660 Mise-

183 697 356 766 ricordiam
376 697 472 780 volo,
503 709 536 764 et
556 719 625 764 non
645 697 853 762 sacrificium:
883 717 952 762 non
967 699 1066 770 ,enim
1084 698 1160 764 veni
1186 695 1228 761 ad
1253 717 1306 764 vo.-

184 799 322 866 candum
342 803 453 881 iustos,
474 799 534 866 sed
552 793 740 886 peccatores
763 797 805 864 ad
825 801 1065 885 poenitentiam.

265 929 407 1026 MARC.
426 935 465 1000 IL
508 933 558 999 13.
578 933 621 999 Et
642 955 789 1020 egressus
812 943 860 997 est
884 954 995 998 rursus
1016 931 1059 997 ad
1077 951 1173 1009 mare,
1194 930 1305 995 omnis

182 1057 248 1126 que
268 1035 365 1104 turba
385 1030 541 1100 veniebat
561 1031 604 1100 ad
626 1055 715 1112 eum,
741 1055 780 1097 ac
802 1031 943 1100 docebat
964 1054 1031 1099 eos.
1079 1031 1129 1098 14
1148 1029 1192 1098 Et
1213 1053 1304 1118 quum

181 1139 375 1225 praeteriret
393 1137 499 1228 Iesus.
525 1134 608 1200 vidit
627 1135 710 1201 Levi
729 1133 871 1222 Alphaei
891 1132 994 1200 tilium
1013 1131 1180 1198 sedentem
1202 1131 1244 1208 ad
1262 1142 1304 1196 te·
1368 1143 1369 1216 ξ

180 1235 321 1320 lonium,
349 1225 383 1304 et
404 1240 449 1302 ait
468 1234 532 1316 illi,
558 1233 705 1324 Sequere
726 1257 793 1301 ane:
819 1237 912 1322 isque
933 1254 1066 1318 surgens
1085 1241 1242 1318 seqturtus
1260 1239 1306 1296 ost

181 1359 264 1404 eum.
306 1337 356 1407 15.
383 1337 426 1404 Et
452 1337 571 1402 factum
603 1348 664 1417 est,
692 1359 790 1425 quum
813 1335 1016 1416 accumberet
1040 1336 1075 1398 in
1097 1331 1193 1399 domo
1214 1331 1305 1416 illius,
1368 1387 1369 1412 1

178 1438 274 1509 mtrlti
294 1443 389 1506 etiam
409 1437 577 1524 publicani
599 1447 632 1503 et
651 1448 842 1523 peccatores
869 1436 964 1504 simul
984 1432 1216 1523 discubuerunt
1236 1456 1303 1499 curn

178 1539 255 1606 lesu
274 1549 307 1604 et
328 1537 494 1625 discipulis
517 1541 601 1605 eius:
623 1541 811 1604 erautenim
832 1537 933 1618 multi,
953 1539 1009 1625 qui
1029 1535 1159 1620 sequuti
1180 1534 1304 1600 fueraut

179 1661 264 1708 eum.
281 1638 354 1706 sto,
378 1638 422 1706 Et
442 1638 577 1707 Scribae
605 1661 643 1702 ac
663 1637 843 1716 Pharisaei,
869 1659 965 1726 quum
986 1637 1143 1732 vidissent
1163 1656 1235 1700 eum
1256 1657 1305 1700 ca-

114 1819 117 1829 ,
176 1743 320 1826 piantem
340 1737 448 1806 cibum
469 1763 541 1806 cum
561 1737 747 1826 publicanis
769 1749 803 1803 et
823 1737 1064 1825 peccatoribus,
1081 1737 1238 1822 'dicebant
1258 1738 1305 1803 di·

176 1837 311 1926 scipulis
330 1841 412 1918 eius,
433 1840 527 1936 Quid¹
544 1850 601 1919 est,
622 1838 712 1929 quod
734 1861 805 1904 cum
826 1837 1009 1925 publicanis
1030 1849 1062 1904 et
1081 1837 1303 1925 peccatoribus

178 1938 247 2006 edit
268 1959 307 2022 ao
325 1937 428 2006 bibiti
469 1941 520 2006 17.
550 1941 624 2020 Ηοο
644 1938 755 2006 audito
777 1930 868 2005 le'sus
889 1943 934 2006 ait
953 1939 1032 2020 illis,
1049 1940 1127 2006 Non
1147 1962 1230 2027 opus
1249 1940 1302 2004 ba·

175 2039 272 2124 beot,
299 2045 357 2129 qui
379 2039 481 2107 validi
502 2051 587 2120 sunt,
613 2039 758 2120 medico,
788 2039 847 2106 sed
870 2041 927 2128 qui
947 2039 1030 2107 male
1057 2039 1186 2108 habent.
1226 2043 1300 2120 Non

175 2145 253 2212 reni
274 2142 316 2209 ad
336 2128 522 2209 vocandum
538 2143 652 2220 iustos,
669 2140 729 2208 sed
749 2152 937 2227 peccatores
959 2141 1001 2208 ad
1021 2147 1259 2232 poenitentiam.

258 2272 362 2344 LUC·
384 2277 425 2342 V.
468 2277 518 2344 27.
545 2275 588 2342 Et
609 2275 787 2364 posthaec
808 2279 897 2358 exiit,
929 2299 968 2342 ac
990 2277 1297 2366 viditpublicanum

174 2380 307 2448 nomine
328 2379 411 2444 Levi
429 2376 598 2448 sedentem
620 2376 661 2441 ad
683 2376 850 2459 telonium,
873 2390 905 2468 et
926 2382 970 2445 ait
990 2377 1049 2460 illi,
1070 2380 1215 2468 Sequere
1239 2401 1294 2446 ma

173 2483 226 2548 28.
247 2483 355 2572 Atque
376 2482 403 2545 is
423 2478 543 2544 relictis
566 2477 715 2546 omnibus
736 2492 890 2570 sequutus
906 2489 955 2545 est
972 2501 1053 2545 eum.
1093 2483 1144 2547 29.
1163 2482 1207 2548 Et
1225 2481 1297 2548 iecit

173 2581 227 2650 illi
247 2569 431 2648 cenuvium
451 2601 599 2666 magnum
610 2580 692 2645 Levi
710 2582 744 2647 in
759 2582 857 2650 domo
877 2603 943 2661 sua,
964 2592 997 2647 et
1010 2591 1077 2654 erat
1095 2580 1296 2656 turbamulta

173 2680 431 2772 publicanorum
445 2689 478 2744 et
499 2679 722 2766 aliorumqni
743 2705 814 2748 cum
835 2682 900 2748 illis
922 2681 1163 2762 accumbebant
1187 2687 1247 2750 30>
1257 2685 1296 2749 Et
1368 2665 1369 2734 s

172 2779 415 2866 murmurabant
435 2777 568 2845 Scribae
599 2791 632 2845 et
652 2779 817 2847 Pharisaei
845 2782 998 2850 adversus
1027 2783 1201 2871 discipulos
1221 2788 1296 2864 eius,

170 2883 335 2959 ‚dicentes
367 2881 481 2967 Quare
517 2903 589 2974 cum
616 2877 798 2967 publicanis
830 2894 863 2948 et
889 2884 1114 2972 peccatoribus
1141 2885 1235 2952 editis
1259 2908 1296 2952 ac

172 2981 303 3074 bibitis?
343 2982 395 3046 31.
415 2981 458 3046 Et
477 2981 681 3071 respondens
702 2983 791 3048 lesus
813 2983 892 3050 dixit
913 2985 955 3051 ad
975 2980 1065 3065 illos,
1091 2987 1168 3052 Non
1194 2998 1295 3076 egent,
1368 2971 1369 2990 ¹

172 3087 230 3172 qui
250 3083 321 3148 sani
341 3090 429 3161 sunt,
450 3081 593 3162 medico,
618 3081 679 3148 sed
701 3085 757 3172 qui
777 3084 860 3158 male
881 3082 1011 3152 habent.
1058 3079 1108 3154 32.
1127 3086 1204 3154 Non
1221 3087 1295 3156 seni

115 3273 117 3280 X
173 3183 216 3250 ad
232 3182 414 3249 vocandum
435 3185 545 3262 iustos,
566 3183 626 3250 sed
645 3195 834 3274 peccatores
856 3185 897 3254 ad
918 3190 1158 3275 poenitentiam.

168 3401 172 3408 ·
245 3371 351 3434 Mattb.
369 3379 398 3438 9.
440 3371 526 3434 Vale
548 3371 688 3436 sederam
712 3374 764 3438 od·
780 3376 926 3438 ¹telonium.
979 3379 1069 3454 Quod
1088 3379 1292 3443 Matthaeusa

171 3451 285 3514 telonio
305 3449 472 3530 (quilocus
492 3453 600 3532 rapinis
621 3464 651 3513 et
669 3454 784 3516 iniustis
805 3455 1005 3518 exactionibus
1026 3457 1141 3518 deditus
1162 3478 1224 3519 esse
1243 3479 1292 3520 so-

169 3530 322 3606 let„tuuc
342 3547 412 3587 vero
430 3530 553 3589 maxime
572 3530 687 3592 inlatuis
708 3534 784 3608 crat)
809 3552 872 3593 non
895 3533 986 3593 modo
1011 3533 1042 3593 in
1068 3534 1291 3596 contubernium
1368 3601 1369 3604 Ἴ

171 3605 282 3667 Christi
301 3604 451 3740 recipitur,
469 3605 520 3666 sed
541 3607 628 3666 etiam
648 3608 684 3668 ad
703 3630 808 3669 munus
828 3606 1035 3690 Apostolieum
1054 3623 1184 3684 vocatur,
1204 3613 1233 3672 in
1254 3631 1289 3673 eo
1368 3637 1369 3640 ¹

168 3682 309 3744 habemus
330 3680 355 3740 il
368 3692 447 3740 ustre
466 3683 583 3762 ,gratiae
606 3685 665 3744 Dei
688 3685 842 3766 exemplar.
886 3687 989 3748 Voluit
1012 3687 1125 3748 scilicet
1150 3688 1290 3765 Christus,

167 3779 232 3820 non
250 3758 346 3822 solum
364 3758 469 3828 idiotas
489 3770 519 3818 et
534 3781 648 3822 crassos
668 3760 801 3822 homines
820 3763 852 3822 in
871 3763 953 3824 illum
966 3763 1100 3824 ordinem
1118 3763 1239 3848 eligere,
1258 3776 1290 3826 nt
1368 3791 1369 3824 t

166 3835 338 3918 sapientiam
357 3834 459 3894 muudi
472 3833 622 3912 deiiceret,
639 3839 691 3898 sed
712 3837 919 3919 huncquoque
939 3841 1135 3920 publicanum,
1155 3843 1205 3922 qui
1215 3843 1289 3904 vitae
1368 3867 1369 3920 ᾗ

165 3930 260 3994 genus
290 3911 385 3973 minus
411 3910 580 3992 probatum¹
595 3925 625 3974 et
648 3915 733 3976 variis
759 3915 934 3996 corruptelis
957 3915 1129 3997 implicitum
1153 3913 1289 4000 sequutus
1368 3921 1369 3974 i

167 4000 240 4063 erat,
259 3999 293 4048 ut
312 3989 461 4069 specimen
473 4002 549 4049 essct
559 3989 703 4084 gratuitae
722 4008 789 4053 suae
811 3991 960 4070 bonitatis,
979 3996 1158 4074 doceretque
1170 3985 1208 4055 ‘iu
1227 3997 1288 4058 eius
1368 4039 1369 4054 .

164 4083 306 4141 persona,
336 4077 465 4126 nostram
498 4085 628 4127 omniurn
656 4069 841 4128 vocatiouem
866 4071 1132 4136 nonu-iustitiae
1153 4073 1289 4152 propriae

162 4139 291 4214 meritis,
320 4141 371 4210 sed
404 4161 438 4202 ex
468 4162 548 4219 mera
576 4165 628 4204 sua
650 4142 824 4208 liberalitate
848 4147 988 4226 pendere„
1023 4147 1104 4229 Ergo
1125 4149 1288 4210 Matthaeus
1368 4157 1369 4174 ¹

121 4263 125 4274 .
163 4211 359 4306 exhibitae'in
382 4217 502 4279 Christo
521 4221 632 4300 gratiae
651 4241 713 4279 non
733 4221 822 4281 modo
842 4222 923 4282 testis
943 4235 973 4282 et
992 4225 1110 4304 praeco,
1128 4224 1178 4285 sed
1199 4223 1287 4284 etiam

161 4295 363 4352 tesnmonrbm
382 4305 412 4353 ct
430 4306 517 4378 typus
538 4297 601 4357 fuit.
646 4296 710 4355 Iam
729 4295 761 4356 in
782 4316 818 4359 eo
837 4300 1042 4380 gratitudinem
1056 4321 1141 4366 ¹suam
1161 4299 1288 4360 demon·

47 4365 53 4377 “
161 4371 251 4438 strat,
273 4367 353 4443 quod
373 4387 441 4430 eura
459 4373 599 4460 mandare
617 4383 778 4452 perpetuae
797 4375 955 4436 memoriae
974 4395 1035 4444 non
1062 4377 1166 4456 pudet,
1189 4375 1285 4458 qpalis
