2786 4742
106 187 110 196 .
190 225 249 292 tto
524 218 677 284 secolo
696 219 772 282 vlt.
808 215 994 282 hireneum.

192 377 257 434 tem
278 365 358 448 dica,
377 391 476 458 quum
497 370 662 436 auferetur
679 365 722 434 ah
745 371 793 434 eis
811 389 957 456 sponsus,
979 379 1012 435 et
1031 378 1109 434 tunc
1128 365 1324 436 iefuaahunt

192 470 228 536 in
248 466 460 560 illisdiebus
499 471 552 538 21.
572 471 615 536 Et
634 489 731 537 nemo
756 480 968 536 assumentum
990 471 1091 556 panni
1109 469 1201 534 rudis
1223 473 1324 534 assuit
1368 491 1369 498 ¹

193 571 385 636 vestimento
406 575 525 639 veteri:
551 572 674 658 alioqui
703 569 808 636 aufert
828 569 1086 666 supplementum
1107 571 1177 636 eius
1201 592 1323 638 novum

195 671 343 749 avetiri,
365 679 397 736 et
417 675 512 759 peior
523 673 561 739 iit
581 675 726 738 scissura.
768 673 817 736 22.
839 671 881 737 Et
900 691 996 737 nemo
1018 674 1113 736 mittit
1132 673 1245 736 vinum
1265 693 1324 736 no
1369 753 1370 762 ἵ

193 791 270 834 vum
289 771 324 835 in
345 781 434 838 utres
454 771 590 854 eeteros,
611 773 735 860 alioqui
754 774 1028 861 rumpit'mustnm
1050 783 1146 850 utres,
1169 774 1321 837 etvinunr
1369 763 1370 846 ἶ

196 867 385 950 effunditur,
408 885 441 940 et
461 885 549 942 utres
569 885 727 963 pereunte
747 871 807 938 sed
827 875 937 940 vinum
958 893 1078 939 novum
1097 861 1134 936 in
1155 883 1246 938 utres
1267 895 1322 940 no-

140 1007 144 1020 »
196 991 256 1036 vos
277 973 476 1041 mittendum.

196 1109 200 1118 ‘
279 1105 382 1176 LUC.
403 1111 445 1176 V.
486 1111 538 1177 33.
558 1111 602 1176 At
621 1107 671 1176 illi
695 1108 844 1176 dixerunt
865 1105 907 1174 ad
930 1127 1017 1188 eum,
1039 1097 1151 1193 Quare
1173 1105 1322 1194 discipuli

84 1251 91 1264 .
195 1203 329 1274 loannis
349 1211 494 1279 ieiunant
514 1212 717 1300 frequenter,
739 1221 771 1276 et
792 1208 1035 1276 obsecrationes
1056 1207 1191 1288 faciunt,
1215 1209 1323 1274 simili·
1369 1211 1370 1218 ’

197 1313 249 1372 ter
269 1319 302 1375 ct
321 1311 577 1394 Pharisaeorum,
597 1316 645 1379 tui
665 1334 746 1379 vero
769 1311 870 1377 edunt
885 1309 923 1376 'et
943 1307 1079 1374 bibunt?
1119 1309 1170 1374 34
1195 1309 1322 1395 Quibus

196 1408 269 1493 ipse
289 1413 347 1494 ait,
367 1415 454 1480 Num
474 1416 610 1502 potestis
629 1413 753 1493 faeere,
780 1423 816 1478 ut
837 1410 899 1478 filii
919 1409 1064 1488 thalami,
1083 1409 1160 1516 dupe
1184 1423 1233 1476 cst
1255 1435 1322 1476 cum

197 1509 266 1578 illis
285 1535 438 1600 sponsus,
467 1518 632 1582 ieiunent?
683 1517 736 1580 35.
762 1515 907 1580 Venient
936 1521 1042 1576 autern
1068 1511 1153 1593 dies,
1174 1523 1206 1578 et
1227 1537 1321 1602 quum

199 1609 327 1678 ablatus
354 1614 453 1682 fuerit
480 1615 522 1682 ab
549 1615 614 1682 illis
638 1637 795 1702 sponsus,
824 1625 902 1679 tunc
931 1610 1123 1678 ieiunabunt
1148 1617 1182 1678 in
1210 1615 1322 1683 diebus
1370 1691 1371 1700 ἵ

198 1711 279 1778 stlte
314 1715 526 1784 aonicehac
547 1728 653 1785 eutem
678 1729 710 1783 et
728 1714 968 1782 similitudinem
991 1712 1032 1778 ad
1055 1735 1125 1793 eos,
1144 1713 1252 1783 Nemo
1271 1721 1322 1783 im·

198 1817 364 1882 murem
384 1822 567 1885 vestimenti
587 1820 665 1884 novi
687 1821 780 1883 mittit
801 1821 835 1884 in
847 1821 1183 1896 vestimentumvetus,
1205 1817 1322 1906 alioqui

138 1951 150 1964 ·
199 1925 233 1980 et
252 1936 373 1982 novum
393 1923 521 2006 rumpit,
542 1929 574 1984 et
594 1921 697 1982 veteri
717 1939 786 1984 non
806 1922 958 1984 convenit
977 1919 1153 1982 immissura
1170 1939 1209 1983 cx
1229 1941 1320 1986 novo.

198 2017 263 2109 37.ι
279 2019 323 2085 Et
341 2040 438 2087 nemo
459 2023 554 2087 mittit
572 2020 681 2084 vinum
703 2040 822 2085 novum
850 2022 884 2086 in
911 2030 1000 2085 utres
1028 2030 1173 2086 veteres:
1204 2018 1321 2108 alioqui

196 2130 329 2206 rumpet
347 2125 457 2199 vinum
484 2143 606 2188 novum
634 2132 739 2199 utres,
767 2133 800 2187 et
825 2123 931 2209 ipsum
957 2119 1158 2198 effundetur,
1186 2131 1220 2186 et
1240 2133 1320 2186 utres

199 2219 363 2307 peribunt.
389 2223 453 2289 ¹88.
479 2221 546 2288 Sed
568 2225 677 2287 vinum
706 2244 826 2289 novum
853 2227 887 2290 in
907 2233 995 2288 utres
1015 2242 1119 2288 novos
1140 2223 1319 2288 mittendum

199 2332 264 2404 est,
281 2333 320 2390 et
343 2334 481 2411 utraque
502 2332 742 2390 conservantur.
783 2325 834 2390 39.
860 2324 903 2389 Et
925 2344 1030 2402 nemo,
1054 2325 1109 2410 qui
1124 2315 1253 2406 vbiberit
1272 2346 1318 2390 ve·
1371 2405 1372 2424 Χ

76 2485 78 2495 .
199 2434 262 2511 tus,
283 2428 389 2528 statim
409 2424 479 2492 vult
495 2446 632 2492 novum:
654 2425 734 2492 dicit
751 2427 848 2504 enim,
873 2423 973 2489 Vetus
992 2421 1108 2490 melius
1126 2435 1185 2490 est

277 2584 382 2648 Matth.
403 2591 449 2653 14
490 2584 579 2646 Tuae
596 2583 703 2645 adame
723 2606 789 2644 eum
812 2580 948 2658 discipuli
965 2579 1098 2642 Ioannes.
1140 2581 1234 2646 Lucas
1252 2583 1319 2645 Pha·
1355 2647 1359 2670 ¹

200 2657 310 2721 risaeos
338 2662 452 2723 inducit
481 2660 653 2742 loquentes,
682 2663 798 2723 Marcus
827 2660 944 2721 ridetur
972 2671 1114 2739 utrosque
1139 2663 1319 2722 coniurare

200 2736 265 2797 Nec
284 2750 365 2798 certe
386 2737 506 2798 dubium
526 2749 581 2814 est,
601 2739 672 2818 quin
692 2737 750 2798 hoc
772 2737 895 2799 artifieio
915 2735 982 2796 mali
1026 2755 1041 2796 e
1061 2737 1238 2800 eonatisint
1250 2681 1320 2800 lha-

136 2833 147 2862 ⁴
200 2813 303 2887 risaei,
327 2815 358 2873 in
378 2826 476 2896 partes
494 2835 559 2875 suas
578 2815 725 2876 attrahere
744 2815 863 2874 Ioannis
883 2813 954 2874 disci
977 2837 995 2874 u
1008 2835 1055 2887 os,
1083 2815 1162 2873 etin
1182 2827 1320 2877 certamen

202 2889 389 2950 committere
409 2913 475 2950 curn
497 2890 608 2953 Christi
627 2890 794 2972 discipulis„
826 2835 994 2969 Similitudo
1021 2890 1052 2950 in
1077 2889 1213 2969 precibus
1232 2905 1263 2953 et
1285 2894 1322 2952 ie·

200 2963 289 3025 inuiis
322 2965 484 3046 plausibilis
516 2979 579 3028 erat
608 2968 756 3029 societatis
788 2966 940 3032 illecebrat
973 2966 1084 3030 diversa
1103 2979 1199 3028 autem
1220 2967 1322 3032 Christi

201 3041 278 3102 ratio
298 3038 423 3105 mordis
444 3055 474 3104 et
492 3045 547 3104 sihi
572 3044 694 3104 nimium
711 3044 842 3118 ¹addictis
863 3044 1030 3105 hominihus
1050 3043 1157 3104 dissidii
1182 3057 1211 3106 et
1230 3044 1321 3108 simul-

202 3117 271 3178 tatis
297 3120 413 3182 occasio
441 3132 513 3181 erat.
557 3121 626 3182 Hoc
651 3121 785 3258 exemplo
808 3137 974 3195 monemur,
993 3121 1154 3201 prudenter
1171 3123 1321 3184 cavendum

204 3213 283 3270 esre,
308 3216 347 3255 ne
367 3196 424 3258 levi
444 3197 540 3277 aliquo
584 3209 711 3258 raetextu
753 3197 892 3260 iscordias
912 3197 991 3270 inter
1010 3219 1065 3260 nos
1084 3196 1321 3280 serantimprohi

204 3280 237 3332 et
254 3271 341 3331 astuti
359 3271 503 3334 homines.
575 3274 633 3335 irus
673 3274 789 3337 rosceto
809 3274 956 3338 struendis
975 3274 1079 3336 talibus
1098 3274 1208 3336 insidiis
1228 3275 1321 3336 artifex

202 3356 248 3408 est
266 3345 371 3409 Satan:
396 3369 451 3410 nos
470 3370 540 3411 vero
562 3351 599 3411 de
619 3295 670 3412 nil

203 3423 364 3488 carendum
389 3436 447 3500 est,
473 3446 512 3486 ne
537 3427 576 3488 ob
604 3429 678 3490 ritus
697 3441 834 3490 externos
852 3427 1001 3490 scindatur
1020 3427 1088 3488 fidei
1108 3437 1319 3504 consensus,et

202 3511 357 3582 rumpatur
375 3501 501 3564 caritatis
521 3503 677 3567 vinculum.
716 3508 785 3568 Hoc
803 3504 910 3567 morbo
932 3504 1066 3580 laborant
1085 3505 1154 3566 fere
1167 3525 1276 3578 omnes,
1292 3515 1318 3564 ut

202 3577 378 3643 ceremoniis
399 3588 429 3638 et
448 3578 600 3642 elementis
619 3584 722 3645 mundi
742 3583 830 3661 (sieut
849 3579 955 3643 Paulus
973 3593 1061 3644 vocat
1080 3581 1147 3644 Col.
1166 3589 1196 3659 2,
1213 3588 1241 3648 8
1260 3577 1316 3642 Gal.

202 3663 233 3732 4,
252 3661 293 3733 9.)
317 3655 381 3748 plus
401 3674 496 3737 aequo
517 3657 664 3720 tribuente
688 3661 788 3741 itaque
813 3659 906 3739 prima
932 3658 1096 3720 rudimenta
1114 3679 1243 3720 summae
1259 3677 1316 3738 per-

189 3733 328 3794 vfectionr
348 3732 555 3814 utplurimum
575 3737 725 3816 praeferre
746 3756 806 3796 non
820 3736 964 3796 dubitant
1000 3736 1126 3796 Accedit
1136 3736 1241 3806 deinde
1251 3729 1314 3796 athi

203 3809 314 3870 malum
333 3831 368 3871 ex
386 3811 558 3871 morositate
579 3826 609 3874 et
628 3814 714 3890 fastu,
734 3811 814 3894 quod
834 3812 941 3895 singuli
960 3824 1054 3874 totum
1075 3813 1216 3872 mundum
1234 3811 1312 3872 liben-

202 3896 251 3946 ter
270 3887 307 3947 ad
325 3899 409 3947 suuni
430 3907 510 3948 exem
534 3888 593 3950 lum
613 3891 775 3975 adigerent
814 3889 849 3948 Si
869 3889 937 3969 quid
958 3889 1045 3950 nobis
1069 3889 1234 3966 allubescit,
1257 3904 1312 3968 pro·

201 3963 284 4022 tinus
304 3965 435 4057 cupimus
459 3964 491 4024 in
509 3911 622 4048 begem
646 3967 788 4041 transire,
819 3977 853 4026 ut
877 3967 926 4027 alii
950 3976 1053 4029 nostro
1078 3966 1201 4026 arbitrio
1225 3965 1311 4026 vivant·

205 4038 307 4128 Quum
326 4039 370 4101 his
380 4041 506 4102 Satanae
526 4041 635 4122 laqueis
655 4056 756 4124 captos
776 4044 864 4104 fuisse
882 4042 1004 4104 loannis
1024 4042 1181 4123 discipulos
1199 4041 1311 4126 legium

202 4134 329 4246 prunum
342 4117 494 4196 diseamus,
513 4121 697 4182 sanctitatem
717 4142 777 4181 non
790 4119 898 4180 locare
917 4120 947 4179 in
967 4119 1055 4181 rebus
1076 4119 1202 4180 externis
1222 4129 1250 4178 et
1264 4131 1312 4174 mt-

225 4209 269 4275 qs‚
289 4201 319 4249 et
338 4193 424 4254 simul
444 4194 560 4256 frenum
580 4197 792 4258 moderationis
811 4206 842 4256 et
860 4196 1012 4277 aequitatis
1031 4197 1118 4257 nohis
1136 4195 1267 4266 iniicere,
1283 4203 1312 4247 nt

203 4260 276 4321 ahos
294 4280 401 4353 nostro
419 4272 543 4334 arbitrio
559 4273 727 4366 petriugere
747 4283 928 4365 expetamus,
946 4271 998 4332 sed
1017 4293 1068 4335 sua
1087 4272 1248 4353 quibusque
1264 4285 1312 4326 me·

204 4347 276 4398 neat
293 4337 422 4411 hhutas.
459 4349 509 4415 De
526 4349 640 4416 ieiunio
659 4361 690 4414 et
708 4349 846 4432 precihus
864 4348 907 4418 rie
927 4346 1094 4418 habendum
1113 4359 1167 4430 est,
1184 4347 1310 4412 tenuem

671 3353 711 3414 ilo
731 3351 845 3414 turbari
862 3350 948 3411 facile
969 3363 1021 3414 est.
1065 3351 1240 3413 Praesertim
1257 3371 1320 3411 vero
