<?xml version="1.0" encoding="UTF-8"?>
<!DOCTYPE html PUBLIC "-//W3C//DTD XHTML 1.0 Transitional//EN"
    "http://www.w3.org/TR/xhtml1/DTD/xhtml1-transitional.dtd">
<html xmlns="http://www.w3.org/1999/xhtml" xml:lang="en" lang="en">
 <head>
  <title>
</title>
<meta http-equiv="Content-Type" content="text/html;charset=utf-8" />
  <meta name='ocr-system' content='tesseract 3.04.00' />
  <meta name='ocr-capabilities' content='ocr_page ocr_carea ocr_par ocr_line ocrx_word'/>
</head>
<body>
  <div class='ocr_page' id='page_1' title='image "./innovumtestamen01tholgoog_0166.png"; bbox 0 0 2824 4756; ppageno 0'>
   <div class='ocr_carea' id='block_1_1' title="bbox 279 185 1261 344">
    <p class='ocr_par' dir='ltr' id='par_1_1' title="bbox 279 185 1261 344">
     <span class='ocr_line' id='line_1_1' title="bbox 279 185 1261 344; baseline -0.014 -48"><span class='ocrx_word' id='word_1_1' title='bbox 279 257 281 273; x_wconf 79' lang='lat'>¹</span> <span class='ocrx_word' id='word_1_2' title='bbox 384 228 532 300; x_wconf 76' lang='lat'><strong>(25-26,</strong></span> <span class='ocrx_word' id='word_1_3' title='bbox 552 225 633 290; x_wconf 85' lang='lat' dir='ltr'><strong>lesus</strong></span> <span class='ocrx_word' id='word_1_4' title='bbox 651 185 725 310; x_wconf 84' lang='lat' dir='ltr'><strong>puer</strong></span> <span class='ocrx_word' id='word_1_5' title='bbox 744 203 930 344; x_wconf 45' lang='lat' dir='ltr'><strong>iu&#39;templo.)</strong></span> <span class='ocrx_word' id='word_1_6' title='bbox 1131 269 1135 277; x_wconf 80' lang='lat'><em>,</em></span> <span class='ocrx_word' id='word_1_7' title='bbox 1181 237 1221 302; x_wconf 74' lang='lat'><strong>85</strong></span> <span class='ocrx_word' id='word_1_8' title='bbox 1259 187 1261 194; x_wconf 21' lang='grc' dir='ltr'>Ι</span> 
     </span>
    </p>
   </div>
   <div class='ocr_carea' id='block_1_2' title="bbox 13 367 1396 1574">
    <p class='ocr_par' dir='ltr' id='par_1_2' title="bbox 70 367 1260 1174">
     <span class='ocr_line' id='line_1_2' title="bbox 87 367 1260 464; baseline 0.014 -26"><span class='ocrx_word' id='word_1_9' title='bbox 87 373 212 460; x_wconf 79' lang='lat' dir='ltr'><strong>lymam</strong></span> <span class='ocrx_word' id='word_1_10' title='bbox 233 375 268 441; x_wconf 93' lang='lat' dir='ltr'><strong>in</strong></span> <span class='ocrx_word' id='word_1_11' title='bbox 288 374 342 440; x_wconf 91' lang='lat' dir='ltr'><strong>die</strong></span> <span class='ocrx_word' id='word_1_12' title='bbox 356 373 450 441; x_wconf 38' lang='lat' dir='ltr'><strong>*festo</strong></span> <span class='ocrx_word' id='word_1_13' title='bbox 471 374 641 448; x_wconf 60' lang='lat' dir='ltr'><strong>Paschae„</strong></span> <span class='ocrx_word' id='word_1_14' title='bbox 666 367 716 442; x_wconf 80' lang='lat' dir='ltr'><strong>f2.</strong></span> <span class='ocrx_word' id='word_1_15' title='bbox 741 375 784 441; x_wconf 90' lang='lat' dir='ltr'><strong>Et</strong></span> <span class='ocrx_word' id='word_1_16' title='bbox 805 401 903 464; x_wconf 89' lang='lat' dir='ltr'><strong>quum</strong></span> <span class='ocrx_word' id='word_1_17' title='bbox 932 379 1035 450; x_wconf 86' lang='lat' dir='ltr'><strong>faetus</strong></span> <span class='ocrx_word' id='word_1_18' title='bbox 1060 389 1146 448; x_wconf 87' lang='lat' dir='ltr'><strong>esset</strong></span> <span class='ocrx_word' id='word_1_19' title='bbox 1164 401 1260 460; x_wconf 58' lang='lat' dir='ltr'><strong>att-J</strong></span> 
     </span>
     <span class='ocr_line' id='line_1_3' title="bbox 86 466 1221 566; baseline 0.006 -25"><span class='ocrx_word' id='word_1_20' title='bbox 86 497 207 556; x_wconf 76' lang='lat' dir='ltr'><strong>norum</strong></span> <span class='ocrx_word' id='word_1_21' title='bbox 235 467 423 553; x_wconf 80' lang='lat' dir='ltr'><strong>duodecim,</strong></span> <span class='ocrx_word' id='word_1_22' title='bbox 449 466 700 542; x_wconf 80' lang='lat' dir='ltr'><strong>ascendentibus</strong></span> <span class='ocrx_word' id='word_1_23' title='bbox 727 475 792 541; x_wconf 92' lang='lat' dir='ltr'><strong>illis</strong></span> <span class='ocrx_word' id='word_1_24' title='bbox 818 479 1078 566; x_wconf 82' lang='lat' dir='ltr'><strong>Hierosolymam</strong></span> <span class='ocrx_word' id='word_1_25' title='bbox 1104 501 1221 548; x_wconf 86' lang='lat' dir='ltr'><strong>secun·</strong></span> 
     </span>
     <span class='ocr_line' id='line_1_4' title="bbox 86 575 1219 669; baseline 0.005 -26"><span class='ocrx_word' id='word_1_26' title='bbox 86 577 167 642; x_wconf 91' lang='lat' dir='ltr'><strong>dum</strong></span> <span class='ocrx_word' id='word_1_27' title='bbox 190 576 456 642; x_wconf 88' lang='lat' dir='ltr'><strong>consuetudinem</strong></span> <span class='ocrx_word' id='word_1_28' title='bbox 478 575 546 640; x_wconf 91' lang='lat' dir='ltr'><strong>diei</strong></span> <span class='ocrx_word' id='word_1_29' title='bbox 566 576 655 656; x_wconf 89' lang='lat' dir='ltr'><strong>festi,</strong></span> <span class='ocrx_word' id='word_1_30' title='bbox 698 577 764 641; x_wconf 49' lang='grc' dir='ltr'><strong>43.χ</strong></span> <span class='ocrx_word' id='word_1_31' title='bbox 778 577 1079 669; x_wconf 82' lang='lat' dir='ltr'><strong>Consummatisque</strong></span> <span class='ocrx_word' id='word_1_32' title='bbox 1101 581 1219 649; x_wconf 90' lang='lat' dir='ltr'><strong>diebus</strong></span> 
     </span>
     <span class='ocr_line' id='line_1_5' title="bbox 86 674 1220 766; baseline 0.006 -24"><span class='ocrx_word' id='word_1_33' title='bbox 86 700 191 766; x_wconf 91' lang='lat' dir='ltr'><strong>quum</strong></span> <span class='ocrx_word' id='word_1_34' title='bbox 211 677 357 742; x_wconf 84' lang='lat' dir='ltr'>redirent</span> <span class='ocrx_word' id='word_1_35' title='bbox 382 674 446 754; x_wconf 87' lang='lat' dir='ltr'><strong>illi,</strong></span> <span class='ocrx_word' id='word_1_36' title='bbox 477 679 631 742; x_wconf 83' lang='lat' dir='ltr'><strong>remansit</strong></span> <span class='ocrx_word' id='word_1_37' title='bbox 663 677 754 742; x_wconf 90' lang='lat' dir='ltr'><strong>lesus</strong></span> <span class='ocrx_word' id='word_1_38' title='bbox 784 699 869 764; x_wconf 88' lang='lat' dir='ltr'><strong>puer</strong></span> <span class='ocrx_word' id='word_1_39' title='bbox 890 679 1151 766; x_wconf 87' lang='lat' dir='ltr'><strong>Hierosolymae‚</strong></span> <span class='ocrx_word' id='word_1_40' title='bbox 1186 693 1220 750; x_wconf 92' lang='lat' dir='ltr'><strong>et</strong></span> 
     </span>
     <span class='ocr_line' id='line_1_6' title="bbox 83 775 1221 866; baseline 0.004 -22"><span class='ocrx_word' id='word_1_41' title='bbox 83 800 160 844; x_wconf 87' lang='lat' dir='ltr'><strong>non</strong></span> <span class='ocrx_word' id='word_1_42' title='bbox 182 787 402 866; x_wconf 80' lang='lat' dir='ltr'><strong>cognoverunt</strong></span> <span class='ocrx_word' id='word_1_43' title='bbox 424 786 575 863; x_wconf 89' lang='lat' dir='ltr'><strong>parentes</strong></span> <span class='ocrx_word' id='word_1_44' title='bbox 599 779 685 854; x_wconf 89' lang='lat' dir='ltr'><strong>eius,</strong></span> <span class='ocrx_word' id='word_1_45' title='bbox 726 776 777 841; x_wconf 90' lang='grc'><strong>44.</strong></span> <span class='ocrx_word' id='word_1_46' title='bbox 790 777 879 841; x_wconf 79' lang='lat' dir='ltr'><strong>-Rao</strong></span> <span class='ocrx_word' id='word_1_47' title='bbox 907 781 1126 848; x_wconf 67' lang='lat' dir='ltr'><strong>autem‘illum</strong></span> <span class='ocrx_word' id='word_1_48' title='bbox 1147 775 1221 848; x_wconf 66' lang='lat' dir='ltr'><strong>esde</strong></span> 
     </span>
     <span class='ocr_line' id='line_1_7' title="bbox 70 876 1220 968; baseline 0.004 -24"><span class='ocrx_word' id='word_1_49' title='bbox 70 882 126 956; x_wconf 19' lang='lat' dir='ltr'><strong>vin</strong></span> <span class='ocrx_word' id='word_1_50' title='bbox 145 882 309 958; x_wconf 79' lang='lat' dir='ltr'><strong>comitatu,</strong></span> <span class='ocrx_word' id='word_1_51' title='bbox 338 887 499 947; x_wconf 89' lang='lat' dir='ltr'><strong>venerunt</strong></span> <span class='ocrx_word' id='word_1_52' title='bbox 525 878 589 942; x_wconf 88' lang='lat' dir='ltr'><strong>iter</strong></span> <span class='ocrx_word' id='word_1_53' title='bbox 616 877 699 968; x_wconf 86' lang='lat' dir='ltr'><strong>diei,</strong></span> <span class='ocrx_word' id='word_1_54' title='bbox 733 887 766 941; x_wconf 91' lang='lat' dir='ltr'><strong>et</strong></span> <span class='ocrx_word' id='word_1_55' title='bbox 797 877 1009 964; x_wconf 83' lang='lat' dir='ltr'><strong>requirebant</strong></span> <span class='ocrx_word' id='word_1_56' title='bbox 1035 902 1108 946; x_wconf 91' lang='lat' dir='ltr'><strong>eum</strong></span> <span class='ocrx_word' id='word_1_57' title='bbox 1135 876 1220 949; x_wconf 85' lang='lat' dir='ltr'><strong>inter</strong></span> 
     </span>
     <span class='ocr_line' id='line_1_8' title="bbox 84 968 1238 1066; baseline 0.004 -22"><span class='ocrx_word' id='word_1_58' title='bbox 84 991 244 1064; x_wconf 85' lang='lat' dir='ltr'><strong>cognatos</strong></span> <span class='ocrx_word' id='word_1_59' title='bbox 264 990 297 1044; x_wconf 92' lang='lat' dir='ltr'><strong>et</strong></span> <span class='ocrx_word' id='word_1_60' title='bbox 315 981 401 1049; x_wconf 88' lang='lat' dir='ltr'><strong>inter</strong></span> <span class='ocrx_word' id='word_1_61' title='bbox 421 979 526 1044; x_wconf 87' lang='lat' dir='ltr'><strong>notos.</strong></span> <span class='ocrx_word' id='word_1_62' title='bbox 568 977 619 1042; x_wconf 88' lang='grc'><strong>45.</strong></span> <span class='ocrx_word' id='word_1_63' title='bbox 639 977 682 1042; x_wconf 86' lang='lat' dir='ltr'><strong>Et</strong></span> <span class='ocrx_word' id='word_1_64' title='bbox 703 1001 800 1066; x_wconf 93' lang='lat' dir='ltr'><strong>quum</strong></span> <span class='ocrx_word' id='word_1_65' title='bbox 828 1001 897 1046; x_wconf 91' lang='lat' dir='ltr'><strong>non</strong></span> <span class='ocrx_word' id='word_1_66' title='bbox 918 983 1119 1048; x_wconf 87' lang='lat' dir='ltr'><strong>invenissent</strong></span> <span class='ocrx_word' id='word_1_67' title='bbox 1139 968 1238 1066; x_wconf 38' lang='lat' dir='ltr'><strong>eum(</strong></span> 
     </span>
     <span class='ocr_line' id='line_1_9' title="bbox 83 1075 1221 1174; baseline 0.001 -29"><span class='ocrx_word' id='word_1_68' title='bbox 83 1083 212 1174; x_wconf 82' lang='lat' dir='ltr'><strong>reversi</strong></span> <span class='ocrx_word' id='word_1_69' title='bbox 232 1090 307 1146; x_wconf 90' lang='lat' dir='ltr'><strong>sunt</strong></span> <span class='ocrx_word' id='word_1_70' title='bbox 327 1075 592 1161; x_wconf 66' lang='lat' dir='ltr'><strong>Hierosolymam</strong></span> <span class='ocrx_word' id='word_1_71' title='bbox 613 1090 806 1163; x_wconf 85' lang='lat' dir='ltr'><strong>quaerentes</strong></span> <span class='ocrx_word' id='word_1_72' title='bbox 830 1102 913 1146; x_wconf 90' lang='lat' dir='ltr'><strong>eum.</strong></span> <span class='ocrx_word' id='word_1_73' title='bbox 953 1082 1012 1146; x_wconf 89' lang='grc'><strong>46.’</strong></span> <span class='ocrx_word' id='word_1_74' title='bbox 1030 1083 1074 1147; x_wconf 90' lang='lat' dir='ltr'><strong>Et</strong></span> <span class='ocrx_word' id='word_1_75' title='bbox 1095 1083 1221 1162; x_wconf 87' lang='lat' dir='ltr'><strong>accidit,</strong></span> 
     </span>
    </p>

    <p class='ocr_par' dir='ltr' id='par_1_3' title="bbox 13 1175 1396 1574">
     <span class='ocr_line' id='line_1_10' title="bbox 13 1175 1396 1272; baseline 0.003 -26"><span class='ocrx_word' id='word_1_76' title='bbox 13 1257 23 1272; x_wconf 22' lang='lat' dir='ltr'>x</span> <span class='ocrx_word' id='word_1_77' title='bbox 82 1190 164 1268; x_wconf 89' lang='lat' dir='ltr'><strong>post</strong></span> <span class='ocrx_word' id='word_1_78' title='bbox 183 1181 325 1268; x_wconf 83' lang='lat' dir='ltr'><strong>triduum</strong></span> <span class='ocrx_word' id='word_1_79' title='bbox 347 1181 543 1244; x_wconf 88' lang='lat' dir='ltr'><strong>invenerunt</strong></span> <span class='ocrx_word' id='word_1_80' title='bbox 564 1175 654 1242; x_wconf 90' lang='lat' dir='ltr'><strong>illum</strong></span> <span class='ocrx_word' id='word_1_81' title='bbox 677 1178 852 1262; x_wconf 86' lang='lat' dir='ltr'><strong>intemplo</strong></span> <span class='ocrx_word' id='word_1_82' title='bbox 871 1180 1042 1253; x_wconf 81' lang='lat' dir='ltr'><strong>sedentem</strong></span> <span class='ocrx_word' id='word_1_83' title='bbox 1063 1183 1221 1250; x_wconf 85' lang='lat' dir='ltr'><strong>inmedio</strong></span> <span class='ocrx_word' id='word_1_84' title='bbox 1304 1223 1307 1234; x_wconf 68' lang='lat'>=</span> <span class='ocrx_word' id='word_1_85' title='bbox 1394 1211 1396 1222; x_wconf 93' lang='lat'><em>·</em></span> 
     </span>
     <span class='ocr_line' id='line_1_11' title="bbox 74 1273 1224 1374; baseline 0.007 -32"><span class='ocrx_word' id='word_1_86' title='bbox 74 1283 282 1362; x_wconf 52' lang='lat' dir='ltr'><strong>,doctorumr</strong></span> <span class='ocrx_word' id='word_1_87' title='bbox 303 1277 489 1358; x_wconf 81' lang='lat' dir='ltr'><strong>audientem</strong></span> <span class='ocrx_word' id='word_1_88' title='bbox 508 1275 585 1342; x_wconf 86' lang='lat' dir='ltr'><strong>illos</strong></span> <span class='ocrx_word' id='word_1_89' title='bbox 607 1287 639 1342; x_wconf 90' lang='lat' dir='ltr'><strong>et</strong></span> <span class='ocrx_word' id='word_1_90' title='bbox 659 1273 924 1366; x_wconf 81' lang='lat' dir='ltr'><strong>interrogantem:</strong></span> <span class='ocrx_word' id='word_1_91' title='bbox 965 1279 1018 1347; x_wconf 90' lang='grc'><strong>47.</strong></span> <span class='ocrx_word' id='word_1_92' title='bbox 1039 1281 1224 1374; x_wconf 79' lang='lat' dir='ltr'><strong>Stupebant</strong></span> 
     </span>
     <span class='ocr_line' id='line_1_12' title="bbox 84 1370 1223 1470; baseline 0.003 -21"><span class='ocrx_word' id='word_1_93' title='bbox 84 1394 196 1449; x_wconf 88' lang='lat' dir='ltr'><strong>autem</strong></span> <span class='ocrx_word' id='word_1_94' title='bbox 216 1375 344 1464; x_wconf 80' lang='lat' dir='ltr'><strong>omnes,</strong></span> <span class='ocrx_word' id='word_1_95' title='bbox 364 1380 421 1468; x_wconf 90' lang='lat' dir='ltr'><strong>qui</strong></span> <span class='ocrx_word' id='word_1_96' title='bbox 443 1370 516 1447; x_wconf 91' lang='lat' dir='ltr'><strong>eum</strong></span> <span class='ocrx_word' id='word_1_97' title='bbox 538 1375 729 1460; x_wconf 84' lang='lat' dir='ltr'><strong>audiebant,</strong></span> <span class='ocrx_word' id='word_1_98' title='bbox 756 1381 1096 1470; x_wconf 81' lang='lat' dir='ltr'><strong>superintelligentia</strong></span> <span class='ocrx_word' id='word_1_99' title='bbox 1118 1395 1151 1453; x_wconf 89' lang='lat' dir='ltr'><strong>et</strong></span> <span class='ocrx_word' id='word_1_100' title='bbox 1170 1405 1223 1452; x_wconf 88' lang='lat' dir='ltr'><strong>re·</strong></span> 
     </span>
     <span class='ocr_line' id='line_1_13' title="bbox 82 1473 1100 1574; baseline 0 -22"><span class='ocrx_word' id='word_1_101' title='bbox 82 1487 217 1574; x_wconf 87' lang='lat' dir='ltr'><strong>sponsis</strong></span> <span class='ocrx_word' id='word_1_102' title='bbox 240 1485 320 1548; x_wconf 86' lang='lat' dir='ltr'><strong>eius.</strong></span> <span class='ocrx_word' id='word_1_103' title='bbox 343 1473 349 1480; x_wconf 71' lang='grc'><strong>’</strong></span> <span class='ocrx_word' id='word_1_104' title='bbox 652 1515 656 1520; x_wconf 93' lang='grc'><em>·</em></span> <span class='ocrx_word' id='word_1_105' title='bbox 837 1502 841 1511; x_wconf 89' lang='grc'><strong><em>·</em></strong></span> <span class='ocrx_word' id='word_1_106' title='bbox 871 1506 878 1574; x_wconf 69' lang='lat'><strong>&#39;.</strong></span> <span class='ocrx_word' id='word_1_107' title='bbox 1093 1519 1100 1552; x_wconf 79' lang='grc' dir='ltr'><strong><em>ι</em></strong></span> 
     </span>
    </p>
   </div>
   <div class='ocr_carea' id='block_1_3' title="bbox 6 1673 1289 4416">
    <p class='ocr_par' dir='ltr' id='par_1_4' title="bbox 6 1673 1223 1916">
     <span class='ocr_line' id='line_1_14' title="bbox 66 1673 1223 1754; baseline 0.005 -19"><span class='ocrx_word' id='word_1_108' title='bbox 66 1703 69 1710; x_wconf 45' lang='lat'><em>¹</em></span> <span class='ocrx_word' id='word_1_109' title='bbox 165 1683 214 1742; x_wconf 83' lang='grc'><strong>40.</strong></span> <span class='ocrx_word' id='word_1_110' title='bbox 251 1673 395 1738; x_wconf 67' lang='lat' dir='ltr'><strong>Feratus</strong></span> <span class='ocrx_word' id='word_1_111' title='bbox 412 1689 506 1736; x_wconf 68' lang='lat' dir='ltr'><strong>ordea</strong></span> <span class='ocrx_word' id='word_1_112' title='bbox 524 1673 676 1738; x_wconf 76' lang='lat' dir='ltr'><strong>erescebat.</strong></span> <span class='ocrx_word' id='word_1_113' title='bbox 714 1675 879 1741; x_wconf 84' lang='lat' dir='ltr'><strong>Matthaeus</strong></span> <span class='ocrx_word' id='word_1_114' title='bbox 903 1677 940 1739; x_wconf 92' lang='lat' dir='ltr'><strong>ah</strong></span> <span class='ocrx_word' id='word_1_115' title='bbox 964 1678 1088 1754; x_wconf 74' lang='lat' dir='ltr'><strong>infantia</strong></span> <span class='ocrx_word' id='word_1_116' title='bbox 1108 1679 1223 1752; x_wconf 86' lang='lat' dir='ltr'><strong>Christi</strong></span> 
     </span>
     <span class='ocr_line' id='line_1_15' title="bbox 82 1753 1222 1823; baseline 0.004 -8"><span class='ocrx_word' id='word_1_117' title='bbox 82 1755 236 1818; x_wconf 89' lang='lat' dir='ltr'><strong>continuo</strong></span> <span class='ocrx_word' id='word_1_118' title='bbox 262 1755 299 1814; x_wconf 91' lang='lat' dir='ltr'><strong>ad</strong></span> <span class='ocrx_word' id='word_1_119' title='bbox 328 1753 594 1818; x_wconf 78' lang='lat' dir='ltr'><strong>manifestationem</strong></span> <span class='ocrx_word' id='word_1_120' title='bbox 620 1755 732 1816; x_wconf 86' lang='lat' dir='ltr'><strong>transit.</strong></span> <span class='ocrx_word' id='word_1_121' title='bbox 777 1753 871 1818; x_wconf 80' lang='lat' dir='ltr'><strong>Lucas</strong></span> <span class='ocrx_word' id='word_1_122' title='bbox 895 1754 945 1816; x_wconf 91' lang='lat' dir='ltr'><strong>hic</strong></span> <span class='ocrx_word' id='word_1_123' title='bbox 971 1777 1065 1817; x_wconf 89' lang='lat' dir='ltr'><strong>unam.</strong></span> <span class='ocrx_word' id='word_1_124' title='bbox 1082 1753 1222 1823; x_wconf 84' lang='lat' dir='ltr'><strong>duntaxat</strong></span> 
     </span>
     <span class='ocr_line' id='line_1_16' title="bbox 6 1831 1221 1916; baseline 0.003 -25"><span class='ocrx_word' id='word_1_125' title='bbox 6 1863 7 1866; x_wconf 35' lang='lat'>¹</span> <span class='ocrx_word' id='word_1_126' title='bbox 72 1841 254 1900; x_wconf 80' lang='lat' dir='ltr'><strong>,memoratu</strong></span> <span class='ocrx_word' id='word_1_127' title='bbox 274 1832 302 1891; x_wconf 91' lang='lat' dir='ltr'><strong>di</strong></span> <span class='ocrx_word' id='word_1_128' title='bbox 345 1852 389 1890; x_wconf 85' lang='lat' dir='ltr'><strong>am</strong></span> <span class='ocrx_word' id='word_1_129' title='bbox 410 1831 517 1908; x_wconf 78' lang='lat' dir='ltr'><strong>refert,</strong></span> <span class='ocrx_word' id='word_1_130' title='bbox 542 1831 622 1912; x_wconf 92' lang='lat' dir='ltr'><strong>quod</strong></span> <span class='ocrx_word' id='word_1_131' title='bbox 642 1832 756 1894; x_wconf 87' lang='lat' dir='ltr'><strong>scilicet</strong></span> <span class='ocrx_word' id='word_1_132' title='bbox 776 1831 910 1896; x_wconf 88' lang='lat' dir='ltr'><strong>Christus</strong></span> <span class='ocrx_word' id='word_1_133' title='bbox 929 1831 960 1909; x_wconf 86' lang='lat' dir='ltr'><strong>in</strong></span> <span class='ocrx_word' id='word_1_134' title='bbox 981 1833 1075 1894; x_wconf 89' lang='lat' dir='ltr'><strong>media</strong></span> <span class='ocrx_word' id='word_1_135' title='bbox 1094 1835 1221 1916; x_wconf 88' lang='lat' dir='ltr'><strong>pueritia</strong></span> 
     </span>
    </p>

    <p class='ocr_par' dir='ltr' id='par_1_5' title="bbox 25 1850 1224 2374">
     <span class='ocr_line' id='line_1_17' title="bbox 25 1850 1221 1989; baseline 0.002 -19"><span class='ocrx_word' id='word_1_136' title='bbox 25 1925 38 1950; x_wconf 87' lang='lat'><strong>&#39;·</strong></span> <span class='ocrx_word' id='word_1_137' title='bbox 82 1911 239 1989; x_wconf 89' lang='lat' dir='ltr'><strong>specimen</strong></span> <span class='ocrx_word' id='word_1_138' title='bbox 260 1850 375 1970; x_wconf 66' lang='lat' dir='ltr'><strong>dedalo</strong></span> <span class='ocrx_word' id='word_1_139' title='bbox 395 1906 510 1970; x_wconf 86' lang='lat' dir='ltr'><strong>futurae</strong></span> <span class='ocrx_word' id='word_1_140' title='bbox 530 1929 598 1969; x_wconf 89' lang='lat' dir='ltr'><strong>suae</strong></span> <span class='ocrx_word' id='word_1_141' title='bbox 618 1907 790 1986; x_wconf 80' lang='lat' dir='ltr'><strong>functionis,</strong></span> <span class='ocrx_word' id='word_1_142' title='bbox 809 1907 978 1978; x_wconf 86' lang='lat' dir='ltr'><strong>velsaltem</strong></span> <span class='ocrx_word' id='word_1_143' title='bbox 996 1910 1137 1982; x_wconf 83' lang='lat' dir='ltr'><strong>tirocinio</strong></span> <span class='ocrx_word' id='word_1_144' title='bbox 1149 1931 1221 1986; x_wconf 70' lang='lat' dir='ltr'><strong>¹latter</strong></span> 
     </span>
     <span class='ocr_line' id='line_1_18' title="bbox 84 1985 1224 2068; baseline 0 -22"><span class='ocrx_word' id='word_1_145' title='bbox 84 1985 266 2062; x_wconf 89' lang='lat' dir='ltr'><strong>ostenderit,</strong></span> <span class='ocrx_word' id='word_1_146' title='bbox 290 1985 381 2067; x_wconf 85' lang='lat' dir='ltr'><strong>qualis</strong></span> <span class='ocrx_word' id='word_1_147' title='bbox 401 1985 515 2048; x_wconf 88' lang='lat' dir='ltr'><strong>futurus</strong></span> <span class='ocrx_word' id='word_1_148' title='bbox 536 1996 619 2046; x_wconf 88' lang='lat' dir='ltr'><strong>esset.</strong></span> <span class='ocrx_word' id='word_1_149' title='bbox 662 1985 793 2046; x_wconf 81' lang='lat' dir='ltr'><strong>Primum</strong></span> <span class='ocrx_word' id='word_1_150' title='bbox 815 1999 912 2048; x_wconf 89' lang='lat' dir='ltr'><strong>autem</strong></span> <span class='ocrx_word' id='word_1_151' title='bbox 936 1989 1062 2046; x_wconf 77' lang='lat' dir='ltr'><strong>creuisse</strong></span> <span class='ocrx_word' id='word_1_152' title='bbox 1075 1986 1165 2068; x_wconf 87' lang='lat' dir='ltr'><strong>dicit,</strong></span> <span class='ocrx_word' id='word_1_153' title='bbox 1190 1997 1224 2047; x_wconf 86' lang='lat' dir='ltr'><strong>et</strong></span> 
     </span>
     <span class='ocr_line' id='line_1_19' title="bbox 81 2061 1222 2144; baseline 0 -22"><span class='ocrx_word' id='word_1_154' title='bbox 81 2061 253 2123; x_wconf 73' lang='lat' dir='ltr'><strong>mtoraaaa</strong></span> <span class='ocrx_word' id='word_1_155' title='bbox 270 2065 388 2138; x_wconf 58' lang='lat' dir='ltr'><strong>optutu:</strong></span> <span class='ocrx_word' id='word_1_156' title='bbox 430 2061 625 2125; x_wconf 83' lang='lat' dir='ltr'><strong>uibusverbis</strong></span> <span class='ocrx_word' id='word_1_157' title='bbox 644 2062 798 2144; x_wconf 75' lang='lat' dir='ltr'><strong>significat,</strong></span> <span class='ocrx_word' id='word_1_158' title='bbox 817 2085 876 2126; x_wconf 89' lang='lat' dir='ltr'><strong>una</strong></span> <span class='ocrx_word' id='word_1_159' title='bbox 895 2085 960 2123; x_wconf 87' lang='lat' dir='ltr'><strong>cum</strong></span> <span class='ocrx_word' id='word_1_160' title='bbox 980 2075 1077 2130; x_wconf 87' lang='lat' dir='ltr'><strong>aetate</strong></span> <span class='ocrx_word' id='word_1_161' title='bbox 1097 2062 1222 2125; x_wconf 82' lang='lat' dir='ltr'><strong>crevisse</strong></span> 
     </span>
     <span class='ocr_line' id='line_1_20' title="bbox 82 2083 1221 2214; baseline -0.001 -13"><span class='ocrx_word' id='word_1_162' title='bbox 82 2138 174 2201; x_wconf 90' lang='lat' dir='ltr'><strong>etiam</strong></span> <span class='ocrx_word' id='word_1_163' title='bbox 189 2139 279 2199; x_wconf 86' lang='lat' dir='ltr'><strong>animi</strong></span> <span class='ocrx_word' id='word_1_164' title='bbox 294 2141 387 2199; x_wconf 90' lang='lat' dir='ltr'><strong>dotes.</strong></span> <span class='ocrx_word' id='word_1_165' title='bbox 410 2083 515 2197; x_wconf 83' lang='lat' dir='ltr'><strong>qUnde</strong></span> <span class='ocrx_word' id='word_1_166' title='bbox 527 2136 595 2200; x_wconf 89' lang='lat' dir='ltr'><strong>colli</strong></span> <span class='ocrx_word' id='word_1_167' title='bbox 617 2138 700 2214; x_wconf 88' lang='lat' dir='ltr'><strong>imus,</strong></span> <span class='ocrx_word' id='word_1_168' title='bbox 741 2141 870 2202; x_wconf 85' lang='lat' dir='ltr'><strong>refectus</strong></span> <span class='ocrx_word' id='word_1_169' title='bbox 888 2140 961 2200; x_wconf 91' lang='lat' dir='ltr'><strong>istos</strong></span> <span class='ocrx_word' id='word_1_170' title='bbox 970 2135 1018 2200; x_wconf 80' lang='lat' dir='ltr'><strong>vel</strong></span> <span class='ocrx_word' id='word_1_171' title='bbox 1033 2140 1221 2207; x_wconf 86' lang='lat' dir='ltr'><strong>incrementa</strong></span> 
     </span>
     <span class='ocr_line' id='line_1_21' title="bbox 83 2159 739 2277; baseline -0.008 -1"><span class='ocrx_word' id='word_1_172' title='bbox 83 2215 122 2277; x_wconf 88' lang='lat' dir='ltr'><strong>ad</strong></span> <span class='ocrx_word' id='word_1_173' title='bbox 142 2215 301 2275; x_wconf 83' lang='lat' dir='ltr'><strong>humanam</strong></span> <span class='ocrx_word' id='word_1_174' title='bbox 321 2215 383 2275; x_wconf 90' lang='lat' dir='ltr'><strong>eins</strong></span> <span class='ocrx_word' id='word_1_175' title='bbox 403 2215 535 2273; x_wconf 82' lang='lat' dir='ltr'><strong>naturam</strong></span> <span class='ocrx_word' id='word_1_176' title='bbox 556 2159 672 2274; x_wconf 58' lang='lat' dir='ltr'><strong>referri.</strong></span> <span class='ocrx_word' id='word_1_177' title='bbox 710 2161 739 2272; x_wconf 67' lang='lat' dir='ltr'><strong>ll</strong></span> 
     </span>
     <span class='ocr_line' id='line_1_22' title="bbox 82 2291 1220 2374; baseline -0.004 -19"><span class='ocrx_word' id='word_1_178' title='bbox 82 2292 195 2374; x_wconf 84' lang='lat' dir='ltr'><strong>potuit.</strong></span> <span class='ocrx_word' id='word_1_179' title='bbox 235 2292 398 2366; x_wconf 85' lang='lat' dir='ltr'><strong>Quaeritur</strong></span> <span class='ocrx_word' id='word_1_180' title='bbox 414 2301 525 2364; x_wconf 73' lang='lat' dir='ltr'><strong>tamen,</strong></span> <span class='ocrx_word' id='word_1_181' title='bbox 542 2309 580 2349; x_wconf 91' lang='lat' dir='ltr'><strong>an</strong></span> <span class='ocrx_word' id='word_1_182' title='bbox 600 2310 663 2349; x_wconf 90' lang='lat' dir='ltr'><strong>non</strong></span> <span class='ocrx_word' id='word_1_183' title='bbox 682 2291 791 2366; x_wconf 86' lang='lat' dir='ltr'><strong>statim,</strong></span> <span class='ocrx_word' id='word_1_184' title='bbox 811 2311 845 2350; x_wconf 82' lang='lat' dir='ltr'><strong>ex</strong></span> <span class='ocrx_word' id='word_1_185' title='bbox 867 2311 926 2370; x_wconf 90' lang='lat' dir='ltr'><strong>quo</strong></span> <span class='ocrx_word' id='word_1_186' title='bbox 939 2302 1100 2370; x_wconf 82' lang='lat' dir='ltr'><strong>conceptus</strong></span> <span class='ocrx_word' id='word_1_187' title='bbox 1120 2291 1177 2351; x_wconf 90' lang='lat' dir='ltr'><strong>fuit</strong></span> <span class='ocrx_word' id='word_1_188' title='bbox 1188 2291 1220 2350; x_wconf 94' lang='lat' dir='ltr'><strong>in</strong></span> 
     </span>
    </p>

    <p class='ocr_par' dir='ltr' id='par_1_6' title="bbox 45 2363 1221 2448">
     <span class='ocr_line' id='line_1_23' title="bbox 45 2363 1221 2448; baseline -0.002 -19"><span class='ocrx_word' id='word_1_189' title='bbox 45 2424 51 2430; x_wconf 89' lang='lat'>.</span> <span class='ocrx_word' id='word_1_190' title='bbox 81 2382 174 2429; x_wconf 90' lang='lat' dir='ltr'><strong>utero</strong></span> <span class='ocrx_word' id='word_1_191' title='bbox 200 2368 316 2445; x_wconf 86' lang='lat' dir='ltr'><strong>matris,</strong></span> <span class='ocrx_word' id='word_1_192' title='bbox 342 2365 511 2426; x_wconf 84' lang='lat' dir='ltr'><strong>excelluerit</strong></span> <span class='ocrx_word' id='word_1_193' title='bbox 532 2366 614 2426; x_wconf 85' lang='lat' dir='ltr'><strong>omni</strong></span> <span class='ocrx_word' id='word_1_194' title='bbox 633 2365 780 2441; x_wconf 84' lang='lat' dir='ltr'><strong>donorum</strong></span> <span class='ocrx_word' id='word_1_195' title='bbox 805 2365 996 2448; x_wconf 84' lang='lat' dir='ltr'><strong>spiritualium</strong></span> <span class='ocrx_word' id='word_1_196' title='bbox 1015 2363 1221 2446; x_wconf 69' lang='lat' dir='ltr'><strong>,plenitudiue-</strong></span> 
     </span>
    </p>

    <p class='ocr_par' dir='ltr' id='par_1_7' title="bbox 7 2440 1223 2829">
     <span class='ocr_line' id='line_1_24' title="bbox 7 2440 1221 2532; baseline -0.003 -28"><span class='ocrx_word' id='word_1_197' title='bbox 7 2501 11 2526; x_wconf 66' lang='lat'>‚</span> <span class='ocrx_word' id='word_1_198' title='bbox 81 2446 216 2504; x_wconf 84' lang='lat' dir='ltr'><strong>Videtur</strong></span> <span class='ocrx_word' id='word_1_199' title='bbox 240 2443 319 2502; x_wconf 84' lang='lat' dir='ltr'><strong>enirn</strong></span> <span class='ocrx_word' id='word_1_200' title='bbox 343 2440 517 2513; x_wconf 87' lang='lat' dir='ltr'><strong>absurdum,</strong></span> <span class='ocrx_word' id='word_1_201' title='bbox 547 2452 581 2501; x_wconf 90' lang='lat' dir='ltr'><strong>ut</strong></span> <span class='ocrx_word' id='word_1_202' title='bbox 605 2441 760 2532; x_wconf 86' lang='lat' dir='ltr'><strong>quicquam</strong></span> <span class='ocrx_word' id='word_1_203' title='bbox 783 2442 820 2502; x_wconf 91' lang='lat' dir='ltr'><strong>ad</strong></span> <span class='ocrx_word' id='word_1_204' title='bbox 845 2441 1062 2522; x_wconf 84' lang='lat' dir='ltr'><strong>perfectionem</strong></span> <span class='ocrx_word' id='word_1_205' title='bbox 1092 2441 1221 2500; x_wconf 81' lang='lat' dir='ltr'><strong>defuerit</strong></span> 
     </span>
     <span class='ocr_line' id='line_1_25' title="bbox 80 2514 1222 2597; baseline -0.004 -15"><span class='ocrx_word' id='word_1_206' title='bbox 80 2521 168 2582; x_wconf 89' lang='lat' dir='ltr'><strong>Filio</strong></span> <span class='ocrx_word' id='word_1_207' title='bbox 192 2518 261 2578; x_wconf 88' lang='lat' dir='ltr'><strong>Dei.</strong></span> <span class='ocrx_word' id='word_1_208' title='bbox 312 2517 478 2596; x_wconf 85' lang='lat' dir='ltr'><strong>Responsio</strong></span> <span class='ocrx_word' id='word_1_209' title='bbox 506 2527 604 2576; x_wconf 87' lang='lat' dir='ltr'><strong>tamen</strong></span> <span class='ocrx_word' id='word_1_210' title='bbox 635 2515 729 2576; x_wconf 82' lang='lat' dir='ltr'><strong>facrlis</strong></span> <span class='ocrx_word' id='word_1_211' title='bbox 761 2529 818 2578; x_wconf 89' lang='lat' dir='ltr'><strong>est:</strong></span> <span class='ocrx_word' id='word_1_212' title='bbox 850 2516 873 2576; x_wconf 92' lang='lat' dir='ltr'><strong>si</strong></span> <span class='ocrx_word' id='word_1_213' title='bbox 899 2514 971 2576; x_wconf 88' lang='lat' dir='ltr'><strong>nihil</strong></span> <span class='ocrx_word' id='word_1_214' title='bbox 1001 2516 1126 2597; x_wconf 80' lang='lat' dir='ltr'><strong>derogat</strong></span> <span class='ocrx_word' id='word_1_215' title='bbox 1156 2515 1222 2577; x_wconf 83' lang='lat' dir='ltr'><strong>eius</strong></span> 
     </span>
     <span class='ocr_line' id='line_1_26' title="bbox 81 2591 1221 2684; baseline -0.004 -27"><span class='ocrx_word' id='word_1_216' title='bbox 81 2593 221 2684; x_wconf 79' lang='lat' dir='ltr'><strong>gloriae,</strong></span> <span class='ocrx_word' id='word_1_217' title='bbox 246 2595 327 2674; x_wconf 92' lang='lat' dir='ltr'><strong>quod</strong></span> <span class='ocrx_word' id='word_1_218' title='bbox 346 2613 466 2673; x_wconf 91' lang='lat' dir='ltr'><strong>prorsus</strong></span> <span class='ocrx_word' id='word_1_219' title='bbox 487 2592 648 2656; x_wconf 82' lang='lat' dir='ltr'><strong>exinanitus</strong></span> <span class='ocrx_word' id='word_1_220' title='bbox 668 2591 738 2667; x_wconf 87' lang='lat' dir='ltr'><strong>fuit,</strong></span> <span class='ocrx_word' id='word_1_221' title='bbox 758 2613 856 2674; x_wconf 89' lang='lat' dir='ltr'><strong>neque</strong></span> <span class='ocrx_word' id='word_1_222' title='bbox 875 2591 934 2652; x_wconf 89' lang='lat' dir='ltr'><strong>hoc</strong></span> <span class='ocrx_word' id='word_1_223' title='bbox 953 2591 990 2652; x_wconf 87' lang='lat' dir='ltr'><strong>ah</strong></span> <span class='ocrx_word' id='word_1_224' title='bbox 1011 2611 1047 2652; x_wconf 92' lang='lat' dir='ltr'><strong>eo</strong></span> <span class='ocrx_word' id='word_1_225' title='bbox 1069 2609 1130 2653; x_wconf 87' lang='lat' dir='ltr'><strong>esse</strong></span> <span class='ocrx_word' id='word_1_226' title='bbox 1150 2591 1221 2654; x_wconf 77' lang='lat' dir='ltr'><strong>alie-</strong></span> 
     </span>
     <span class='ocr_line' id='line_1_27' title="bbox 82 2667 1220 2752; baseline -0.007 -16"><span class='ocrx_word' id='word_1_227' title='bbox 82 2697 170 2750; x_wconf 76' lang='lat' dir='ltr'><strong>nnm3</strong></span> <span class='ocrx_word' id='word_1_228' title='bbox 192 2672 273 2752; x_wconf 92' lang='lat' dir='ltr'><strong>quod</strong></span> <span class='ocrx_word' id='word_1_229' title='bbox 292 2671 367 2732; x_wconf 87' lang='lat' dir='ltr'><strong>sicut</strong></span> <span class='ocrx_word' id='word_1_230' title='bbox 386 2667 556 2729; x_wconf 89' lang='lat' dir='ltr'><strong>adolescere</strong></span> <span class='ocrx_word' id='word_1_231' title='bbox 569 2671 707 2749; x_wconf 80' lang='lat' dir='ltr'><strong>corpore,</strong></span> <span class='ocrx_word' id='word_1_232' title='bbox 726 2672 766 2732; x_wconf 89' lang='lat' dir='ltr'><strong>ita</strong></span> <span class='ocrx_word' id='word_1_233' title='bbox 787 2681 818 2734; x_wconf 90' lang='lat' dir='ltr'><strong>et</strong></span> <span class='ocrx_word' id='word_1_234' title='bbox 836 2667 997 2732; x_wconf 88' lang='lat' dir='ltr'><strong>seeundum</strong></span> <span class='ocrx_word' id='word_1_235' title='bbox 1016 2667 1142 2730; x_wconf 87' lang='lat' dir='ltr'><strong>animam</strong></span> <span class='ocrx_word' id='word_1_236' title='bbox 1162 2683 1220 2728; x_wconf 88' lang='lat' dir='ltr'><strong>no-</strong></span> 
     </span>
     <span class='ocr_line' id='line_1_28' title="bbox 82 2739 1223 2829; baseline -0.007 -17"><span class='ocrx_word' id='word_1_237' title='bbox 82 2763 143 2813; x_wconf 91' lang='lat' dir='ltr'><strong>stra</strong></span> <span class='ocrx_word' id='word_1_238' title='bbox 173 2767 259 2810; x_wconf 89' lang='lat' dir='ltr'><strong>causa</strong></span> <span class='ocrx_word' id='word_1_239' title='bbox 289 2746 436 2829; x_wconf 89' lang='lat' dir='ltr'><strong>proficere</strong></span> <span class='ocrx_word' id='word_1_240' title='bbox 462 2745 598 2811; x_wconf 85' lang='lat' dir='ltr'><strong>voluerit.</strong></span> <span class='ocrx_word' id='word_1_241' title='bbox 647 2746 687 2806; x_wconf 89' lang='lat' dir='ltr'><strong>Et</strong></span> <span class='ocrx_word' id='word_1_242' title='bbox 715 2758 796 2810; x_wconf 89' lang='lat' dir='ltr'><strong>certe</strong></span> <span class='ocrx_word' id='word_1_243' title='bbox 823 2768 913 2827; x_wconf 90' lang='lat' dir='ltr'><strong>quum</strong></span> <span class='ocrx_word' id='word_1_244' title='bbox 944 2744 1035 2808; x_wconf 86' lang='lat' dir='ltr'><strong>docet</strong></span> <span class='ocrx_word' id='word_1_245' title='bbox 1055 2739 1223 2826; x_wconf 69' lang='lat' dir='ltr'><strong>Apostolus,</strong></span> 
     </span>
    </p>

    <p class='ocr_par' dir='ltr' id='par_1_8' title="bbox 25 2821 1220 2916">
     <span class='ocr_line' id='line_1_29' title="bbox 25 2821 1220 2916; baseline -0.002 -29"><span class='ocrx_word' id='word_1_246' title='bbox 25 2885 32 2897; x_wconf 79' lang='grc'><strong><em>,</em></strong></span> <span class='ocrx_word' id='word_1_247' title='bbox 83 2827 197 2909; x_wconf 89' lang='lat' dir='ltr'><strong>(Hehr.</strong></span> <span class='ocrx_word' id='word_1_248' title='bbox 217 2831 252 2901; x_wconf 86' lang='grc'><strong>4,</strong></span> <span class='ocrx_word' id='word_1_249' title='bbox 272 2824 350 2901; x_wconf 70' lang='lat' dir='ltr'><strong>lb),</strong></span> <span class='ocrx_word' id='word_1_250' title='bbox 372 2823 548 2904; x_wconf 85' lang='lat' dir='ltr'><strong>peremnia</strong></span> <span class='ocrx_word' id='word_1_251' title='bbox 571 2821 659 2887; x_wconf 87' lang='lat' dir='ltr'><strong>fuisse</strong></span> <span class='ocrx_word' id='word_1_252' title='bbox 684 2821 773 2886; x_wconf 89' lang='lat' dir='ltr'><strong>nobis</strong></span> <span class='ocrx_word' id='word_1_253' title='bbox 799 2823 921 2906; x_wconf 83' lang='lat' dir='ltr'><strong>similem</strong></span> <span class='ocrx_word' id='word_1_254' title='bbox 942 2833 1064 2916; x_wconf 81' lang='lat' dir='ltr'><strong>excepto</strong></span> <span class='ocrx_word' id='word_1_255' title='bbox 1084 2833 1220 2903; x_wconf 87' lang='lat' dir='ltr'><strong>peccato,</strong></span> 
     </span>
    </p>

    <p class='ocr_par' dir='ltr' id='par_1_9' title="bbox 8 2897 1267 2982">
     <span class='ocr_line' id='line_1_30' title="bbox 8 2897 1267 2982; baseline -0.004 -17"><span class='ocrx_word' id='word_1_256' title='bbox 8 2907 10 2978; x_wconf 69' lang='lat' dir='ltr'><em>J</em></span> <span class='ocrx_word' id='word_1_257' title='bbox 104 2903 192 2965; x_wconf 84' lang='lat' dir='ltr'><strong>roeul</strong></span> <span class='ocrx_word' id='word_1_258' title='bbox 213 2901 309 2962; x_wconf 90' lang='lat' dir='ltr'><strong>dubio·</strong></span> <span class='ocrx_word' id='word_1_259' title='bbox 322 2900 381 2961; x_wconf 93' lang='lat' dir='ltr'><strong>hoc</strong></span> <span class='ocrx_word' id='word_1_260' title='bbox 394 2919 514 2979; x_wconf 90' lang='lat' dir='ltr'><strong>quoque</strong></span> <span class='ocrx_word' id='word_1_261' title='bbox 534 2899 771 2982; x_wconf 86' lang='lat' dir='ltr'><strong>comprehendit,</strong></span> <span class='ocrx_word' id='word_1_262' title='bbox 788 2897 951 2981; x_wconf 83' lang='lat' dir='ltr'><strong>qnod-eius</strong></span> <span class='ocrx_word' id='word_1_263' title='bbox 971 2919 1066 2960; x_wconf 89' lang='lat' dir='ltr'><strong>amma</strong></span> <span class='ocrx_word' id='word_1_264' title='bbox 1085 2898 1218 2967; x_wconf 78' lang='lat' dir='ltr'><strong>subiecta</strong></span> <span class='ocrx_word' id='word_1_265' title='bbox 1263 2931 1267 2940; x_wconf 54' lang='lat'><strong>⁴</strong></span> 
     </span>
    </p>

    <p class='ocr_par' dir='ltr' id='par_1_10' title="bbox 8 2927 1233 3978">
     <span class='ocr_line' id='line_1_31' title="bbox 8 2927 1218 3062; baseline -0.005 -21"><span class='ocrx_word' id='word_1_266' title='bbox 8 2979 9 3004; x_wconf 64' lang='lat'>¹</span> <span class='ocrx_word' id='word_1_267' title='bbox 65 2927 176 3044; x_wconf 75' lang='lat' dir='ltr'><strong>fuerit</strong></span> <span class='ocrx_word' id='word_1_268' title='bbox 193 2977 387 3062; x_wconf 78' lang='lat' dir='ltr'><strong>ignorantiae.</strong></span> <span class='ocrx_word' id='word_1_269' title='bbox 426 2977 495 3036; x_wconf 92' lang='lat' dir='ltr'><strong>Hoc</strong></span> <span class='ocrx_word' id='word_1_270' title='bbox 519 2975 614 3040; x_wconf 91' lang='lat' dir='ltr'><strong>solum</strong></span> <span class='ocrx_word' id='word_1_271' title='bbox 639 2977 794 3038; x_wconf 89' lang='lat' dir='ltr'><strong>discrimen</strong></span> <span class='ocrx_word' id='word_1_272' title='bbox 815 2989 875 3053; x_wconf 86' lang='lat' dir='ltr'><strong>est,</strong></span> <span class='ocrx_word' id='word_1_273' title='bbox 890 2977 977 3037; x_wconf 78' lang='lat' dir='ltr'><strong>,inter</strong></span> <span class='ocrx_word' id='word_1_274' title='bbox 995 2997 1050 3038; x_wconf 87' lang='lat' dir='ltr'><strong>uos</strong></span> <span class='ocrx_word' id='word_1_275' title='bbox 1070 2986 1101 3035; x_wconf 92' lang='lat' dir='ltr'><strong>et</strong></span> <span class='ocrx_word' id='word_1_276' title='bbox 1123 2975 1218 3051; x_wconf 86' lang='lat' dir='ltr'><strong>illum,</strong></span> 
     </span>
     <span class='ocr_line' id='line_1_32' title="bbox 84 3050 1218 3138; baseline -0.006 -20"><span class='ocrx_word' id='word_1_277' title='bbox 84 3057 167 3138; x_wconf 88' lang='lat' dir='ltr'><strong>quod</strong></span> <span class='ocrx_word' id='word_1_278' title='bbox 192 3056 387 3128; x_wconf 84' lang='lat' dir='ltr'><strong>infirmitates,</strong></span> <span class='ocrx_word' id='word_1_279' title='bbox 419 3072 494 3133; x_wconf 88' lang='lat' dir='ltr'><strong>quae</strong></span> <span class='ocrx_word' id='word_1_280' title='bbox 519 3074 574 3114; x_wconf 92' lang='lat' dir='ltr'><strong>nos</strong></span> <span class='ocrx_word' id='word_1_281' title='bbox 600 3053 773 3114; x_wconf 87' lang='lat' dir='ltr'><strong>necessitate</strong></span> <span class='ocrx_word' id='word_1_282' title='bbox 798 3050 1022 3136; x_wconf 77' lang='lat' dir='ltr'><strong>constringunt,</strong></span> <span class='ocrx_word' id='word_1_283' title='bbox 1051 3061 1159 3133; x_wconf 83' lang='lat' dir='ltr'><strong>sponte</strong></span> <span class='ocrx_word' id='word_1_284' title='bbox 1186 3063 1218 3112; x_wconf 92' lang='lat' dir='ltr'><strong>et</strong></span> 
     </span>
     <span class='ocr_line' id='line_1_33' title="bbox 105 3125 1216 3214; baseline -0.003 -22"><span class='ocrx_word' id='word_1_285' title='bbox 105 3127 210 3214; x_wconf 68' lang='lat' dir='ltr'><strong>rophia</strong></span> <span class='ocrx_word' id='word_1_286' title='bbox 233 3131 383 3193; x_wconf 90' lang='lat' dir='ltr'><strong>voluntate</strong></span> <span class='ocrx_word' id='word_1_287' title='bbox 409 3129 548 3210; x_wconf 65' lang='lat' dir='ltr'><strong>suscepit,</strong></span> <span class='ocrx_word' id='word_1_288' title='bbox 592 3130 675 3212; x_wconf 80' lang='lat' dir='ltr'><strong>Ergo</strong></span> <span class='ocrx_word' id='word_1_289' title='bbox 704 3151 760 3210; x_wconf 86' lang='lat' dir='ltr'><strong>pro</strong></span> <span class='ocrx_word' id='word_1_290' title='bbox 793 3129 895 3194; x_wconf 90' lang='lat' dir='ltr'><strong>aetatis</strong></span> <span class='ocrx_word' id='word_1_291' title='bbox 919 3130 1035 3194; x_wconf 87' lang='lat' dir='ltr'><strong>ratione</strong></span> <span class='ocrx_word' id='word_1_292' title='bbox 1064 3140 1096 3188; x_wconf 85' lang='lat' dir='ltr'><strong>et</strong></span> <span class='ocrx_word' id='word_1_293' title='bbox 1123 3125 1216 3189; x_wconf 82' lang='lat' dir='ltr'><strong>modo</strong></span> 
     </span>
     <span class='ocr_line' id='line_1_34' title="bbox 84 3155 1216 3288; baseline -0.004 -17"><span class='ocrx_word' id='word_1_294' title='bbox 84 3155 222 3271; x_wconf 72' lang='lat' dir='ltr'><strong>hhristus</strong></span> <span class='ocrx_word' id='word_1_295' title='bbox 241 3206 404 3269; x_wconf 87' lang='lat' dir='ltr'><strong>secundum</strong></span> <span class='ocrx_word' id='word_1_296' title='bbox 421 3205 577 3268; x_wconf 90' lang='lat' dir='ltr'><strong>humanam</strong></span> <span class='ocrx_word' id='word_1_297' title='bbox 587 3218 719 3268; x_wconf 90' lang='lat' dir='ltr'><strong>naturam</strong></span> <span class='ocrx_word' id='word_1_298' title='bbox 732 3207 867 3288; x_wconf 84' lang='lat' dir='ltr'><strong>gratuitis</strong></span> <span class='ocrx_word' id='word_1_299' title='bbox 879 3205 1005 3286; x_wconf 85' lang='lat' dir='ltr'><strong>Spiritus</strong></span> <span class='ocrx_word' id='word_1_300' title='bbox 1018 3205 1104 3266; x_wconf 87' lang='lat' dir='ltr'><strong>doriis</strong></span> <span class='ocrx_word' id='word_1_301' title='bbox 1115 3215 1216 3266; x_wconf 86' lang='lat' dir='ltr'><strong>auctus</strong></span> 
     </span>
     <span class='ocr_line' id='line_1_35' title="bbox 85 3275 1215 3418; baseline -0.005 -72"><span class='ocrx_word' id='word_1_302' title='bbox 85 3298 144 3362; x_wconf 86' lang='lat' dir='ltr'><strong>est,</strong></span> <span class='ocrx_word' id='word_1_303' title='bbox 170 3297 205 3346; x_wconf 91' lang='lat' dir='ltr'><strong>ut</strong></span> <span class='ocrx_word' id='word_1_304' title='bbox 230 3305 264 3343; x_wconf 84' lang='lat' dir='ltr'><strong>ex</strong></span> <span class='ocrx_word' id='word_1_305' title='bbox 283 3299 333 3344; x_wconf 87' lang='lat' dir='ltr'><strong>sua</strong></span> <span class='ocrx_word' id='word_1_306' title='bbox 352 3281 535 3374; x_wconf 81' lang='lat' dir='ltr'><strong>plenitudine</strong></span> <span class='ocrx_word' id='word_1_307' title='bbox 559 3282 595 3341; x_wconf 89' lang='lat' dir='ltr'><strong>ad</strong></span> <span class='ocrx_word' id='word_1_308' title='bbox 620 3302 679 3343; x_wconf 87' lang='lat' dir='ltr'><strong>nos</strong></span> <span class='ocrx_word' id='word_1_309' title='bbox 694 3275 933 3358; x_wconf 80' lang='lat' dir='ltr'><strong>transfunderet,</strong></span> <span class='ocrx_word' id='word_1_310' title='bbox 952 3281 1019 3362; x_wconf 90' lang='lat' dir='ltr'><strong>quia</strong></span> <span class='ocrx_word' id='word_1_311' title='bbox 1037 3281 1161 3418; x_wconf 62' lang='lat' dir='ltr'><strong>qratiam</strong></span> <span class='ocrx_word' id='word_1_312' title='bbox 1181 3301 1215 3341; x_wconf 88' lang='lat' dir='ltr'><strong>ex</strong></span> 
     </span>
     <span class='ocr_line' id='line_1_36' title="bbox 85 3357 1216 3445; baseline -0.002 -25"><span class='ocrx_word' id='word_1_313' title='bbox 85 3363 147 3423; x_wconf 91' lang='lat' dir='ltr'><strong>eius</strong></span> <span class='ocrx_word' id='word_1_314' title='bbox 168 3363 262 3445; x_wconf 81' lang='lat' dir='ltr'><strong>gratia</strong></span> <span class='ocrx_word' id='word_1_315' title='bbox 281 3359 439 3419; x_wconf 79' lang='lat' dir='ltr'><strong>haurimus.</strong></span> <span class='ocrx_word' id='word_1_316' title='bbox 484 3357 614 3432; x_wconf 89' lang='lat' dir='ltr'><strong>Quidam</strong></span> <span class='ocrx_word' id='word_1_317' title='bbox 639 3359 724 3419; x_wconf 88' lang='lat' dir='ltr'><strong>nimis</strong></span> <span class='ocrx_word' id='word_1_318' title='bbox 749 3358 916 3420; x_wconf 87' lang='lat' dir='ltr'><strong>meticulosi</strong></span> <span class='ocrx_word' id='word_1_319' title='bbox 936 3358 1016 3438; x_wconf 88' lang='lat' dir='ltr'><strong>quod</strong></span> <span class='ocrx_word' id='word_1_320' title='bbox 1062 3358 1087 3424; x_wconf 85' lang='lat' dir='ltr'><strong>ie</strong></span> <span class='ocrx_word' id='word_1_321' title='bbox 1108 3358 1216 3418; x_wconf 85' lang='lat' dir='ltr'><strong>dicitur</strong></span> 
     </span>
     <span class='ocr_line' id='line_1_37' title="bbox 85 3433 1214 3521; baseline -0.004 -24"><span class='ocrx_word' id='word_1_322' title='bbox 85 3439 267 3521; x_wconf 85' lang='lat' dir='ltr'><strong>restringunt</strong></span> <span class='ocrx_word' id='word_1_323' title='bbox 286 3436 322 3496; x_wconf 86' lang='lat' dir='ltr'><strong>ad</strong></span> <span class='ocrx_word' id='word_1_324' title='bbox 342 3443 490 3495; x_wconf 81' lang='lat' dir='ltr'><strong>externam</strong></span> <span class='ocrx_word' id='word_1_325' title='bbox 510 3435 647 3514; x_wconf 85' lang='lat' dir='ltr'><strong>speciem,</strong></span> <span class='ocrx_word' id='word_1_326' title='bbox 667 3435 755 3514; x_wconf 80' lang='lat' dir='ltr'><strong>atque</strong></span> <span class='ocrx_word' id='word_1_327' title='bbox 775 3447 943 3516; x_wconf 61' lang='lat' dir='ltr'><strong>exponente</strong></span> <span class='ocrx_word' id='word_1_328' title='bbox 957 3433 1107 3495; x_wconf 87' lang='lat' dir='ltr'><strong>Christum</strong></span> <span class='ocrx_word' id='word_1_329' title='bbox 1121 3436 1214 3495; x_wconf 84' lang='lat' dir='ltr'><strong>visum</strong></span> 
     </span>
     <span class='ocr_line' id='line_1_38' title="bbox 85 3495 1233 3600; baseline -0.002 -29"><span class='ocrx_word' id='word_1_330' title='bbox 85 3533 147 3576; x_wconf 87' lang='lat' dir='ltr'><strong>esse</strong></span> <span class='ocrx_word' id='word_1_331' title='bbox 159 3513 330 3600; x_wconf 80' lang='lat' dir='ltr'><strong>proficere,</strong></span> <span class='ocrx_word' id='word_1_332' title='bbox 364 3511 477 3572; x_wconf 89' lang='lat' dir='ltr'><strong>etiamsi</strong></span> <span class='ocrx_word' id='word_1_333' title='bbox 496 3531 528 3570; x_wconf 91' lang='lat' dir='ltr'><strong>re</strong></span> <span class='ocrx_word' id='word_1_334' title='bbox 547 3510 608 3591; x_wconf 84' lang='lat' dir='ltr'><strong>ipsa</strong></span> <span class='ocrx_word' id='word_1_335' title='bbox 628 3511 704 3580; x_wconf 87' lang='lat' dir='ltr'><strong>nibil</strong></span> <span class='ocrx_word' id='word_1_336' title='bbox 723 3510 767 3572; x_wconf 91' lang='lat' dir='ltr'><strong>illi</strong></span> <span class='ocrx_word' id='word_1_337' title='bbox 785 3531 879 3572; x_wconf 89' lang='lat' dir='ltr'><strong>novae</strong></span> <span class='ocrx_word' id='word_1_338' title='bbox 898 3511 1110 3593; x_wconf 83' lang='lat' dir='ltr'><strong>intelligentiae</strong></span> <span class='ocrx_word' id='word_1_339' title='bbox 1127 3495 1233 3571; x_wconf 61' lang='lat' dir='ltr'><strong>acce-⁸</strong></span> 
     </span>
     <span class='ocr_line' id='line_1_39' title="bbox 86 3584 1212 3662; baseline -0.004 -14"><span class='ocrx_word' id='word_1_340' title='bbox 86 3591 178 3652; x_wconf 89' lang='lat' dir='ltr'><strong>deret.</strong></span> <span class='ocrx_word' id='word_1_341' title='bbox 227 3590 301 3650; x_wconf 79' lang='lat' dir='ltr'><strong>Sed·</strong></span> <span class='ocrx_word' id='word_1_342' title='bbox 319 3587 404 3647; x_wconf 86' lang='lat' dir='ltr'><strong>aliter</strong></span> <span class='ocrx_word' id='word_1_343' title='bbox 426 3599 534 3648; x_wconf 90' lang='lat' dir='ltr'><strong>sonant</strong></span> <span class='ocrx_word' id='word_1_344' title='bbox 558 3587 662 3662; x_wconf 88' lang='lat' dir='ltr'><strong>verba,</strong></span> <span class='ocrx_word' id='word_1_345' title='bbox 694 3597 725 3648; x_wconf 90' lang='lat' dir='ltr'><strong>et</strong></span> <span class='ocrx_word' id='word_1_346' title='bbox 755 3585 861 3648; x_wconf 85' lang='lat' dir='ltr'><strong>clarius</strong></span> <span class='ocrx_word' id='word_1_347' title='bbox 886 3588 980 3648; x_wconf 87' lang='lat' dir='ltr'><strong>adhue</strong></span> <span class='ocrx_word' id='word_1_348' title='bbox 998 3587 1144 3647; x_wconf 80' lang='lat' dir='ltr'><strong>refellitur</strong></span> <span class='ocrx_word' id='word_1_349' title='bbox 1163 3584 1212 3644; x_wconf 91' lang='lat' dir='ltr'><strong>hic</strong></span> 
     </span>
     <span class='ocr_line' id='line_1_40' title="bbox 87 3663 1212 3746; baseline -0.004 -20"><span class='ocrx_word' id='word_1_350' title='bbox 87 3686 180 3743; x_wconf 81' lang='lat' dir='ltr'><strong>error,</strong></span> <span class='ocrx_word' id='word_1_351' title='bbox 200 3687 289 3746; x_wconf 89' lang='lat' dir='ltr'><strong>quum</strong></span> <span class='ocrx_word' id='word_1_352' title='bbox 310 3664 398 3745; x_wconf 85' lang='lat' dir='ltr'><strong>paulo</strong></span> <span class='ocrx_word' id='word_1_353' title='bbox 418 3675 488 3746; x_wconf 89' lang='lat' dir='ltr'><strong>post</strong></span> <span class='ocrx_word' id='word_1_354' title='bbox 505 3663 586 3722; x_wconf 87' lang='lat' dir='ltr'><strong>addit</strong></span> <span class='ocrx_word' id='word_1_355' title='bbox 605 3664 714 3737; x_wconf 82' lang='lat' dir='ltr'><strong>Lucas,</strong></span> <span class='ocrx_word' id='word_1_356' title='bbox 734 3685 812 3742; x_wconf 73' lang='lat' dir='ltr'><strong>perer</strong></span> <span class='ocrx_word' id='word_1_357' title='bbox 829 3678 921 3724; x_wconf 81' lang='lat' dir='ltr'><strong>aetate</strong></span> <span class='ocrx_word' id='word_1_358' title='bbox 939 3678 966 3724; x_wconf 82' lang='lat' dir='ltr'><strong>et</strong></span> <span class='ocrx_word' id='word_1_359' title='bbox 982 3667 1126 3740; x_wconf 70' lang='lat' dir='ltr'><strong>sapientia</strong></span> <span class='ocrx_word' id='word_1_360' title='bbox 1137 3681 1212 3738; x_wconf 67' lang='lat' dir='ltr'><strong>pre-</strong></span> 
     </span>
     <span class='ocr_line' id='line_1_41' title="bbox 78 3731 1214 3824; baseline -0.004 -22"><span class='ocrx_word' id='word_1_361' title='bbox 78 3743 198 3818; x_wconf 75' lang='lat' dir='ltr'><strong>fidebat</strong></span> <span class='ocrx_word' id='word_1_362' title='bbox 222 3741 304 3818; x_wconf 79' lang='lat' dir='ltr'><strong>opud</strong></span> <span class='ocrx_word' id='word_1_363' title='bbox 321 3741 418 3802; x_wconf 84' lang='lat' dir='ltr'><strong>Deum</strong></span> <span class='ocrx_word' id='word_1_364' title='bbox 442 3753 469 3800; x_wconf 83' lang='lat' dir='ltr'><strong>et</strong></span> <span class='ocrx_word' id='word_1_365' title='bbox 490 3736 625 3800; x_wconf 69' lang='lat' dir='ltr'><strong>laederes.</strong></span> <span class='ocrx_word' id='word_1_366' title='bbox 672 3741 781 3820; x_wconf 87' lang='lat' dir='ltr'><strong>Neque</strong></span> <span class='ocrx_word' id='word_1_367' title='bbox 809 3742 887 3800; x_wconf 87' lang='lat' dir='ltr'><strong>enirn</strong></span> <span class='ocrx_word' id='word_1_368' title='bbox 906 3731 1066 3824; x_wconf 85' lang='lat' dir='ltr'><strong>‘imaginari</strong></span> <span class='ocrx_word' id='word_1_369' title='bbox 1088 3738 1132 3802; x_wconf 87' lang='lat' dir='ltr'><strong>fas</strong></span> <span class='ocrx_word' id='word_1_370' title='bbox 1158 3747 1214 3813; x_wconf 50' lang='lat' dir='ltr'><strong>este</strong></span> 
     </span>
     <span class='ocr_line' id='line_1_42' title="bbox 87 3816 1212 3908; baseline -0.004 -33"><span class='ocrx_word' id='word_1_371' title='bbox 87 3817 198 3881; x_wconf 82' lang='lat' dir='ltr'><strong>latuisse</strong></span> <span class='ocrx_word' id='word_1_372' title='bbox 217 3818 312 3879; x_wconf 90' lang='lat' dir='ltr'><strong>intelli</strong></span> <span class='ocrx_word' id='word_1_373' title='bbox 336 3819 444 3878; x_wconf 90' lang='lat' dir='ltr'><strong>entiam</strong></span> <span class='ocrx_word' id='word_1_374' title='bbox 463 3816 492 3876; x_wconf 89' lang='lat' dir='ltr'><strong>in</strong></span> <span class='ocrx_word' id='word_1_375' title='bbox 515 3816 645 3892; x_wconf 83' lang='lat' dir='ltr'><strong>Christo,</strong></span> <span class='ocrx_word' id='word_1_376' title='bbox 664 3837 741 3898; x_wconf 90' lang='lat' dir='ltr'><strong>quae</strong></span> <span class='ocrx_word' id='word_1_377' title='bbox 759 3817 835 3898; x_wconf 86' lang='lat' dir='ltr'><strong>apud</strong></span> <span class='ocrx_word' id='word_1_378' title='bbox 855 3837 921 3883; x_wconf 87' lang='lat' dir='ltr'><strong>eum</strong></span> <span class='ocrx_word' id='word_1_379' title='bbox 941 3839 956 3877; x_wconf 91' lang='lat' dir='ltr'><strong>a</strong></span> <span class='ocrx_word' id='word_1_380' title='bbox 977 3817 1077 3908; x_wconf 84' lang='lat' dir='ltr'><strong>paruit</strong></span> <span class='ocrx_word' id='word_1_381' title='bbox 1092 3825 1212 3893; x_wconf 84' lang='lat' dir='ltr'><strong>tempo-</strong></span> 
     </span>
     <span class='ocr_line' id='line_1_43' title="bbox 87 3837 1211 3978; baseline -0.002 -26"><span class='ocrx_word' id='word_1_382' title='bbox 87 3895 124 3955; x_wconf 89' lang='lat' dir='ltr'><strong>ris</strong></span> <span class='ocrx_word' id='word_1_383' title='bbox 143 3916 285 3958; x_wconf 86' lang='lat' dir='ltr'><strong>successu.</strong></span> <span class='ocrx_word' id='word_1_384' title='bbox 314 3837 386 3955; x_wconf 52' lang='lat' dir='ltr'><strong>hice</strong></span> <span class='ocrx_word' id='word_1_385' title='bbox 405 3913 477 3954; x_wconf 85' lang='lat' dir='ltr'><strong>vero</strong></span> <span class='ocrx_word' id='word_1_386' title='bbox 497 3893 618 3978; x_wconf 85' lang='lat' dir='ltr'><strong>dubiam</strong></span> <span class='ocrx_word' id='word_1_387' title='bbox 638 3905 693 3968; x_wconf 81' lang='lat' dir='ltr'><strong>est,</strong></span> <span class='ocrx_word' id='word_1_388' title='bbox 734 3893 784 3954; x_wconf 89' lang='lat' dir='ltr'><strong>uin</strong></span> <span class='ocrx_word' id='word_1_389' title='bbox 804 3893 862 3953; x_wconf 89' lang='lat' dir='ltr'><strong>Dei</strong></span> <span class='ocrx_word' id='word_1_390' title='bbox 881 3839 1036 3954; x_wconf 73' lang='lat' dir='ltr'><strong>consilium</strong></span> <span class='ocrx_word' id='word_1_391' title='bbox 1056 3889 1145 3950; x_wconf 83' lang='lat' dir='ltr'><strong>fuerit</strong></span> <span class='ocrx_word' id='word_1_392' title='bbox 1164 3889 1211 3950; x_wconf 88' lang='lat' dir='ltr'><strong>di-</strong></span> 
     </span>
    </p>

    <p class='ocr_par' dir='ltr' id='par_1_11' title="bbox 88 3914 1289 4416">
     <span class='ocr_line' id='line_1_44' title="bbox 88 3914 1212 4060; baseline -0.004 -32"><span class='ocrx_word' id='word_1_393' title='bbox 88 3983 163 4032; x_wconf 89' lang='lat' dir='ltr'><strong>serte</strong></span> <span class='ocrx_word' id='word_1_394' title='bbox 173 3973 344 4054; x_wconf 79' lang='lat' dir='ltr'><strong>exprimere,</strong></span> <span class='ocrx_word' id='word_1_395' title='bbox 364 3991 451 4050; x_wconf 91' lang='lat' dir='ltr'><strong>quam</strong></span> <span class='ocrx_word' id='word_1_396' title='bbox 470 3989 538 4029; x_wconf 87' lang='lat' dir='ltr'><strong>vere</strong></span> <span class='ocrx_word' id='word_1_397' title='bbox 559 3981 596 4028; x_wconf 86' lang='lat' dir='ltr'><strong>et·</strong></span> <span class='ocrx_word' id='word_1_398' title='bbox 608 3969 702 4029; x_wconf 86' lang='lat' dir='ltr'><strong>solide</strong></span> <span class='ocrx_word' id='word_1_399' title='bbox 714 3914 858 4046; x_wconf 62' lang='lat' dir='ltr'><strong>dlhristuu</strong></span> <span class='ocrx_word' id='word_1_400' title='bbox 878 3992 967 4060; x_wconf 87' lang='lat' dir='ltr'><strong>quum</strong></span> <span class='ocrx_word' id='word_1_401' title='bbox 987 3967 1083 4046; x_wconf 82' lang='lat' dir='ltr'><strong>induit</strong></span> <span class='ocrx_word' id='word_1_402' title='bbox 1092 3984 1212 4055; x_wconf 72' lang='lat' dir='ltr'><strong>carnem</strong></span> 
     </span>
     <span class='ocr_line' id='line_1_45' title="bbox 88 4041 1289 4124; baseline -0.006 -19"><span class='ocrx_word' id='word_1_403' title='bbox 88 4060 232 4124; x_wconf 86' lang='lat' dir='ltr'><strong>nostram,</strong></span> <span class='ocrx_word' id='word_1_404' title='bbox 258 4068 360 4112; x_wconf 84' lang='lat' dir='ltr'><strong>omnes</strong></span> <span class='ocrx_word' id='word_1_405' title='bbox 384 4047 530 4118; x_wconf 84' lang='lat' dir='ltr'><strong>fraternae</strong></span> <span class='ocrx_word' id='word_1_406' title='bbox 550 4067 615 4104; x_wconf 87' lang='lat' dir='ltr'><strong>cnm</strong></span> <span class='ocrx_word' id='word_1_407' title='bbox 637 4045 803 4110; x_wconf 87' lang='lat' dir='ltr'><strong>bominibus</strong></span> <span class='ocrx_word' id='word_1_408' title='bbox 823 4043 1041 4111; x_wconf 74' lang='lat' dir='ltr'><strong>coniunctionis</strong></span> <span class='ocrx_word' id='word_1_409' title='bbox 1058 4052 1155 4123; x_wconf 86' lang='lat' dir='ltr'><strong>partes</strong></span> <span class='ocrx_word' id='word_1_410' title='bbox 1174 4051 1213 4101; x_wconf 83' lang='lat' dir='ltr'><strong>sat</strong></span> <span class='ocrx_word' id='word_1_411' title='bbox 1282 4041 1289 4056; x_wconf 60' lang='lat'>⁸</span> 
     </span>
     <span class='ocr_line' id='line_1_46' title="bbox 89 4115 1213 4206; baseline 0 -26"><span class='ocrx_word' id='word_1_412' title='bbox 89 4123 240 4205; x_wconf 76' lang='lat' dir='ltr'><strong>amplexus,</strong></span> <span class='ocrx_word' id='word_1_413' title='bbox 277 4125 382 4205; x_wconf 88' lang='lat' dir='ltr'><strong>Neque</strong></span> <span class='ocrx_word' id='word_1_414' title='bbox 407 4123 465 4192; x_wconf 83' lang='lat' dir='ltr'><strong>boc</strong></span> <span class='ocrx_word' id='word_1_415' title='bbox 485 4121 575 4182; x_wconf 91' lang='lat' dir='ltr'><strong>modo</strong></span> <span class='ocrx_word' id='word_1_416' title='bbox 601 4120 754 4201; x_wconf 79' lang='lat' dir='ltr'><strong>duplicem¹</strong></span> <span class='ocrx_word' id='word_1_417' title='bbox 770 4122 864 4206; x_wconf 87' lang='lat' dir='ltr'><strong>ipsum</strong></span> <span class='ocrx_word' id='word_1_418' title='bbox 890 4120 1041 4202; x_wconf 84' lang='lat' dir='ltr'><strong>fingimus:</strong></span> <span class='ocrx_word' id='word_1_419' title='bbox 1070 4139 1137 4178; x_wconf 89' lang='lat' dir='ltr'><strong>nam</strong></span> <span class='ocrx_word' id='word_1_420' title='bbox 1157 4115 1213 4184; x_wconf 79' lang='lat' dir='ltr'><strong>etsi</strong></span> 
     </span>
     <span class='ocr_line' id='line_1_47' title="bbox 88 4195 1211 4290; baseline 0.001 -36"><span class='ocrx_word' id='word_1_421' title='bbox 88 4217 144 4258; x_wconf 87' lang='lat' dir='ltr'><strong>una</strong></span> <span class='ocrx_word' id='word_1_422' title='bbox 166 4201 223 4262; x_wconf 90' lang='lat' dir='ltr'><strong>fuit</strong></span> <span class='ocrx_word' id='word_1_423' title='bbox 240 4201 302 4260; x_wconf 80' lang='lat' dir='ltr'><strong>Dei</strong></span> <span class='ocrx_word' id='word_1_424' title='bbox 320 4214 351 4262; x_wconf 93' lang='lat' dir='ltr'><strong>et</strong></span> <span class='ocrx_word' id='word_1_425' title='bbox 367 4197 489 4260; x_wconf 77' lang='lat' dir='ltr'><strong>leontinis</strong></span> <span class='ocrx_word' id='word_1_426' title='bbox 515 4218 658 4279; x_wconf 85' lang='lat' dir='ltr'><strong>persona,</strong></span> <span class='ocrx_word' id='word_1_427' title='bbox 683 4219 746 4258; x_wconf 90' lang='lat' dir='ltr'><strong>non</strong></span> <span class='ocrx_word' id='word_1_428' title='bbox 770 4198 902 4290; x_wconf 87' lang='lat' dir='ltr'><strong>sequitur</strong></span> <span class='ocrx_word' id='word_1_429' title='bbox 925 4207 1040 4271; x_wconf 81' lang='lat' dir='ltr'><strong>tamen,</strong></span> <span class='ocrx_word' id='word_1_430' title='bbox 1065 4195 1211 4268; x_wconf 86' lang='lat' dir='ltr'><strong>humanae</strong></span> 
     </span>
     <span class='ocr_line' id='line_1_48' title="bbox 88 4272 1212 4416; baseline 0 -84"><span class='ocrx_word' id='word_1_431' title='bbox 88 4285 207 4340; x_wconf 84' lang='lat' dir='ltr'><strong>naturae</strong></span> <span class='ocrx_word' id='word_1_432' title='bbox 232 4277 319 4338; x_wconf 87' lang='lat' dir='ltr'><strong>fuisse</strong></span> <span class='ocrx_word' id='word_1_433' title='bbox 340 4278 438 4337; x_wconf 89' lang='lat' dir='ltr'><strong>datum</strong></span> <span class='ocrx_word' id='word_1_434' title='bbox 460 4274 597 4416; x_wconf 83' lang='lat' dir='ltr'><strong>quicquid</strong></span> <span class='ocrx_word' id='word_1_435' title='bbox 618 4275 770 4358; x_wconf 75' lang='lat' dir='ltr'><strong>propdum</strong></span> <span class='ocrx_word' id='word_1_436' title='bbox 791 4272 947 4334; x_wconf 79' lang='lat' dir='ltr'><strong>divinitatis</strong></span> <span class='ocrx_word' id='word_1_437' title='bbox 967 4284 1045 4349; x_wconf 82' lang='lat' dir='ltr'><strong>erat,</strong></span> <span class='ocrx_word' id='word_1_438' title='bbox 1068 4272 1120 4334; x_wconf 88' lang='lat' dir='ltr'><strong>sed</strong></span> <span class='ocrx_word' id='word_1_439' title='bbox 1140 4291 1212 4354; x_wconf 84' lang='lat' dir='ltr'><strong>qua·¹</strong></span> 
     </span>
    </p>
   </div>
   <div class='ocr_carea' id='block_1_4' title="bbox 90 4345 1225 4438">
    <p class='ocr_par' dir='ltr' id='par_1_12' title="bbox 90 4345 1225 4438">
     <span class='ocr_line' id='line_1_49' title="bbox 90 4345 1225 4438; baseline 0.003 -26"><span class='ocrx_word' id='word_1_440' title='bbox 90 4357 173 4415; x_wconf 83' lang='lat' dir='ltr'><strong>tenus</strong></span> <span class='ocrx_word' id='word_1_441' title='bbox 191 4347 287 4418; x_wconf 86' lang='lat' dir='ltr'><strong>salutis</strong></span> <span class='ocrx_word' id='word_1_442' title='bbox 299 4357 415 4418; x_wconf 79' lang='lat' dir='ltr'><strong>nostrae</strong></span> <span class='ocrx_word' id='word_1_443' title='bbox 434 4352 465 4414; x_wconf 88' lang='lat' dir='ltr'><strong>in</strong></span> <span class='ocrx_word' id='word_1_444' title='bbox 481 4352 569 4418; x_wconf 87' lang='lat' dir='ltr'><strong>erfuit</strong></span> <span class='ocrx_word' id='word_1_445' title='bbox 581 4350 707 4417; x_wconf 80' lang='lat' dir='ltr'><strong>divinam</strong></span> <span class='ocrx_word' id='word_1_446' title='bbox 726 4349 811 4420; x_wconf 47' lang='lat' dir='ltr'><strong>suam*</strong></span> <span class='ocrx_word' id='word_1_447' title='bbox 827 4348 990 4432; x_wconf 85' lang='lat' dir='ltr'><strong>potentiam</strong></span> <span class='ocrx_word' id='word_1_448' title='bbox 1010 4351 1092 4438; x_wconf 89' lang='lat' dir='ltr'><strong>quasi</strong></span> <span class='ocrx_word' id='word_1_449' title='bbox 1110 4345 1225 4430; x_wconf 79' lang='lat' dir='ltr'><strong>occul·¹</strong></span> 
     </span>
    </p>
   </div>
   <div class='ocr_carea' id='block_1_5' title="bbox 741 2215 1254 2286">
    <p class='ocr_par' dir='ltr' id='par_1_13' title="bbox 741 2215 1254 2286">
     <span class='ocr_line' id='line_1_50' title="bbox 741 2215 1254 2286; baseline -0.002 -12"><span class='ocrx_word' id='word_1_450' title='bbox 741 2232 786 2274; x_wconf 91' lang='lat' dir='ltr'><strong>am</strong></span> <span class='ocrx_word' id='word_1_451' title='bbox 807 2216 954 2286; x_wconf 71' lang='lat' dir='ltr'><strong>divinitati</strong></span> <span class='ocrx_word' id='word_1_452' title='bbox 979 2215 1054 2286; x_wconf 83' lang='lat' dir='ltr'><strong>nihil</strong></span> <span class='ocrx_word' id='word_1_453' title='bbox 1077 2217 1221 2280; x_wconf 78' lang='lat' dir='ltr'><strong>accedere</strong></span> <span class='ocrx_word' id='word_1_454' title='bbox 1251 2265 1254 2273; x_wconf 80' lang='grc'>,</span> 
     </span>
    </p>
   </div>
   <div class='ocr_carea' id='block_1_6' title="bbox 0 0 1420 4756">
    <p class='ocr_par' dir='ltr' id='par_1_14' title="bbox 0 0 1420 4756">
     <span class='ocr_line' id='line_1_51' title="bbox 0 0 1420 4756; baseline 0 0"><span class='ocrx_word' id='word_1_455' title='bbox 0 0 1420 4756; x_wconf 95' lang='lat' dir='ltr'><strong> </strong></span> 
     </span>
    </p>
   </div>
  </div>
 </body>
</html>
