2808 4748
81 2541 89 2562 ,
184 2501 279 2556 esse,
305 2476 356 2558 qui
374 2474 442 2532 Deo
461 2458 581 2536 mentiri
607 2471 638 2518 et
660 2479 684 2517 sr
1155 2519 1156 2522 Ἴ

199 2557 396 2621 mulatiouem
412 2567 468 2629 pro
488 2563 522 2604 re
548 2535 725 2602 obtendunt
763 2527 839 2587 Mira
858 2535 904 2584 est
922 2522 1016 2598 enim,
1033 2529 1068 2578 ut
1087 2517 1163 2594 dixi,
1179 2516 1211 2576 in
1229 2513 1341 2596 hypo-¹
1362 2581 1365 2588 Ι

624 2613 720 2672 donec
744 2605 773 2666 vi
801 2601 1002 2676 excutientur,
1025 2595 1172 2655 mordicus
1196 2592 1325 2652 retinent
1390 2647 1391 2650 ,

199 2709 308 2793 pellem
328 2723 417 2766 snam.
455 2699 518 2756 Iam
538 2690 619 2772 quod
638 2686 732 2769 palam
753 2677 942 2740 eosloannes
957 2670 1218 2736 coram'omnibus·
1231 2669 1326 2749 arguit
1390 2673 1391 2736 t

184 247 224 311 96
348 233 500 300 SECTIO
520 233 592 295 Νι
612 231 688 312 Iesu
707 206 951 288 unrrrsuus'er
972 233 1147 286 murano.

187 395 268 470 dixit
287 388 330 458 ad
350 384 489 466 eosne
509 377 588 476 quid
605 335 739 465 amplius
761 397 857 462 quam
877 367 967 460 quo'd
988 368 1084 436 vobis
1103 367 1337 444 coustitutum·

176 467 397 586 ¹est'lexigatis.
438 486 490 552 14.Ι
509 477 757 567 Interrogabant
778 487 884 542 autem
906 494 979 538 eum
1000 480 1034 536 et
1054 467 1182 545 milites,
1202 466 1320 532 dicen-

186 609 245 679 tes,
262 597 305 664 Et
324 613 386 662 nos
404 585 482 676 quid
503 584 677 650 faciemus?
697 581 753 645 hit
772 578 845 657 illis,
865 575 918 642 Ne
936 593 1032 659 quem
1053 569 1251 647 concutiatis,
1264 577 1320 632 'ne

188 722 285 790 quem
305 688 559 764 calumniemini,
580 693 614 750 et
626 680 776 748 'contenti
797 685 900 748 estote
918 667 1087 758 stipendiis
1107 669 1232 733 vestris.

146 934 153 944 ,
282 829 387 922 nate.
412 859 440 922 τ.
487 815 590 936 Qum,
605 845 720 907 eamn
747 837 789 903 ee
811 835 986 918 essene.
1028 835 1086 899 sne
1113 806 1210 894 naris
1235 825 1317 891 net.

188 946 290 1008 thaeus
309 949 341 998 et
357 936 463 1007 Lucas,
479 930 622 1009 loannem
641 944 703 990 non
722 920 753 984 in
773 935 884 1002 genere
902 913 993 975 modo
1012 911 1193 993 praedicasse
1211 907 1321 988 poeni.

293 1077 300 1094 t

189 1117 258 1162 sane
277 1089 382 1172 frigida
402 1085 457 1147 erit
476 1082 571 1143 doccn
593 1079 603 1137 i
622 1075 709 1151 ratio,
727 1072 784 1132 nisi
803 1068 966 1154 prudenter
985 1065 1150 1146 expendant
1168 1063 1321 1134 doctores,

190 1175 261 1258 quid
280 1173 374 1250 exigat
391 1175 522 1242 tempus,
546 1166 577 1216 et
596 1153 665 1292 puid
684 1148 817 1233 personis
837 1143 1009 1206 conveniat:
1034 1161 1090 1202 nec
1109 1139 1265 1220 quicquam
1281 1137 1320 1196 in

190 1257 246 1317 hac
266 1257 349 1332 parte
367 1238 458 1320 magis
476 1236 628 1312 inaequae
649 1240 703 1304 cst,
722 1246 809 1364 apuam
827 1232 972 1358 perpetua
991 1217 1157 1299 aequalitas.
1195 1215 1260 1274 Hac
1281 1213 1338 1274 de.
1390 1269 1391 1272 ,

192 1347 277 1394 cansa
290 1318 422 1384 celerius
445 1323 583 1372 tractasse
603 1307 709 1368 dicitur
745 1321 855 1380 oannes
901 1291 1045 1357 haris‘acos
1070 1305 1106 1375 et
1120 1291 1321 1366 Sadducaeos,

193 1407 404 1489 quiapropter
421 1387 590 1472 hypocrisin
611 1395 642 1444 et
660 1383 777 1455 fastum,
797 1397 856 1458 quo
877 1371 1047 1454 turgebant,
1058 1369 1161 1446 ,acrius
1181 1387 1243 1428 esse
1262 1388 1320 1446 pu-

192 1479 318 1545 niendos
342 1468 464 1536 videbat·
485 1485 573 1544 qnam
597 1458 752 1522 hominurn
778 1450 891 1534 vulgus,
935 1449 1108 1521 Caeterum,
1139 1465 1198 1525 quo
1222 1439 1321 1524 probe

191 1572 342 1622 teneamus
363 1547 425 1608 eius
443 1541 614 1616 consilium,
638 1533 789 1598 sciendum
809 1541 868 1604 est,
887 1525 961 1586 nihil
980 1544 1043 1585 esse
1061 1521 1153 1605 magis
1171 1519 1321 1611 stupidum
1349 1552 1351 1558 ε

193 1628 379 1715 hpocritis,
405 1621 456 1716 gui
476 1609 820 1694 externasanctimoniae
844 1604 921 1688 larva
945 1621 977 1662 se
1022 1613 1035 1660 t
1057 1597 1129 1660 alios
1161 1597 1321 1676 decrprunt

225 1731 272 1772 am
289 1719 324 1767 ut
342 1723 447 1786 passim
467 1695 604 1758 fulminet
621 1690 703 1750 Deus
723 1695 828 1747 contra
845 1692 943 1744 totum
963 1699 993 1737 m
1015 1677 1114 1750 ndum,
1134 1673 1189 1735 sibi
1209 1672 1322 1754 asylum

128 1835 132 1845 ι
194 1789 267 1852 falsa
289 1785 346 1844 ima
369 1779 501 1840 inatione
522 1769 684 1842 fabricant,
715 1763 783 1843 quia
810 1756 939 1838 persuasi
962 1757 1046 1829 surit,
1078 1751 1152 1812 nihil
1176 1749 1234 1810 sihi
1259 1768 1323 1810 esse

115 1921 116 1926 ,
194 1886 262 1928 cum
273 1862 332 1922 Dei
350 1855 470 1918 iudicio.
508 1849 542 1909 Si
562 1846 625 1928 quis
638 1851 733 1934 putet,
751 1843 940 1918 praepostere
956 1831 1058 1892 fecisse
1070 1829 1222 1902 Ioannem,
1242 1823 1323 1905 quod

99 1953 102 1960 ‘
216 1941 290 2002 rima
309 1935 484 2000 salutatione
502 1939 563 1986 tam
582 1922 695 1982 durrter
714 1935 765 1976 eos
786 1911 943 1990 exceperit,
960 1905 1140 1990 respondeo,
1159 1924 1221 1964 non
1234 1901 1323 1963 luisse

196 2018 242 2082 dli
260 2014 447 2096 incognitos,
472 2015 505 2065 et
522 2020 608 2084 quam
627 1992 730 2056 babuit
749 1988 883 2055 notitiam
908 1999 1026 2046 nones
1045 1979 1257 2043 consuetudine
1276 1975 1323 2038 vel
1390 2043 1391 2050 ἵ

180 2113 232 2158 'ex
254 2091 375 2156 erientia
393 2081 493 2157 l‘nisse,
510 2077 562 2140 sed
581 2073 679 2154 potius
699 2089 733 2128 ex
752 2067 856 2126 arcana
871 2059 1049 2122 revelatione
1062 2057 1198 2140 Spiritus.
1223 2053 1325 2128 Quare

195 2174 252 2236 iths
271 2181 455 2249 nequaquam
473 2153 652 2240 parcendum
671 2146 743 2220 fuit,
761 2162 800 2203 ne
818 2140 910 2222 magis
929 2137 1024 2203 inflati
1044 2135 1163 2204 domum
1181 2131 1323 2208 redirent

198 2247 316 2330 Sitquis
336 2261 450 2305 rursum
469 2231 604 2306 obiiciat,
622 2238 681 2286 tam
701 2223 775 2284 dura
793 2215 1002 2306 obiurgatione
1021 2231 1084 2275 nou
1102 2211 1191 2271 luisse
1208 2220 1324 2268 terren·
1390 2201 1391 2278 ἶ

198 2329 274 2401 dos,
286 2321 336 2404 qui
354 2339 408 2403 per
426 2307 600 2394 baptismum
620 2323 651 2364 se
671 2300 742 2362 alios
761 2293 883 2377 posthac
902 2292 968 2352 iore
981 2287 1205 2372 profitebantur,
1216 2284 1324 2344 solutio
1390 2361 1391 2370 ἵ

173 2378 176 2444 i
199 2405 288 2466 etiam
306 2401 339 2460 in
362 2401 503 2477 promptu
526 2397 587 2462 est,
611 2379 738 2460 asperius
762 2373 798 2434 ad
822 2379 927 2432 veram
943 2365 1155 2449 poenitentiam
1177 2360 1328 2444 urgendos

675 2453 717 2516 ‘bi
741 2449 857 2512 delicias
877 2447 974 2508 iacere
994 2441 1100 2504 assueti
1120 2441 1218 2500 sucum
1238 2449 1268 2497 et
1286 2437 1323 2498 si-

201 2635 283 2699 critis
308 2624 483 2712 pervicaciae
515 2619 600 2689 ideo,

201 2798 234 2848 et
259 2782 414 2861 obiurgat,
439 2771 475 2834 ad
500 2766 663 2848 exemplum
688 2758 834 2840 pertinet:
866 2772 926 2833 qno
951 2771 1038 2812 seusu
1060 2757 1204 2808 memorat
1221 2745 1325 2821 Lucas,

199 2863 260 2924 hoc
278 2855 324 2918 nd¹
336 2851 436 2916 turbere
450 2849 563 2917 ,dictum
589 2853 660 2902 es‘se.
698 2835 761 2894 Etsi
781 2831 859 2890 enim
878 2847 994 2912 paucos
1013 2825 1146 2886 homines
1165 2823 1327 2915 stringebat

199 2941 344 3008 Ioannes,
357 2989 358 2994 ,
369 2927 500 2991 omnium
518 2934 616 2990 tamen
630 2911 762 2984 ¹hahebat
779 2916 963 2986 respectum,
989 2914 1022 2962 ut
1040 2902 1097 2973 illis
1115 2911 1225 2959 metum
1243 2920 1327 2959 mcu-

201 3025 292 3088 teret,
313 3001 558 3090 quemadmodum
579 2993 686 3056 Pa'ulus
707 2989 742 3063 (I.
763 2984 841 3046 Tim.
860 2989 890 3056 5,
908 2983 970 3058 20.)
991 2979 1058 3039 hinc
1078 2979 1110 3038 in
1128 2974 1254 3057 publicis
1272 2974 1327 3035 ob-

111 3089 113 3102 '
202 3083 418 3172 iurgatisnibus
439 3079 567 3138 fructum
584 3067 711 3151 spectari
735 3061 828 3123 iubet.
865 3059 947 3139 Ergo
967 3056 1139 3117 Pharisaeos
1163 3064 1194 3114 et
1213 3051 1327 3113 Saddu-

175 3189 178 3196 “
204 3157 496 3246 caeospeculiariter
514 3171 579 3214 com
604 3146 693 3206 ellans
719 3143 751 3202 in
775 3157 878 3220 eorum
897 3153 1025 3218 persona
1048 3150 1150 3194 omnes
1172 3128 1258 3190 simul
1276 3128 1327 3189 ad-

285 3303 288 3308 ,
411 3235 509 3293 fictam
534 3219 752 3306 resipiscentiae
777 3213 906 3296 speciem
925 3231 981 3293 pro
1001 3229 1074 3271 vero
1092 3207 1204 3268 affectu
1219 3208 1328 3268 obten-

205 3321 285 3380 dant
323 3315 371 3376 Ad
390 3312 476 3378 haec,
501 3319 682 3387 magnopere
703 3294 796 3357 totius
821 3288 926 3372 populi
949 3291 1092 3348 intererat
1114 3288 1205 3360 scire,
1251 3285 1327 3345 uales

204 3403 303 3458 essent
322 3383 483 3452 Sadducaei
509 3395 539 3444 et
562 3375 729 3450 Pharisaei,
754 3393 771 3432 a
795 3367 901 3448 quibus
925 3365 1031 3424 misere
1056 3373 1212 3445 corruptus
1231 3306 1329 3422 iuerat

178 3473 265 3556 ⁴Ilei
282 3469 398 3542 cultus,
421 3461 535 3601 perdita
559 3455 689 3518 Ecclesia
714 3461 744 3510 et
767 3467 867 3508 eversa
889 3453 954 3503 tota
980 3440 1104 3532 religio,
1130 3439 1181 3518 qui
1205 3438 1328 3518 deniqne

205 3549 263 3615 suis
283 3567 370 3609 corru
391 3542 456 3602 teis
477 3540 669 3599 exstinxerant
686 3527 744 3590 Ilei
768 3524 881 3600 lucem,
906 3531 937 3578 et
959 3539 1017 3578 surs
1036 3517 1112 3579 vitiis
1137 3516 1235 3578 omnia
1253 3515 1328 3575 inie-

205 3636 317 3689 cerant.
364 3564 527 3684 inhabile
552 3633 624 3694 ergo
651 3619 695 3669 est
740 3601 886 3664 Ioannem
932 3594 1028 3655 uhlice
1053 3613 1223 3676 aggressum
1244 3592 1329 3653 luisse

205 3702 404 3772 Pharisaeos,
423 3706 457 3754 ut
480 3693 538 3754 toti
560 3689 620 3750 Dei
643 3649 791 3746 Ecclesiae
817 3617 1002 3769 consuihret,
1032 3690 1071 3730 ne
1102 3669 1224 3750 amplius
1252 3669 1328 3730 inani

205 3779 365 3862 splendore
388 3769 560 3851 simplicium
580 3764 683 3827 oculos
703 3759 966 3840 praestringerent,
990 3766 1045 3808 uec
1069 3747 1158 3828 impia
1177 3746 1329 3830 tyrannide

207 3879 248 3938 op
271 3854 379 3917 ressam'
396 3858 536 3912 tenerent
553 3843 679 3925 plebem.
717 3837 754 3894 In
775 3854 813 3909 eo
831 3849 905 3892 vcro
925 3822 1072 3908 praeclara
1091 3831 1152 3886 eiu‘s
1172 3824 1330 3887 constantia

208 3932 332 4007 enituit,
358 3925 454 4010 quod,
479 3944 568 4004 quum
588 3917 765 3986 excellerent
787 3913 865 3978 inter
883 3905 971 3981 alios,
988 3923 1055 3966 uon
1079 3913 1178 3962 tamen
1201 3901 1331 3995 pepercit

189 4000 484 4088 'eorum.dignitati‚
509 3999 560 4061 sed
581 3995 723 4079 graviter,
742 4001 777 4049 ut
795 3985 876 4069 digni
891 3991 994 4062 perant,
1019 3981 1120 4062 coegit
1139 3981 1170 4039 in
1189 3981 1330 4040 ordinem.

209 4087 261 4147 Sic
280 4083 510 4146 animososesse
529 4076 616 4142 decet
634 4091 736 4132 omnes
757 4065 822 4148 pios
834 4064 993 4135 doctores,
1015 4079 1054 4119 ne
1079 4077 1165 4138 quam
1184 4055 1332 4117 hominum

166 4216 171 4221 .
209 4161 376 4240 potentiam
401 4156 579 4230 formident,
603 4149 655 4210 sed
681 4143 827 4224 intrepide
854 4141 986 4199 deiicere
1006 4137 1187 4199 contendant
1210 4153 1335 4214 omnem
1390 4153 1391 4160 ¹

211 4235 415 4324 altitudinem,
435 4253 509 4314 quae
528 4250 559 4292 se
579 4224 693 4288 extollit
712 4221 846 4284 adversus
867 4217 1025 4281 Christum.
1070 4212 1187 4290 Quodsi
1210 4224 1269 4273 tam
1293 4210 1330 4269 ri·

211 4311 280 4390 grde
298 4311 414 4373 salutati
431 4300 503 4372 sunt'
518 4329 535 4370 a
549 4305 677 4387 Spiritus
695 4298 787 4362 sancti
808 4316 931 4379 organo,
950 4293 1001 4374 qui
1013 4293 1048 4354 ad
1061 4293 1236 4374 baptismum
1255 4289 1331 4350 ultro

213 4398 410 4472 accesserant,
436 4399 471 4450 ut
493 4380 656 4470 Evangelio
681 4396 791 4444 nomeu
816 4375 932 4438 darent:
956 4372 1113 4454 ,quomodo
1136 4367 1224 4431 hodie
1247 4366 1330 4429 nobis

185 1019 325 1088 tentiam,
343 1011 395 1074 sed
413 1004 548 1090 personis
567 1019 691 1139 ‹puoque
704 1014 871 1058 sermonem
890 1012 975 1052 suum
994 987 1238 1058 accommodasse.
1277 985 1320 1044 Et
