2816 4746
859 99 866 128 Ι

62 155 95 352 f
166 279 207 342 rs
401 265 403 272 ⁴
570 267 627 329 ro.
649 267 817 331 uruntur
837 267 939 357 ura

172 413 384 478 ecclesiasticae
407 413 563 495 'petendam
589 433 652 474 esse
675 413 820 474 rationem
836 413 1085 487 demonstrasset,
1112 427 1142 475 et
1164 417 1298 478 doctissi-
1402 435 1403 438 ’

169 488 286 554 tuorum
322 493 384 552 eius
410 490 525 568 saeculi
545 489 720 563 bominum,
756 489 847 550 veluti
876 489 1114 570 oecolampadii,
1147 493 1298 577 Zwinglii,

169 568 304 644 Zwicbii,
322 567 469 649 Philippi,
488 567 613 641 Buceri,
633 567 801 647 Capitonis,
820 567 952 648 Myconii
970 569 1145 628 senteutiam
1165 590 1200 628 ex
1212 571 1300 652 ipso.

168 667 235 708 rum
249 646 368 726 ¹scriptis
387 643 577 718 ostendisset,
597 664 652 703 nec
671 653 828 724 propterea
847 644 979 705 damnari
997 643 1131 706 ecclesias
1151 646 1213 707 illas
1232 659 1299 708 tao·

170 745 259 803 quam
279 744 341 783 uon
363 721 556 796 Christianae,
581 739 655 799 quae
676 719 729 779 alia
754 742 814 780 nou
833 721 958 782 multum
982 720 1094 782 diversa
1113 723 1229 782 ratione
1248 745 1298 784 re-

170 799 263 859 belles
287 811 476 875 coercerent,
496 797 542 858 vel
567 817 618 857 eos
638 797 770 876 pastor'es
791 798 842 877 qui
860 818 928 860 suos
948 817 1052 880 greges
1073 818 1109 859 eo
1129 797 1215 861 freno
1235 823 1297 861 non

170 877 304 958 indigere
324 876 529 948 existimarent,
548 895 636 953 quum
657 873 725 931 deni
748 894 785 932 ue
806 876 1042 949 demonstrasset,
1082 888 1200 936 uantum
1220 878 1299 937 iuter

167 954 334 1034 papisticam
353 951 535 1036 tyrannidem
556 961 586 1008 et
604 950 705 1030 iugum
723 895 847 1011 bomini
865 953 1030 1028 interesset,
1044 973 1069 1012 ·o
1092 953 1183 1034 tinuit
1203 953 1299 1028 facile,

168 1031 432 1090 ntecclesiasticae
450 1025 571 1108 politiae
590 1026 681 1108 leges,
701 1027 806 1107 quibus
826 1027 984 1088 etiamnum
1004 1029 1098 1088 utitur
1117 1029 1189 1090 baec
1202 1029 1301 1090 eccle-t

169 1109 227 1180 sia,
252 1127 366 1166 sommo
392 1123 535 1164 consensu
561 1105 676 1163 couscri
698 1115 755 1178 tae,
780 1104 943 1185 perlectae,
957 1106 1131 1185 'populique
1148 1106 1298 1190 suffragiis
1402 1147 1404 1158 .

167 1181 231 1242 XX.
249 1181 409 1243 Novembr.
429 1181 640 1260 reciperentur.
709 1201 760 1240 aec
781 1181 836 1263 etsi
853 1181 979 1242 feliciter
998 1195 1082 1242 eraut
1105 1195 1227 1262 coepta,
1250 1198 1299 1245 ta-

168 1281 237 1320 meu
256 1281 347 1339 quum
366 1279 428 1317 nou
447 1256 510 1316 siue
531 1256 703 1318 difficultate
722 1277 756 1316 re
774 1259 836 1337 ipsa
852 1259 985 1339 usurpari
998 1279 1084 1339 posse
1097 1261 1299 1322 consideraret

97 1377 100 1390 .
170 1336 324 1408 Calvinus,
341 1346 423 1394 totus
442 1334 473 1392 iu
494 1353 531 1394 eo
551 1345 628 1408 erat,
647 1345 681 1392 ut
700 1345 730 1414 et
747 1335 898 1406 Viretnm,
924 1356 1011 1414 quem
1031 1335 1066 1395 ad
1085 1347 1200 1416 tempus
1221 1338 1297 1398 duu-

167 1410 384 1492 saxatotiquod
405 1422 611 1470 concesserant
629 1410 811 1487 Beruenses,
833 1423 862 1471 et
880 1411 1044 1487 Farellum,
1060 1411 1158 1490 *quem
1177 1413 1297 1476 Neoco-

167 1507 281 1548 meuses
300 1487 345 1548 uti
363 1487 484 1548 diximus
504 1487 629 1547 eiectum
655 1499 844 1566 exceperant,
874 1487 1001 1569 collegas
1022 1503 1181 1569 perpetuos
1206 1491 1298 1552 babe-

167 1577 223 1638 ret,
243 1563 294 1625 sed
314 1563 372 1635 boc
391 1564 497 1624 frustra
515 1563 654 1640 tentavit,
676 1565 777 1624 Vireto
797 1587 867 1626 mox
884 1565 1064 1629 Lausannam
1085 1586 1220 1641 reverso,
1239 1569 1264 1627 F
1265 1589 1297 1629 a·

167 1639 243 1702 rello
268 1642 415 1702 Neocomi
438 1653 646 1722 permanente,
672 1652 705 1700 ut
728 1641 879 1702 restitutae
904 1641 988 1702 buitta
1015 1641 1155 1704 ecclesiae
1180 1642 1300 1706 laudem

169 1718 308 1802 Calvinus
328 1727 422 1798 paene
441 1717 521 1780 solus
540 1729 714 1798 reportaret.
1110 1749 1135 1768 ω
1265 1721 1268 1728 ’

242 1874 356 1952 (1542.)
373 1870 467 1932 Auno
484 1881 627 1949 sequente
646 1868 800 1930 Calvinum
819 1889 880 1929 nou
901 1890 993 1950 pauca
1013 1887 1214 1934 exercuerunt.
1253 1877 1297 1940 Ut
1397 1939 1398 1943 ,

167 1945 261 2023 enirn,
286 1967 362 2030 quae
382 1948 462 2007 domi
482 1969 501 2006 n
539 1946 628 2006 ebant
670 1958 846 2019 raeteream,
870 1946 997 2030 instabat
1024 1959 1087 2008 tum
1118 1951 1190 2011 fo'ris
1210 1953 1296 2012 etiam

164 2027 360 2086 inflammatus
379 2024 506 2086 bostium
553 1968 677 2105 vangeiii
698 2023 792 2096 furor,
812 2023 920 2082 multos
941 2045 975 2082 ex
989 2024 1092 2085 Gallia
1113 2039 1143 2086 et
1162 2027 1246 2090 Italia
1264 2031 1295 2089 in

163 2104 289 2163 vicirmm
309 2114 339 2162 et
359 2099 483 2162 celebris
506 2100 564 2160 iam
583 2100 710 2160 nominis
730 2099 834 2160 urbem
858 2101 1012 2162 extrudens
1019 2103 1165 2181 ,quibus'
1182 2125 1295 2176 ‚conso-

165 2179 259 2241 landis
282 2177 438 2258 omnisque
464 2175 555 2236 officii
585 2196 695 2258 genere
728 2175 895 2246 reficiendis
928 2178 1035 2238 mirum
1061 2191 1171 2260 quanto
1202 2183 1298 2243 studio

165 2275 229 2317 sese
248 2257 304 2316 iam
321 2262 387 2314 ‘turn
406 2253 599 2334 impenderit,
624 2267 657 2313 ut
677 2273 728 2314 eos
755 2255 904 2326 omittam,
931 2275 1005 2334 quos
1032 2257 1063 2316 iu
1088 2259 1156 2338 ipsis
1175 2257 1296 2320 leonum

164 2331 464 2394 faucibus·versatites
483 2330 671 2412 undiquaque
690 2331 781 2392 missis
801 2329 892 2391 literis
912 2331 1070 2392 solabatur.
1108 2335 1239 2395 Accessit
1258 2355 1295 2397 eo

163 2429 243 2472 anno
263 2408 370 2490 duplex
389 2407 468 2468 aliud
487 2408 639 2467 maximum
660 2409 782 2482 malum,
796 2427 943 2468 ¹annonae
968 2409 1104 2470 videlicet
1123 2412 1240 2485 caritas,
1266 2425 1298 2474 et

163 2488 255 2568 pestis
274 2490 449 2567 plerumque
469 2484 550 2544 famis
571 2505 678 2545 comes.
704 2487 788 2544 ·Erat
807 2496 903 2544 autem
924 2484 996 2546 baec
1011 2487 1067 2546 iam
1082 2498 1144 2571 tum
1157 2485 1297 2550 Genevae

163 2565 367 2635 consuetudo,
392 2575 425 2638 ut
449 2573 530 2640 peste
556 2561 725 2623 laborantes
747 2584 831 2622 suum
856 2574 936 2622 extra
960 2562 1063 2622 urbem
1085 2567 1301 2626 >nosocomium

163 2640 322 2700 baberent:
346 2639 398 2698 ubi
424 2659 513 2717 quum
531 2640 663 2728 pastoris.
677 2638 837 2698 constantis
857 2659 891 2698 ac
908 2639 1002 2698 seduli
1022 2658 1111 2720 opera
1131 2643 1311 2720 requirere·¹

163 2727 228 2790 tur,
240 2715 339 2794 plenis
362 2734 403 2772 ue.
419 2714 606 2805 contagionis
631 2715 792 2792 pericnlum
813 2715 1058 2789 detrectantibus,
1077 2729 1136 2777 tres
1155 2737 1218 2778 sese
1238 2718 1296 2779 ob-

163 2791 312 2866 tulerant,
324 2823 327 2841 ι
340 2733 477 2850 dalrinus
496 2789 648 2863 videlicet,
675 2789 861 2850 Sebastianus
883 2789 1029 2851 Castellio
1043 2793 1095 2870 (de
1115 2816 1174 2874 quo
1194 2807 1298 2876 postea

163 2868 248 2950 plura
268 2866 374 2926 dicturi
393 2865 516 2942 sumus),
536 2877 566 2924 et
577 2866 682 2926 Petrus
703 2865 819 2944 quidam
837 2864 1030 2928 Blaucbetus:
1050 2872 1213 2950 interquos
1231 2894 1297 2933 sor-

107 2989 110 3004 .
162 2945 272 3004 titione
290 2943 381 3019 facta,
404 2962 496 3022 quum
517 2940 674 3015 Castellio,
694 2943 741 3000 cui
760 2963 823 3002 sors
843 2941 905 3002 obti
929 2955 1004 3018 erat,
1023 2953 1134 3008 ru‘utata
1147 2950 1297 3010 sententia

164 3021 264 3081 subire
288 3019 346 3079 boc
370 3039 448 3079 onus
465 3019 654 3099 impudenter
678 3017 871 3093 detrectaret,
923 3018 1048 3089 altinum
1073 3024 1143 3084 licet
1165 3025 1245 3085 ultro
1264 3045 1297 3086 se

164 3098 344 3158 offerentem
358 3095 482 3156 Senatus
503 3098 624 3188 ipseque
644 3095 718 3155 adeo
737 3095 924 3172 Elancbetus,
945 3097 1002 3160 boc
1022 3119 1097 3160 onus
1117 3101 1148 3160 iu
1168 3122 1199 3161 se
1219 3103 1296 3164 reci-

162 3175 258 3256 piens,
279 3173 402 3309 amplius
422 3172 521 3233 sertin
539 3172 765 3253 prohibuerunt
805 3173 882 3234 Turn
903 3195 1021 3255 quoque
1042 3177 1095 3236 alia
1109 3180 1204 3260 gravia
1220 3179 1296 3238 inci·
1402 3255 1403 3261 ἵ

164 3251 280 3310 derunt.
350 3271 394 3308 am
422 3261 452 3308 et
471 3250 593 3312 Petrum
618 3251 783 3311 Tossaonm
809 3249 1295 3332 Mombelgardensem.Pastorem
1401 3321 1402 3326 .

164 3325 319 3387 exercebat
337 3328 536 3396 controversia
556 3328 593 3386 de
614 3328 718 3388 Coena
737 3326 874 3403 Domini,
895 3340 924 3388 et
943 3329 1074 3390 basileae
1094 3351 1212 3410 quoque
1233 3351 1296 3394 non

164 3404 303 3479 deerant,
325 3405 374 3482 qui
395 3404 605 3464 ecclesiasticae
625 3402 793 3484 discipliuae
812 3405 867 3462 vin·
879 3405 953 3466 iacta
972 3403 1170 3482 fundamenta,
1191 3408 1296 3468 frustra

163 3480 195 3540 iu
220 3477 399 3540 dontrarium
426 3480 580 3542 laborante
605 3480 762 3561 Myconio,
793 3479 984 3555 subruerent,
1015 3484 1065 3562 qui
1091 3485 1149 3544 duo
1176 3485 1296 3545 consilia
1401 3553 1402 3560 ἵ

164 3577 230 3618 enm
255 3556 380 3617 Calvino
410 3557 613 3618 conferebant.
652 3557 1002 3640 Apudlllediomatrices
1027 3572 1123 3619 autem
1148 3562 1207 3621 sive
1228 3561 1295 3620 Me·
1401 3605 1402 3610 η

147 3628 262 3694 'tenses
288 3633 341 3693 etsi
367 3633 498 3695 Farellus
524 3655 561 3694 eo
586 3647 721 3694 evocatus
746 3634 873 3694 feliciter
896 3634 1064 3709 laborabat,
1095 3659 1170 3716 opus
1194 3636 1300 3698 tameu'
1401 3663 1402 3694 2

163 3708 287 3771 Domini
307 3712 411 3790 partim
424 3723 522 3790 aperta
534 3712 573 3786 vi,
593 3712 699 3803 partim
741 3730 773 3770 er
783 3723 941 3789 apostatam
953 3713 1075 3772 Petrum
1089 3714 1203 3788 Caroli,
1215 3715 1296 3775 cuius

163 3800 249 3848 autea
268 3788 468 3862 meminimus,
491 3788 575 3848 valde
594 3731 822 3869 impediebatur:
854 3789 958 3867 quibus
984 3791 1014 3848 iu
1041 3790 1128 3850 rebus
1175 3803 1296 3850 uantum
1401 3835 1402 3838 η

163 3863 338 3937 scribendo,
359 3864 524 3939 mouendo,
552 3865 714 3936 bortaudo,
737 3865 832 3926 modis
852 3865 988 3926 omnibns
1008 3865 1135 3946 denique
1153 3813 1298 3927 laborarit

164 3942 318 4018 Calvinus,
338 3939 441 4020 partim
462 3959 495 4000 ex
515 3941 575 4000 eius
596 3941 681 4001 editis
701 3942 791 4001 literis
811 3940 934 4024 intelligi
961 3955 1073 4023 potest,
1098 3945 1203 4022 partim
1223 3964 1294 4003 vero

163 4019 214 4097 qui
239 4029 308 4078 sunt
331 4015 425 4076 adbuc
451 4020 621 4097 superstites
647 4019 849 4078 testificantur.
888 4020 947 4078 Sed
975 4031 1005 4078 et
1036 4021 1174 4082 audacior
1205 4041 1294 4100 quarn

162 4115 291 4172 unquam
311 4105 396 4154 autea
410 4093 549 4154 Sorbona
568 4095 650 4153 Petri
670 4094 774 4170 Liseti,
794 4106 855 4153 tum
877 4095 906 4154 in
927 4095 1114 4156 Parlameuto
1135 4096 1295 4170 Parisiensi

183 4169 313 4250 riucipis,
334 4169 476 4230 infaustae
493 4170 678 4252 infelicisque
697 4171 857 4232 memoriae
880 4168 1005 4232 hominis
1031 4173 1132 4234 favore
1151 4194 1218 4234 ausa
1239 4173 1294 4232 fuit

160 4189 289 4320 facinus,
314 4247 395 4326 quod
420 4247 526 4306 mirum
550 4248 642 4308 videri
667 4259 767 4338 posset
785 4247 958 4328 Episcopos,
989 4262 1039 4310 aut
1067 4250 1163 4334 ipsum
1189 4249 1292 4310 saltem

161 4319 339 4381 Pontificem
352 4324 425 4402 pati
449 4323 596 4404 potuisse,
625 4324 682 4385 nisr
713 4324 883 4404 iampridem
904 4325 1090 4386 ecclesiarum
1117 4326 1222 4407 opibus
1246 4323 1292 4384 iu·

134 4409 208 4492 pter
231 4415 280 4472 se,
303 4410 337 4458 ut
355 4401 433 4460 inter
458 4402 622 4482 praedones
641 4401 706 4462 fieri
724 4401 817 4477 solet,
846 4399 1050 4480 dispertiendis
1076 4402 1213 4484 occupati
1238 4423 1292 4463 suo

4 4323 7 4374 l

4 4391 6 4458 l

4 4463 11 4572 l
67 4569 69 4573 ,
