2786 4742
173 211 233 278 Ἥ
609 201 762 266 seculo
783 203 868 264 vm.

180 347 285 412 melius
303 348 445 410 consulu.
493 347 550 408 llic
569 366 643 444 ergo
669 349 765 431 vigeat
789 347 955 412 columbina
979 347 1028 410 illa
1051 337 1230 429 simplicitas,
1259 367 1297 408 ne

173 491 179 502 p
202 436 362 492 raetextnm
381 443 450 486 suae
468 424 616 488 timiditati
635 425 751 486 delicati
770 426 902 488 homines
922 437 1057 508 captent,
1081 438 1114 485 ut
1131 445 1244 504 semper
1261 425 1295 486 ad

181 447 201 566 l
237 502 337 562 'endas
361 501 509 562 molestias
534 502 619 564 nimis
650 504 801 586 ingeniosa
829 514 873 563 est
902 523 980 564 caro.
1022 503 1120 562 Aaou
1141 505 1215 561 enias
1237 499 1308 562 diro>

181 522 269 642 offic
308 579 400 654 Quod
421 577 458 639 de
477 579 570 716 prima
589 581 728 640 missione
748 580 865 660 quidam
885 579 1046 659 accipiunt,
1069 600 1130 639 non
1150 578 1293 640 convenit:

205 659 255 718 uin
276 657 374 736 potius
393 677 480 738 comp
493 657 599 728 entitur
618 669 714 720 totum
733 655 956 744 Apostolum,
982 656 1034 716 sed
1059 657 1089 716 in
1109 675 1145 716 eo
1173 653 1296 716 consistit

185 677 356 806 difficultas,
408 731 458 792 uid
483 732 506 794 si
530 733 628 796 nificet
650 731 786 794 αᾶικιιω
803 733 878 792 Filii
899 731 1028 794 Ιιιιιιίιιίι.
1069 731 1196 806 Quidam
1216 751 1318 809 expo··.

186 822 263 871 nunt
284 807 374 870 talem
387 753 544 894 brangrlii
568 831 773 892 progressum,
794 823 829 870 ut
853 821 1013 894 agnoscant
1035 829 1138 900 omnes
1157 808 1296 897 Christum

184 905 255 950 rere
274 907 308 946 re
351 905 419 964 are,
445 899 476 948 et
494 887 530 948 ab
552 906 588 948 eo
608 909 623 948 s
643 888 780 947 scandam
801 907 863 948 esse
883 885 967 968 regui
985 885 1102 946 Darsdcs
1121 895 1296 944 conmucatio-

186 983 266 1024 nesn.
349 963 367 978 ’“
391 963 429 1023 ad
452 964 594 1024 excidium
612 909 836 1044 llierosolymae
859 963 1009 1036 referunt,
1038 961 1069 1022 in
1094 982 1155 1040 quo
1173 961 1298 1022 Christus

184 1039 290 1102 vindex
307 1039 524 1122 ingratitudinis
543 1063 579 1122 ap
601 1041 686 1100 aruit.
723 1038 817 1107 Prior.
831 1039 974 1120 expositio
993 1037 1151 1120 tolerabilis
1172 1050 1297 1170 est,·pp-
1368 1107 1369 1110 Ἴ

185 1115 293 1178 sterior
311 1116 402 1198 magis
421 1129 532 1178 coacta.
605 1117 646 1176 'hi
664 1129 764 1176 tamen
782 1117 898 1178 videtur
918 1135 981 1177 esse
998 1115 1161 1176 consolatio
1180 1134 1252 1193 pecu
1264 1133 1299 1172 ιι-

184 1192 260 1256 riter
278 1191 429 1274 Apostolis
448 1193 524 1254 data.
565 1193 677 1254 Venas
694 1191 802 1254 dicitur
820 1192 970 1266 Christus,
1001 1213 1088 1272 quum
1108 1191 1197 1253 affert
1219 1189 1301 1249 rebus

186 1268 346 1359 desperatis
359 1271 529 1330 remedium.
567 1271 715 1331 Immensa
733 1290 828 1351 prope
838 1271 935 1330 futura
948 1281 1011 1330 erat
1029 1268 1152 1350 legatio,
1169 1268 1301 1328 utEran-
1367 1303 1369 1344 4

80 1371 83 1378 ·
208 1345 437 1408 elsi‘doctriuam
454 1358 629 1430 spargerent
646 1368 701 1427 per
717 1358 814 1408 totum
827 1345 976 1406 mundum.
1014 1346 1054 1404 Se
1075 1355 1302 1426 erguventnrum
1367 1389 1369 1402 ι

206 1421 324 1484 'hristus
337 1425 492 1503 promittit,
512 1424 681 1504 priusquam
693 1436 787 1484 totam
795 1423 934 1483 Iudaeam
954 1423 1182 1504 peragraverim:
1202 1441 1303 1499 nempe

209 1499 256 1559 uia
276 1519 330 1579 per
349 1500 474 1579 Spiritus
493 1501 538 1561 sui
558 1503 721 1581 potentiam
741 1521 865 1582 regnum
884 1509 967 1560 suum
991 1498 1166 1571 illustrabit,
1189 1509 1221 1557 ut
1239 1516 1303 1554 vere

186 1519 338 1654 bpostolis
357 1575 499 1658 affulgeat
536 1577 609 1639 loria
628 1576 677 1638 illa
697 1589 728 1636 et
746 1577 892 1652 maiestas,
912 1595 987 1655 quae
1006 1576 1100 1635 adhuc
1120 1595 1171 1634 eos
1190 1573 1304 1632 latebat

264 1657 325 1716 24·
350 1651 422 1712 Nos
439 1668 481 1713 est
497 1598 664 1729 drawn.
703 1655 791 1714 Nunc
814 1673 868 1712 suo
895 1651 1026 1732 exemplo
1047 1651 1153 1724 eos,ad
1178 1651 1304 1711 toleran-

187 1727 259 1788 tiam
276 1727 423 1805 hortatur,
443 1741 474 1790 et
492 1743 573 1790 certe
594 1729 735 1797 eiusmodi
755 1741 798 1790 est
818 1726 890 1789 baec
905 1729 1079 1798 consolatio,
1099 1747 1172 1807 quae
1192 1746 1304 1787 omnem

186 1823 355 1944 altit
371 1805 1305 1962 gusia-1330affipffiugffimffimp33335033333

432 1925 440 1939 '
1130 1925 1140 1953 ἱ

188 1955 405 2020 similitudinem
424 1967 573 2017 mutuatur
591 1958 627 2017 ab
648 1958 799 2018 bominum
814 1958 1037 2018 consuetudine.
1074 1957 1239 2038 Discipulus
1253 1956 1302 2015 bo-

188 2035 344 2098 norificum
363 2033 420 2095 sibi
440 2033 678 2116 ducittnagistro
698 2033 830 2114 aequari,
854 2032 920 2112 plus
940 2034 1057 2112 quidem
1082 2035 1201 2095 honoris
1219 2053 1301 2114 appe-

157 2167 160 2173 ,
187 2120 253 2171 tere
272 2131 334 2182 non
354 2110 455 2172 audet:
481 2110 588 2171 deiude
607 2131 682 2192 quae
701 2112 848 2192 patienter
866 2117 883 2169 a
903 2109 1029 2171 dominis
1056 2110 1148 2171 fertur
1167 2110 1302 2181 conditio,

189 2205 252 2246 mm
277 2187 376 2248 subire
399 2187 475 2248 servi
499 2209 561 2250 non
584 2200 729 2250 recusant
781 2187 882 2264 Quum
905 2199 1033 2267 utroque
1056 2188 1122 2246 iure
1146 2207 1233 2268 super
1253 2207 1302 2246 nos

169 2263 318 2324 'emineat
337 2264 426 2326 filius
445 2264 521 2338 Dei,
547 2266 594 2327 cui
613 2287 755 2326 summurn
780 2263 935 2402 imperium
958 2263 1097 2324 traditum
1116 2276 1159 2325 est
1177 2286 1194 2325 a
1212 2264 1302 2338 Patre,
1368 2277 1369 2334 l

189 2349 221 2400 et
239 2340 371 2423 magistri
389 2353 487 2423 partes
507 2341 654 2404 iniunctae
673 2354 756 2416 suut,
779 2363 819 2422 pu
841 2353 889 2402 eat
906 2362 960 2402 nos
980 2341 1133 2422 refugere,
1152 2341 1230 2421 quod
1248 2343 1303 2420 ipse

188 2429 291 2480 nostra
316 2438 402 2496 causa
425 2418 574 2498 suscipere
597 2431 734 2502 gravatus
757 2439 819 2480 non
845 2431 897 2478 est
940 2418 1001 2477 Sed
1026 2417 1098 2478 baec
1120 2417 1303 2478 meditatione

188 2493 288 2629 potius
312 2514 400 2574 quam
425 2493 617 2588 explicatione
641 2497 701 2558 ind'
724 2507 790 2573 ent,
811 2495 887 2582 ’quia
909 2493 977 2556 satis
1002 2513 1112 2574 perse
1136 2493 1212 2568 clara
1235 2506 1303 2556 sunt
1367 2533 1368 2536 =

216 2592 283 2632 ucas
302 2583 384 2632 sexto
405 2573 692 2652 caputesenteutiam
733 2594 803 2647 anc,
844 2571 904 2632 nasi
923 2573 1000 2632 inter
1019 2570 1090 2632 ahos
1110 2579 1255 2632 sermones
1274 2590 1305 2629 ex

189 2643 316 2727 abrupto
336 2648 493 2728 prolatam,
512 2649 624 2739 absque
642 2660 781 2710 contextu
800 2670 815 2707 r
848 2660 902 2722 ert,
921 2648 988 2728 quib
1007 2659 1103 2708 autem
1123 2649 1233 2728 optime
1253 2647 1306 2710 boe

189 2721 259 2783 loco
278 2723 442 2784 Matthaeus
463 2725 611 2804 exprimit,
629 2746 769 2804 quorsum
789 2726 950 2804 pertineat,
975 2745 1035 2784 non
1056 2723 1126 2784 alibi
1145 2725 1246 2786 melius
1264 2724 1306 2783 lo·
1366 2771 1367 2774 ,

191 2799 251 2858 cari
275 2819 363 2879 posse
387 2800 464 2860 duxi.
509 2799 666 2866 Caeterum
690 2801 722 2859 iu
747 2801 881 2862 versione
907 2821 1002 2880 neque
1021 2801 1189 2873 Erasmum,
1216 2807 1311 2881 neque'
1366 2819 1367 2826 ¹

188 2886 318 2936 veterem
338 2876 531 2957 interpretem
549 2875 632 2956 sequi
651 2875 751 2950 libuit,
778 2877 830 2936 hac
853 2877 892 2936 de
917 2899 1014 2938 causa:
1053 2878 1235 2958 participium
1259 2899 1308 2934 au-
1364 2827 1367 2934 l

137 2953 1309 3112 1lli-{litttl'tst‘llfti'tte‘¹:2¹3''itttsh‘ltlt''ttttllll:
1366 2954 1367 2969 i

189 3112 261 3178 stne,
279 3108 337 3166 acsi
348 3107 469 3180 diceret,
488 3105 561 3166 nibil
579 3123 641 3166 esse
660 3073 1003 3188 inagis'consentaueum,
1022 3127 1108 3188 quam
1127 3120 1161 3167 ut
1179 3128 1209 3168 se
1227 3109 1309 3168 disci·

71 3227 76 3236 .
190 3177 276 3256 pulos
294 3182 483 3272 ednmagistri
501 3180 665 3266 exemplum
683 3183 808 3261 formet,
832 3181 980 3264 posterior
998 3203 1099 3246 sensus
1119 3184 1220 3246 melius
1239 3207 1308 3246 cou-
1365 3209 1366 3289 p

191 3270 504 3424 grneggumssupppgm
527 3335 774 3426 ptoresrfmrcilius
798 3339 983 3398 manusnotat
1004 3351 1054 3398 etc.
1116 3331 1243 3397 Perinde
1258 3319 1308 3397 'est

141 3475 144 3480 ,
191 3427 249 3470 acsi
267 3409 430 3494 qurnum
449 3412 646 3474 Ecclesiae‘se
665 3425 794 3489 vocaret,
811 3414 896 3474 sicuti
914 3413 1074 3495 Apostolus
1093 3414 1201 3492 (Hebr-
1221 3419 1249 3486 3,
1269 3413 1308 3490 1.)
1326 3435 1330 3445 '

191 3503 259 3546 eum
278 3486 356 3546 Moci
376 3497 406 3546 et
424 3488 582 3569 Prophetis
602 3511 667 3550 com
690 3511 788 3564 arans,
807 3489 861 3550 hos
881 3491 952 3552 dicit
970 3492 1092 3552 famulos
1113 3491 1213 3566 luisse,
1231 3489 1307 3552 illum
1364 3513 1365 3564 ι

192 3583 264 3626 vero
284 3563 390 3623 Filium
412 3576 441 3624 et
461 3564 625 3626 haeredem.
701 3568 738 3628 tsi
765 3567 843 3627 euim
863 3567 983 3628 fratrum
1004 3569 1118 3629 bonore
1138 3589 1192 3628 nos
1211 3567 1306 3650 digna·
1364 3567 1365 3606 l

178 3651 253 3715 ‘tur,
272 3641 484 3722 primogenitus
495 3654 593 3703 tamen
608 3656 651 3704 est
662 3666 695 3705 ac
711 3644 802 3704 totius
815 3645 947 3725 corporis
961 3657 1059 3724 caput:
1080 3644 1208 3725 denique
1244 3661 1306 3703 coes

194 3735 262 3778 eum
282 3740 392 3779 summa
412 3731 456 3779 est
467 3719 641 3802 gubernatio
663 3731 693 3780 et
712 3731 850 3800 potestas.
890 3721 991 3796 Quare
1010 3721 1085 3782 nibil
1104 3721 1194 3803 magis
1212 3666 1305 3782 absor-

192 3792 262 3854 dum
282 3805 341 3870 ert,
365 3817 450 3876 quern
474 3796 549 3862 velle
573 3800 604 3856 in
625 3797 731 3858 ordine
756 3796 885 3857 fidelium
905 3800 1032 3872 censeri,
1063 3811 1093 3858 et
1110 3798 1227 3858 interim
1245 3797 1304 3855 Deo

186 3869 378 3950 obstrepere,
399 3894 487 3953 quum
507 3893 564 3934 nos
581 3873 618 3934 ad
637 3873 793 3956 imaginem
813 3873 881 3934 Filii
900 3875 944 3935 sui
956 3877 1131 3952 conformat,
1152 3894 1236 3954 quem
1255 3870 1303 3932 toti
1363 3889 1364 3920 ι

192 3943 317 4008 familiae
336 3969 404 4008 suae
425 3939 579 4029 praefecit:
613 3949 715 4028 quales
733 3950 809 4010 enirn
834 3964 901 4011 sunt
919 3951 990 4012 istae
1010 3951 1144 4025 deliciae,
1168 3951 1192 4012 si
1216 3950 1302 4009 locum

192 4020 324 4084 volumus
344 4045 488 4106 occupare
508 4027 539 4086 in
559 4025 648 4086 domo
669 4027 746 4101 eius,
770 4040 799 4087 et
817 4049 905 4106 supra
923 4028 1081 4088 Dominum
1105 4031 1200 4107 ipsum
1219 4021 1304 4086 excel·

192 4095 272 4158 lere?
310 4099 430 4168 Summa
450 4116 545 4164 autem
566 4114 621 4178 est,
641 4124 695 4162 nos
716 4122 778 4165 esse
798 4103 882 4164 nimis
900 4104 1004 4166 molles
1023 4116 1053 4164 et
1071 4103 1175 4178 lautos,
1195 4105 1217 4163 si
1228 4099 1304 4162 nohis
1362 4123 1363 4176 ι

194 4169 299 4233 durum
317 4188 372 4248 est,
393 4178 582 4240 contumelias
602 4177 747 4260 perferre,
766 4180 870 4258 quibus
890 4181 1017 4242 scultro
1038 4179 1161 4241 subiecit
1179 4181 1304 4260 princeps
1362 4183 1363 4245 l

193 4257 303 4312 notter.
341 4253 408 4312 Vox
425 4251 586 4318 Beelzebub
604 4267 745 4333 corrupta
760 4267 823 4319 estc
840 4277 897 4348 pro
920 4258 961 4317 rie
969 4257 1126 4316 dicendum
1144 4249 1303 4318 essctBaal-

147 4359 152 4372 .
192 4315 295 4380 sebub·
342 4327 394 4388 Sic
424 4333 593 4418 primarium
623 4351 658 4392 ex
681 4331 793 4394 ficticiis
818 4331 873 4394 dus
899 4278 1139 4432 l'bilistbiuorunp
1165 4337 1305 4397 vocarunt,
