2808 4748
515 252 649 318 Oaarm
666 272 700 318 ru
722 271 845 320 moure.
993 308 998 320 ,
1194 256 1251 317 tet

106 407 233 472 tientes
273 387 407 491 propter
434 425 501 470 me:
550 403 599 470 12.
632 402 783 468 Gaudete
809 369 854 468 let
887 379 1056 469 exsultate:
1092 399 1245 487 quoniam

11 551 12 556 η
112 524 239 570 merces
264 515 370 571 vestra
391 503 491 571 multa
513 514 561 570 est
580 507 615 571 in
643 503 759 570 coelis:
774 505 833 568 <sic
859 503 1151 600 enimpersequuti
1177 500 1246 566 lue-

114 617 190 675 runt
212 597 405 696 Prophetes,
433 608 488 694 qui
510 605 642 672 luerunt
663 615 737 671 ante
758 625 827 670 vos.
923 615 927 624 '
968 690 971 695 ι

199 733 299 805 LUC.
322 743 378 808 Vl.
420 741 471 806 20.
502 741 545 806 Et
572 743 641 828 ipse
672 737 824 804 attollens
852 736 975 803 oculos*
993 739 1070 804 suos
1095 740 1129 803 in
1150 738 1245 818 disci-

5 865 6 870 *
116 839 229 926 pulos,
261 840 406 920 dicebat,
434 842 530 907 Beati
556 862 733 929 pauperes:
768 841 844 926 quia
866 849 1005 906 vestrum
1036 848 1084 904 est
1111 861 1244 924 regnum

113 941 188 1006 Dei.
230 942 338 1022 Beati,
360 943 563 1034 quisesuritis
583 965 684 1007 nuno:
706 943 782 1029 quia
802 938 1031 1006 saturabimini.
1072 937 1125 1004 21.
1141 939 1243 1016 Beati,

113 1045 170 1128 qui
197 1042 281 1110 iletis
306 1066 409 1111 nunc:
437 1031 513 1132 quia
537 1041 694 1109 ridebitis.
735 1043 786 1108 22.
819 1041 1038 1118 Beati'eritis‚
1061 1059 1158 1125 quum
1181 1059 1241 1108 vos

112 1137 244 1208 oderint
263 1142 423 1222 homines,
451 1146 483 1210 et
501 1145 722 1231 separaverint
750 1143 825 1221 vos',
855 1151 887 1205 et
913 1137 1042 1228 probris
1064 1137 1241 1216 affecerint,

111 1252 145 1308 et
167 1246 323 1340 eiecerint
343 1267 465 1314 nomen
485 1255 635 1323 vestrum,
655 1254 807 1330 tanquam
827 1241 947 1308 malum
963 1237 1241 1338 vpropter'b'ilium
1280 1282 1284 1294 .

110 1345 266 1410 hominis:
306 1345 357 1410 23.
387 1343 539 1411 Gaudete
566 1349 601 1410 in
626 1345 685 1411 illo
706 1343 782 1422 die,
809 1353 841 1410 et
868 1340 1038 1409 exsultate:
1060 1335 1136 1404 ecce
1157 1340 1241 1402 enim

108 1466 234 1509 merces
250 1455 356 1510 vestra
377 1443 476 1531 multi
497 1453 544 1511 est
564 1447 598 1512 in
620 1444 735 1512 coelis:
751 1465 825 1510 nam
844 1442 1023 1516 secundum
1040 1441 1125 1506 haec
1144 1438 1242 1504 facie-
1286 1433 1291 1438 ’

106 1543 192 1610 bant
211 1541 383 1631 Prophetis
405 1556 513 1634 patres
541 1567 663 1612 eorum.
700 1547 775 1610 24.
804 1547 1027 1612 Veruntamen
1052 1564 1113 1608 vae
1145 1539 1240 1606 vobis

108 1643 282 1711 divitibus:
324 1649 404 1732 quia
433 1645 559 1712 habetis
590 1645 847 1714 consolationem
877 1655 1024 1709 vestram.
1084 1645 1135 1708 25.
1166 1643 1240 1739 Vae

107 1741 219 1825 vobis,
249 1747 305 1834 qui
326 1750 460 1813 saturati
488 1752 577 1822 estis:
605 1751 683 1836 quia
705 1749 860 1815 esurietis
901 1746 975 1812 Vae
995 1741 1103 1826 vobis,
1121 1733 1177 1834 qui
1190 1745 1240 1818 ri-

107 1844 193 1912 detis
213 1869 312 1914 nunc:
341 1849 417 1936 quia
437 1847 589 1935 lugebitis
612 1860 646 1918 et
665 1848 794 1916 flebitis.
836 1849 888 1914 26.
911 1848 986 1914 Vae
1008 1843 1119 1925 vobis,
1140 1865 1239 1932 quum

103 1945 311 2014 laudaverint
330 1971 390 2016 vos
411 1972 524 2016 omnes
547 1951 707 2017 homines:
734 1971 808 2016 narn
835 1945 1014 2025 secundum
1040 1947 1122 2012 haec
1142 1947 1239 2012 facie-

5 2057 6 2060 ’
103 2045 185 2114 bant
197 2039 500 2146 pseudoprophetis
521 2053 633 2118 Patres
655 2073 775 2120 eorum.

181 2229 286 2292 Matth.
306 2239 334 2298 1.
372 2229 516 2302 Ascendit
538 2236 570 2292 in
588 2245 720 2294 montem.
760 2227 824 2302 Qui
847 2230 934 2304 aliam
959 2234 1007 2295 hic
1027 2230 1138 2296 Christi
1163 2250 1235 2292 oon-

103 2307 224 2370 ciouem
250 2307 356 2368 referri
386 2309 506 2384 volunt,
536 2330 622 2388 quam
647 2327 721 2388 quae
746 2305 871 2370 habetur
898 2322 981 2370 sexto
1007 2309 1102 2389 capite
1126 2307 1236 2382 Lucae,

102 2384 191 2444 nimis
210 2383 318 2444 leriae
338 2383 445 2446 frivolo
466 2397 642 2466 argumento
667 2395 838 2444 moventur:
859 2387 924 2462 quia
943 2385 1107 2448 Matthaeus
1127 2393 1236 2456 narrat,

104 2459 259 2522 Christum
277 2459 310 2518 in
330 2471 432 2520 monte
452 2460 609 2540 loquutum
629 2479 692 2522 esse
712 2457 877 2536 discipulis,
899 2462 995 2522 Lucas
1015 2471 1111 2520 autern
1131 2469 1236 2517 notare

102 2536 231 2612 videtur,
254 2534 388 2609 habitum
407 2538 438 2597 in
458 2536 694 2616 planitieluisse
717 2554 895 2595 sermonem.
932 2537 1135 2616 Praepostere
1158 2533 1237 2593 enirn

101 2611 203 2671 Lucae
222 2612 312 2688 verba
338 2633 399 2672 uno
420 2624 560 2674 contextu
585 2612 703 2694 legunt,
728 2610 808 2690 quod
836 2611 1022 2676 descenderit
1046 2609 1180 2674 Christus
1205 2609 1236 2666 in

101 2688 204 2749 locum
224 2702 434 2770 campestrem,
455 2702 486 2750 et
505 2689 585 2769 quod
603 2688 707 2752 oculos
726 2687 863 2750 attollens
886 2691 917 2750 in
942 2687 1101 2769 discipulos
1127 2687 1168 2747 sic
1188 2685 1234 2745 lo-

102 2778 212 2845 quutus
232 2766 330 2828 luerit.
369 2765 498 2859 Utrique
518 2767 596 2828 enim
615 2765 1024 2848 Evangelistaepropositum
1049 2765 1120 2836 suit,
1144 2761 1235 2824 semel

101 2863 196 2904 unum
214 2843 246 2902 in
266 2843 366 2905 locum
384 2865 542 2925 praecipua
568 2861 703 2924 quaeque
722 2841 816 2922 capita
841 2845 993 2906 doctrinae
1014 2841 1124 2905 Christi
1148 2839 1234 2902 colli-
1322 2915 1324 2920 Ι
1397 2857 1398 2876 t

100 2939 190 3000 gere,
216 2941 291 3000 quae
311 2921 347 2982 ad
372 2922 423 3003 pie
440 2932 600 3000 sancteque
617 2918 736 2982 vivendi
755 2919 886 3012 regqlam
905 2919 1087 3002 spectabant.
1128 2919 1233 2993 Quen:

121 3019 187 3058 uam
196 2996 367 3079 ergoLucas
376 2999 457 3078 prins
467 2997 527 3060 loci
534 2997 958 3080 campestrismemrneratnon
970 3018 1057 3077 prose
1079 2996 1233 3058 uiturean-

101 3020 170 3135 dem
189 3072 341 3136 historiam
360 3077 500 3140 continua
519 3075 605 3148 serie,
624 3073 675 3134 sed
686 3095 703 3136 a
714 3073 861 3136 miraculis
878 3075 984 3138 transit
1002 3074 1039 3134 ad
1059 3019 1237 3145 doctrinam,

100 3172 200 3288 neque
231 3163 349 3232 tempus
377 3171 476 3238 neque
506 3151 605 3214 locum
635 3150 802 3242 designans:
834 3151 919 3212 sicuti
950 3151 1028 3232 apud
1051 3149 1233 3212 Matthaeum

99 3250 143 3300 nu
166 3251 183 3290 a
203 3240 248 3290 est
265 3227 424 3309 temporis,
447 3229 498 3289 sed
526 3239 638 3288 tantum
657 3229 746 3289 soltus
764 3226 826 3290 loci
845 3227 971 3290 notatio.
1009 3227 1054 3288 Ac
1077 3225 1232 3290 verisimile

102 3316 160 3384 est,
180 3327 242 3368 uon
264 3305 320 3364 nisi
341 3317 409 3385 post
428 3305 539 3366 electos
556 3304 713 3367 duodecim
734 3304 882 3367 Christum
905 3305 946 3366 ita
966 3304 1054 3366 fultae
1073 3303 1232 3365 conciona-

100 3392 172 3442 tum.
213 3382 275 3442 Sed
294 3383 326 3442 in
345 3382 477 3442 tenendo
503 3381 610 3442 ordine
629 3381 790 3462 temporis,
815 3401 903 3462 quem
921 3380 1057 3442 videbam
1081 3401 1099 3442 a
1119 3379 1233 3461 Spiritu

100 3457 160 3519 Dei
179 3458 366 3540 neglectum,
393 3457 476 3521 nolui
499 3477 563 3520 etse
588 3458 709 3521 nimium
734 3458 874 3524 curiosus.
914 3457 1059 3520 Sulhcere
1078 3457 1158 3518 enim
1176 3455 1232 3537 piis

102 3546 133 3595 et
150 3536 292 3618 modestis
312 3534 473 3596 lectoribus
492 3534 591 3606 debet,
611 3533 692 3614 quod
711 3533 758 3595 bic
770 3547 839 3595 ante
851 3531 954 3598 oeulos
965 3535 1091 3616 positam
1100 3532 1232 3596 ,habeant

101 3609 222 3682 brevem
241 3634 380 3674 summam
400 3610 553 3674 doctrinae
569 3610 689 3686 Christi,
708 3611 861 3674 collectam
881 3632 915 3674 er
954 3612 1065 3676 leuibus
1086 3621 1116 3670 et
1135 3608 1230 3670 diver-

101 3688 138 3748 sis
160 3690 222 3750 sius
242 3688 451 3764 concionibus,
495 3706 596 3750 uarum
617 3687 688 3750 haec
707 3688 799 3770 prima
819 3689 889 3766 fuit,
913 3713 931 3752 u
956 3690 964 3712 ⁸
990 3688 1028 3752 de
1046 3707 1115 3750 vera
1138 3679 1230 3748 heati-

101 3765 204 3826 tudine
227 3767 362 3828 disseruit
382 3765 460 3846 apud
476 3712 646 3848 discipulos.
1124 3833 1126 3837 Ι
1172 3810 1175 3820 ,

178 3849 207 3908 2.
245 3843 393 3919 Aperiens
410 3863 443 3903 os
459 3864 553 3904 suum.
592 3843 650 3904 Hic
668 3839 842 3916 πλεονασμὸς
860 3843 1025 3906 hebraicam
1043 3837 1229 3920 peracturo-

103 3915 179 3998 sipit.
219 3919 294 3982 Nam
315 3921 395 4000 quod
415 3922 446 3980 in
466 3921 529 3982 aliis
550 3918 655 4000 linguis
679 3919 815 3983 vitiosum
843 3921 937 3994 loret,
961 3917 1104 3980 Hebraeis
1127 3915 1229 3978 tritum

5 4049 6 4052 ,
105 4007 158 4070 est,
176 4007 210 4056 ut
230 3996 414 4074 dicant,'llle
435 4017 468 4058 os
487 3996 616 4077 aperuit,
635 4017 690 4077 pro
710 3997 837 4060 monus
857 3995 1012 4075 estloqui·
1036 3993 1230 4084 ,Quanquam

5 4553 9 4694 t

102 4082 198 4132 autem
219 4075 302 4134 multi
326 4073 748 4155 emphaticam'loquutionem
772 4093 835 4138 esse
859 4083 1098 4154 putant‚·quum
1121 4067 1232 4148 ahquid

105 4164 192 4224 grave
212 4163 242 4215 et
260 4149 394 4218 notabile
413 4152 452 4212 in¹
470 4151 597 4218 medium
618 4150 788 4231 profertur,
819 4153 880 4214 sice
904 4151 935 4210 in
960 4148 1087 4222 bonam,
1114 4149 1175 4209 sive
1190 4144 1229 4208 ‚it

105 4222 207 4284 malam
247 4240 352 4289 artem:
374 4230 442 4321 quia
461 4241 558 4289 tamen
578 4229 746 4290 reclamant·
771 4227 868 4294 uidam
880 4225 1051 4306 Scripturas
1070 4223 1140 4301 loci,
1157 4221 1230 4288 mihi
1284 4226 1288 4234 '

106 4298 187 4372 prior
214 4248 263 4366 illa
294 4307 435 4385 expositio
464 4305 556 4390 magis
585 4305 703 4367 arridet.
740 4249 846 4368 lateat
876 4304 964 4366 etiam
994 4311 1097 4384 arguta
1128 4303 1231 4364 eo'rum

107 4377 276 4462 tpwlttio,
295 4385 345 4466 qui
362 4382 521 4468 allegorice
541 4381 691 4456 Christum
711 4380 870 4469 discipulos
886 4401 954 4445 suus
975 4379 1159 4461 intuentem
1179 4378 1232 4442 ur-
