<?xml version="1.0" encoding="UTF-8"?>
<!DOCTYPE html PUBLIC "-//W3C//DTD XHTML 1.0 Transitional//EN"
    "http://www.w3.org/TR/xhtml1/DTD/xhtml1-transitional.dtd">
<html xmlns="http://www.w3.org/1999/xhtml" xml:lang="en" lang="en">
 <head>
  <title>
</title>
<meta http-equiv="Content-Type" content="text/html;charset=utf-8" />
  <meta name='ocr-system' content='tesseract 3.04.00' />
  <meta name='ocr-capabilities' content='ocr_page ocr_carea ocr_par ocr_line ocrx_word'/>
</head>
<body>
  <div class='ocr_page' id='page_1' title='image "./innovumtestamen01tholgoog_0258.png"; bbox 0 0 2808 4748; ppageno 0'>
   <div class='ocr_carea' id='block_1_1' title="bbox 12 179 21 251">
    <p class='ocr_par' dir='ltr' id='par_1_1' title="bbox 12 179 21 251">
     <span class='ocr_line' id='line_1_1' title="bbox 12 179 21 251; baseline 0 0"><span class='ocrx_word' id='word_1_1' title='bbox 12 179 21 251; x_wconf 81' lang='grc' dir='ltr'><strong>ι’</strong></span> 
     </span>
    </p>
   </div>
   <div class='ocr_carea' id='block_1_2' title="bbox 9 239 14 330">
    <p class='ocr_par' dir='ltr' id='par_1_2' title="bbox 9 239 14 330">
     <span class='ocr_line' id='line_1_2' title="bbox 9 239 14 330; baseline 0 0"><span class='ocrx_word' id='word_1_2' title='bbox 9 239 14 330; x_wconf 88' lang='lat' dir='ltr'><strong>l</strong></span> 
     </span>
    </p>
   </div>
   <div class='ocr_carea' id='block_1_3' title="bbox 594 59 633 103">
    <p class='ocr_par' dir='ltr' id='par_1_3' title="bbox 594 59 633 103">
     <span class='ocr_line' id='line_1_3' title="bbox 594 59 633 103; baseline 0 -2"><span class='ocrx_word' id='word_1_3' title='bbox 594 59 633 103; x_wconf 80' lang='lat' dir='ltr'><strong>..l</strong></span> 
     </span>
    </p>
   </div>
   <div class='ocr_carea' id='block_1_4' title="bbox 486 221 1242 314">
    <p class='ocr_par' dir='ltr' id='par_1_4' title="bbox 486 221 1242 314">
     <span class='ocr_line' id='line_1_4' title="bbox 486 221 1242 314; baseline 0.009 -30"><span class='ocrx_word' id='word_1_4' title='bbox 486 221 617 297; x_wconf 73' lang='lat' dir='ltr'><strong>Ounno</strong></span> <span class='ocrx_word' id='word_1_5' title='bbox 636 237 673 285; x_wconf 85' lang='lat' dir='ltr'><strong>nt</strong></span> <span class='ocrx_word' id='word_1_6' title='bbox 694 238 818 314; x_wconf 81' lang='lat' dir='ltr'><strong>uourn.</strong></span> <span class='ocrx_word' id='word_1_7' title='bbox 1163 237 1242 301; x_wconf 46' lang='lat'><strong>177*</strong></span> 
     </span>
    </p>
   </div>
   <div class='ocr_carea' id='block_1_5' title="bbox 41 328 1218 458">
    <p class='ocr_par' dir='ltr' id='par_1_5' title="bbox 41 328 1218 458">
     <span class='ocr_line' id='line_1_5' title="bbox 41 328 1218 458; baseline 0.021 -36"><span class='ocrx_word' id='word_1_8' title='bbox 41 411 42 422; x_wconf 70' lang='grc'>,</span> <span class='ocrx_word' id='word_1_9' title='bbox 128 367 210 452; x_wconf 83' lang='lat'>(59.)</span> <span class='ocrx_word' id='word_1_10' title='bbox 251 368 422 439; x_wconf 80' lang='grc' dir='ltr'><strong>ΜΑΤΤΗ.</strong></span> <span class='ocrx_word' id='word_1_11' title='bbox 445 367 500 434; x_wconf 81' lang='lat' dir='ltr'><strong>Vl.</strong></span> <span class='ocrx_word' id='word_1_12' title='bbox 548 371 599 436; x_wconf 83' lang='lat'><strong>25.</strong></span> <span class='ocrx_word' id='word_1_13' title='bbox 617 369 809 458; x_wconf 75' lang='lat' dir='ltr'><strong>&#39;Propterea</strong></span> <span class='ocrx_word' id='word_1_14' title='bbox 835 333 910 441; x_wconf 90' lang='lat' dir='ltr'><strong>dico</strong></span> <span class='ocrx_word' id='word_1_15' title='bbox 937 373 1045 458; x_wconf 85' lang='lat' dir='ltr'><strong>robis,</strong></span> <span class='ocrx_word' id='word_1_16' title='bbox 1078 395 1122 444; x_wconf 90' lang='lat' dir='ltr'><strong>ne</strong></span> <span class='ocrx_word' id='word_1_17' title='bbox 1149 328 1218 448; x_wconf 86' lang='lat' dir='ltr'><strong>sitis</strong></span> 
     </span>
    </p>
   </div>
   <div class='ocr_carea' id='block_1_6' title="bbox 85 469 1216 760">
    <p class='ocr_par' dir='ltr' id='par_1_6' title="bbox 85 469 1216 760">
     <span class='ocr_line' id='line_1_6' title="bbox 85 469 1216 570; baseline 0.012 -36"><span class='ocrx_word' id='word_1_18' title='bbox 85 469 218 537; x_wconf 79' lang='lat' dir='ltr'><strong>solliciti</strong></span> <span class='ocrx_word' id='word_1_19' title='bbox 240 473 365 536; x_wconf 86' lang='lat' dir='ltr'><strong>animae</strong></span> <span class='ocrx_word' id='word_1_20' title='bbox 376 479 514 548; x_wconf 85' lang='lat' dir='ltr'><strong>vestrae,</strong></span> <span class='ocrx_word' id='word_1_21' title='bbox 536 469 615 556; x_wconf 92' lang='lat' dir='ltr'><strong>quid</strong></span> <span class='ocrx_word' id='word_1_22' title='bbox 635 475 723 538; x_wconf 90' lang='lat' dir='ltr'><strong>esuri</strong></span> <span class='ocrx_word' id='word_1_23' title='bbox 746 475 814 538; x_wconf 87' lang='lat' dir='ltr'><strong>sitis</strong></span> <span class='ocrx_word' id='word_1_24' title='bbox 827 485 923 562; x_wconf 85' lang='lat' dir='ltr'><strong>utque</strong></span> <span class='ocrx_word' id='word_1_25' title='bbox 941 475 1086 559; x_wconf 84' lang='lat' dir='ltr'><strong>bibituri,</strong></span> <span class='ocrx_word' id='word_1_26' title='bbox 1106 501 1216 570; x_wconf 88' lang='lat' dir='ltr'><strong>neque</strong></span> 
     </span>
     <span class='ocr_line' id='line_1_7' title="bbox 85 569 1216 669; baseline 0.011 -33"><span class='ocrx_word' id='word_1_27' title='bbox 85 572 218 656; x_wconf 84' lang='lat' dir='ltr'><strong>corpori</strong></span> <span class='ocrx_word' id='word_1_28' title='bbox 238 581 356 650; x_wconf 81' lang='lat' dir='ltr'><strong>vestro,</strong></span> <span class='ocrx_word' id='word_1_29' title='bbox 374 569 494 658; x_wconf 65' lang='lat' dir='ltr'><strong>‘quibus</strong></span> <span class='ocrx_word' id='word_1_30' title='bbox 515 569 836 669; x_wconf 20' lang='lat' dir='ltr'><strong>indumentiskusuri:</strong></span> <span class='ocrx_word' id='word_1_31' title='bbox 855 595 967 640; x_wconf 89' lang='lat' dir='ltr'><strong>nonne</strong></span> <span class='ocrx_word' id='word_1_32' title='bbox 989 580 1092 644; x_wconf 83' lang='lat' dir='ltr'><strong>anima</strong></span> <span class='ocrx_word' id='word_1_33' title='bbox 1112 580 1216 668; x_wconf 91' lang='lat' dir='ltr'><strong>pluris</strong></span> 
     </span>
     <span class='ocr_line' id='line_1_8' title="bbox 86 667 1216 760; baseline 0.014 -26"><span class='ocrx_word' id='word_1_34' title='bbox 86 679 136 734; x_wconf 87' lang='lat' dir='ltr'><strong>est</strong></span> <span class='ocrx_word' id='word_1_35' title='bbox 157 693 251 756; x_wconf 88' lang='lat' dir='ltr'><strong>quam</strong></span> <span class='ocrx_word' id='word_1_36' title='bbox 273 671 373 750; x_wconf 90' lang='lat' dir='ltr'><strong>cibus,</strong></span> <span class='ocrx_word' id='word_1_37' title='bbox 394 681 432 735; x_wconf 87' lang='lat' dir='ltr'><strong>et</strong></span> <span class='ocrx_word' id='word_1_38' title='bbox 448 680 566 758; x_wconf 86' lang='lat' dir='ltr'><strong>corpus</strong></span> <span class='ocrx_word' id='word_1_39' title='bbox 585 671 688 757; x_wconf 90' lang='lat' dir='ltr'><strong>pluris</strong></span> <span class='ocrx_word' id='word_1_40' title='bbox 709 667 1068 760; x_wconf 82' lang='lat' dir='ltr'><strong>quamindumentum?</strong></span> <span class='ocrx_word' id='word_1_41' title='bbox 1087 681 1216 749; x_wconf 72' lang='lat' dir='ltr'><strong>tuuc-</strong></span> 
     </span>
    </p>
   </div>
   <div class='ocr_carea' id='block_1_7' title="bbox 85 769 1388 862">
    <p class='ocr_par' dir='ltr' id='par_1_7' title="bbox 85 769 1388 862">
     <span class='ocr_line' id='line_1_9' title="bbox 85 769 1388 862; baseline 0.014 -29"><span class='ocrx_word' id='word_1_42' title='bbox 85 773 201 855; x_wconf 92' lang='lat' dir='ltr'><strong>spicite</strong></span> <span class='ocrx_word' id='word_1_43' title='bbox 229 771 272 838; x_wconf 89' lang='lat' dir='ltr'><strong>ad</strong></span> <span class='ocrx_word' id='word_1_44' title='bbox 299 769 444 836; x_wconf 82' lang='lat' dir='ltr'><strong>volatilia</strong></span> <span class='ocrx_word' id='word_1_45' title='bbox 472 772 574 851; x_wconf 87' lang='lat' dir='ltr'><strong>coeli,</strong></span> <span class='ocrx_word' id='word_1_46' title='bbox 606 776 684 860; x_wconf 90' lang='lat' dir='ltr'><strong>quia</strong></span> <span class='ocrx_word' id='word_1_47' title='bbox 714 793 794 839; x_wconf 68' lang='lat' dir='ltr'><strong>non&#39;</strong></span> <span class='ocrx_word' id='word_1_48' title='bbox 809 786 922 850; x_wconf 85' lang='lat' dir='ltr'><strong>serunt</strong></span> <span class='ocrx_word' id='word_1_49' title='bbox 949 797 1057 862; x_wconf 88' lang='lat' dir='ltr'><strong>neque</strong></span> <span class='ocrx_word' id='word_1_50' title='bbox 1083 791 1215 862; x_wconf 83' lang='lat' dir='ltr'><strong>metunt,</strong></span> <span class='ocrx_word' id='word_1_51' title='bbox 1274 812 1307 851; x_wconf 60' lang='grc' dir='ltr'>μ</span> <span class='ocrx_word' id='word_1_52' title='bbox 1387 785 1388 798; x_wconf 73' lang='grc'>’</span> 
     </span>
    </p>
   </div>
   <div class='ocr_carea' id='block_1_8' title="bbox 84 857 1217 1164">
    <p class='ocr_par' dir='ltr' id='par_1_8' title="bbox 84 857 1217 1164">
     <span class='ocr_line' id='line_1_10' title="bbox 84 857 1214 960; baseline 0.013 -24"><span class='ocrx_word' id='word_1_53' title='bbox 84 889 194 957; x_wconf 91' lang='lat' dir='ltr'><strong>neque</strong></span> <span class='ocrx_word' id='word_1_54' title='bbox 217 857 372 960; x_wconf 82' lang='lat' dir='ltr'><strong>colligunt</strong></span> <span class='ocrx_word' id='word_1_55' title='bbox 391 877 427 940; x_wconf 90' lang='lat' dir='ltr'><strong>in</strong></span> <span class='ocrx_word' id='word_1_56' title='bbox 447 873 572 951; x_wconf 88' lang='lat' dir='ltr'><strong>horrea,</strong></span> <span class='ocrx_word' id='word_1_57' title='bbox 594 884 627 938; x_wconf 92' lang='lat' dir='ltr'><strong>et</strong></span> <span class='ocrx_word' id='word_1_58' title='bbox 647 875 744 940; x_wconf 87' lang='lat' dir='ltr'><strong>Pater</strong></span> <span class='ocrx_word' id='word_1_59' title='bbox 763 885 872 940; x_wconf 83' lang='lat' dir='ltr'><strong>vester</strong></span> <span class='ocrx_word' id='word_1_60' title='bbox 893 866 1044 946; x_wconf 77' lang='lat' dir='ltr'><strong>&#39;coelestis</strong></span> <span class='ocrx_word' id='word_1_61' title='bbox 1064 878 1214 950; x_wconf 89' lang='lat' dir='ltr'><strong>alitilia:</strong></span> 
     </span>
     <span class='ocr_line' id='line_1_11' title="bbox 84 972 1217 1065; baseline 0.011 -28"><span class='ocrx_word' id='word_1_62' title='bbox 84 992 197 1038; x_wconf 89' lang='lat' dir='ltr'><strong>nonne</strong></span> <span class='ocrx_word' id='word_1_63' title='bbox 215 995 282 1040; x_wconf 81' lang='lat' dir='ltr'><strong>vos.</strong></span> <span class='ocrx_word' id='word_1_64' title='bbox 295 972 394 1060; x_wconf 80' lang='lat' dir='ltr'><strong>longe</strong></span> <span class='ocrx_word' id='word_1_65' title='bbox 416 973 612 1059; x_wconf 88' lang='lat' dir='ltr'><strong>praecellitis</strong></span> <span class='ocrx_word' id='word_1_66' title='bbox 633 973 721 1040; x_wconf 82' lang='lat' dir='ltr'><strong>illisi</strong></span> <span class='ocrx_word' id='word_1_67' title='bbox 763 975 815 1042; x_wconf 90' lang='grc'><strong>27.</strong></span> <span class='ocrx_word' id='word_1_68' title='bbox 845 973 927 1065; x_wconf 84' lang='lat' dir='ltr'><strong>Quis</strong></span> <span class='ocrx_word' id='word_1_69' title='bbox 950 987 1057 1042; x_wconf 90' lang='lat' dir='ltr'><strong>autem</strong></span> <span class='ocrx_word' id='word_1_70' title='bbox 1076 990 1217 1050; x_wconf 81' lang='lat' dir='ltr'><strong>vestrum</strong></span> 
     </span>
     <span class='ocr_line' id='line_1_12' title="bbox 85 1071 1217 1164; baseline 0.01 -27"><span class='ocrx_word' id='word_1_71' title='bbox 85 1075 180 1139; x_wconf 83' lang='lat' dir='ltr'><strong>anxie</strong></span> <span class='ocrx_word' id='word_1_72' title='bbox 210 1074 356 1143; x_wconf 90' lang='lat' dir='ltr'><strong>curando</strong></span> <span class='ocrx_word' id='word_1_73' title='bbox 391 1083 500 1164; x_wconf 87' lang='lat' dir='ltr'><strong>potest</strong></span> <span class='ocrx_word' id='word_1_74' title='bbox 535 1071 656 1138; x_wconf 86' lang='lat' dir='ltr'><strong>addere</strong></span> <span class='ocrx_word' id='word_1_75' title='bbox 690 1074 733 1141; x_wconf 84' lang='lat' dir='ltr'><strong>ad</strong></span> <span class='ocrx_word' id='word_1_76' title='bbox 765 1085 918 1147; x_wconf 89' lang='lat' dir='ltr'><strong>staturam</strong></span> <span class='ocrx_word' id='word_1_77' title='bbox 952 1095 1043 1144; x_wconf 85' lang='lat' dir='ltr'><strong>snum</strong></span> <span class='ocrx_word' id='word_1_78' title='bbox 1075 1077 1217 1148; x_wconf 84' lang='lat' dir='ltr'><strong>cubitum</strong></span> 
     </span>
    </p>
   </div>
   <div class='ocr_carea' id='block_1_9' title="bbox 10 1172 1217 1266">
    <p class='ocr_par' dir='ltr' id='par_1_9' title="bbox 10 1172 1217 1266">
     <span class='ocr_line' id='line_1_13' title="bbox 10 1172 1217 1266; baseline 0.007 -26"><span class='ocrx_word' id='word_1_79' title='bbox 10 1237 11 1240; x_wconf 74' lang='grc'>,</span> <span class='ocrx_word' id='word_1_80' title='bbox 84 1177 204 1240; x_wconf 83' lang='lat' dir='ltr'><strong>unum?</strong></span> <span class='ocrx_word' id='word_1_81' title='bbox 243 1176 297 1242; x_wconf 84' lang='grc'><strong>28.</strong></span> <span class='ocrx_word' id='word_1_82' title='bbox 315 1176 365 1240; x_wconf 88' lang='lat' dir='ltr'><strong>Ac</strong></span> <span class='ocrx_word' id='word_1_83' title='bbox 386 1175 428 1240; x_wconf 92' lang='lat' dir='ltr'><strong>de</strong></span> <span class='ocrx_word' id='word_1_84' title='bbox 449 1172 640 1243; x_wconf 88' lang='lat' dir='ltr'><strong>indumento</strong></span> <span class='ocrx_word' id='word_1_85' title='bbox 662 1176 741 1262; x_wconf 90' lang='lat' dir='ltr'><strong>quid</strong></span> <span class='ocrx_word' id='word_1_86' title='bbox 760 1177 892 1243; x_wconf 83' lang='lat' dir='ltr'><strong>solliciti</strong></span> <span class='ocrx_word' id='word_1_87' title='bbox 915 1179 1012 1245; x_wconf 82' lang='lat' dir='ltr'><strong>estis?</strong></span> <span class='ocrx_word' id='word_1_88' title='bbox 1032 1185 1217 1266; x_wconf 82' lang='lat' dir='ltr'><strong>cognoscite</strong></span> 
     </span>
    </p>
   </div>
   <div class='ocr_carea' id='block_1_10' title="bbox 82 1272 1217 1372">
    <p class='ocr_par' dir='ltr' id='par_1_10' title="bbox 82 1272 1217 1372">
     <span class='ocr_line' id='line_1_14' title="bbox 82 1272 1217 1372; baseline 0.009 -34"><span class='ocrx_word' id='word_1_89' title='bbox 82 1272 154 1339; x_wconf 88' lang='lat' dir='ltr'><strong>lilia</strong></span> <span class='ocrx_word' id='word_1_90' title='bbox 185 1279 266 1372; x_wconf 77' lang='lat' dir='ltr'><strong>agri,</strong></span> <span class='ocrx_word' id='word_1_91' title='bbox 300 1274 467 1362; x_wconf 90' lang='lat' dir='ltr'><strong>quomodo</strong></span> <span class='ocrx_word' id='word_1_92' title='bbox 499 1284 662 1339; x_wconf 87' lang='lat' dir='ltr'><strong>crescunt:</strong></span> <span class='ocrx_word' id='word_1_93' title='bbox 697 1298 765 1343; x_wconf 90' lang='lat' dir='ltr'><strong>non</strong></span> <span class='ocrx_word' id='word_1_94' title='bbox 790 1276 958 1356; x_wconf 89' lang='lat' dir='ltr'><strong>laborant,</strong></span> <span class='ocrx_word' id='word_1_95' title='bbox 989 1299 1098 1368; x_wconf 90' lang='lat' dir='ltr'><strong>neque</strong></span> <span class='ocrx_word' id='word_1_96' title='bbox 1114 1292 1217 1348; x_wconf 84' lang='lat' dir='ltr'><strong>nent.</strong></span> 
     </span>
    </p>
   </div>
   <div class='ocr_carea' id='block_1_11' title="bbox 19 1373 1219 1465">
    <p class='ocr_par' dir='ltr' id='par_1_11' title="bbox 19 1373 1219 1465">
     <span class='ocr_line' id='line_1_15' title="bbox 19 1373 1219 1465; baseline 0.008 -26"><span class='ocrx_word' id='word_1_97' title='bbox 19 1401 21 1412; x_wconf 92' lang='lat'>·</span> <span class='ocrx_word' id='word_1_98' title='bbox 82 1376 135 1440; x_wconf 84' lang='grc'><strong>29.</strong></span> <span class='ocrx_word' id='word_1_99' title='bbox 159 1375 247 1442; x_wconf 84' lang='lat' dir='ltr'><strong>Dico</strong></span> <span class='ocrx_word' id='word_1_100' title='bbox 274 1386 383 1441; x_wconf 90' lang='lat' dir='ltr'><strong>autem</strong></span> <span class='ocrx_word' id='word_1_101' title='bbox 406 1373 518 1454; x_wconf 83' lang='lat' dir='ltr'><strong>vobis,</strong></span> <span class='ocrx_word' id='word_1_102' title='bbox 547 1394 591 1439; x_wconf 86' lang='lat' dir='ltr'><strong>ne</strong></span> <span class='ocrx_word' id='word_1_103' title='bbox 611 1373 819 1442; x_wconf 87' lang='lat' dir='ltr'><strong>Salomonem</strong></span> <span class='ocrx_word' id='word_1_104' title='bbox 845 1376 977 1465; x_wconf 84' lang='lat' dir='ltr'><strong>quidem</strong></span> <span class='ocrx_word' id='word_1_105' title='bbox 1004 1382 1040 1444; x_wconf 92' lang='lat' dir='ltr'><strong>in</strong></span> <span class='ocrx_word' id='word_1_106' title='bbox 1065 1383 1219 1449; x_wconf 86' lang='lat' dir='ltr'><strong>universa</strong></span> 
     </span>
    </p>
   </div>
   <div class='ocr_carea' id='block_1_12' title="bbox 82 1473 1217 1570">
    <p class='ocr_par' dir='ltr' id='par_1_12' title="bbox 82 1473 1217 1570">
     <span class='ocr_line' id='line_1_16' title="bbox 82 1473 1217 1570; baseline 0.009 -30"><span class='ocrx_word' id='word_1_107' title='bbox 82 1496 143 1544; x_wconf 84' lang='lat' dir='ltr'><strong>sua</strong></span> <span class='ocrx_word' id='word_1_108' title='bbox 165 1473 274 1560; x_wconf 80' lang='lat' dir='ltr'><strong>gloria</strong></span> <span class='ocrx_word' id='word_1_109' title='bbox 290 1478 336 1540; x_wconf 86' lang='lat' dir='ltr'><strong>sic</strong></span> <span class='ocrx_word' id='word_1_110' title='bbox 358 1477 505 1540; x_wconf 89' lang='lat' dir='ltr'><strong>amictum</strong></span> <span class='ocrx_word' id='word_1_111' title='bbox 526 1473 644 1552; x_wconf 87' lang='lat' dir='ltr'><strong>fuisse,</strong></span> <span class='ocrx_word' id='word_1_112' title='bbox 668 1486 705 1540; x_wconf 92' lang='lat' dir='ltr'><strong>ut</strong></span> <span class='ocrx_word' id='word_1_113' title='bbox 724 1497 824 1540; x_wconf 93' lang='lat' dir='ltr'><strong>unum</strong></span> <span class='ocrx_word' id='word_1_114' title='bbox 846 1499 885 1542; x_wconf 86' lang='lat' dir='ltr'><strong>ex</strong></span> <span class='ocrx_word' id='word_1_115' title='bbox 905 1477 965 1544; x_wconf 86' lang='lat' dir='ltr'><strong>bis.</strong></span> <span class='ocrx_word' id='word_1_116' title='bbox 1005 1479 1058 1546; x_wconf 84' lang='lat'><strong>30.</strong></span> <span class='ocrx_word' id='word_1_117' title='bbox 1085 1481 1217 1570; x_wconf 83' lang='lat' dir='ltr'><strong>Quodsi</strong></span> 
     </span>
    </p>
   </div>
   <div class='ocr_carea' id='block_1_13' title="bbox 83 1575 1315 1680">
    <p class='ocr_par' dir='ltr' id='par_1_13' title="bbox 83 1559 1394 1680">
     <span class='ocr_line' id='line_1_17' title="bbox 83 1575 1315 1680; baseline 0.011 -42"><span class='ocrx_word' id='word_1_118' title='bbox 83 1595 222 1660; x_wconf 81' lang='lat' dir='ltr'><strong>gramen</strong></span> <span class='ocrx_word' id='word_1_119' title='bbox 239 1577 320 1661; x_wconf 82' lang='lat' dir='ltr'><strong>agri,</strong></span> <span class='ocrx_word' id='word_1_120' title='bbox 348 1575 438 1662; x_wconf 90' lang='lat' dir='ltr'><strong>quod</strong></span> <span class='ocrx_word' id='word_1_121' title='bbox 460 1575 646 1654; x_wconf 68' lang='lat' dir='ltr'><strong>hodie‘est,</strong></span> <span class='ocrx_word' id='word_1_122' title='bbox 673 1585 711 1667; x_wconf 79' lang='lat' dir='ltr'><strong>¹et</strong></span> <span class='ocrx_word' id='word_1_123' title='bbox 730 1597 802 1641; x_wconf 89' lang='lat' dir='ltr'><strong>cras</strong></span> <span class='ocrx_word' id='word_1_124' title='bbox 831 1579 866 1680; x_wconf 63' lang='lat' dir='ltr'><strong>in</strong></span> <span class='ocrx_word' id='word_1_125' title='bbox 893 1575 1056 1663; x_wconf 81' lang='lat' dir='ltr'><strong>clibanum</strong></span> <span class='ocrx_word' id='word_1_126' title='bbox 1077 1585 1219 1674; x_wconf 72' lang='lat' dir='ltr'><strong>mittitur,</strong></span> <span class='ocrx_word' id='word_1_127' title='bbox 1312 1635 1315 1640; x_wconf 73' lang='lat'><strong>·</strong></span> 
     </span>
    </p>
   </div>
   <div class='ocr_carea' id='block_1_14' title="bbox 82 1657 1218 1900">
    <p class='ocr_par' dir='ltr' id='par_1_14' title="bbox 82 1657 1218 1900">
     <span class='ocr_line' id='line_1_18' title="bbox 83 1657 1178 1766; baseline 0.011 -26"><span class='ocrx_word' id='word_1_128' title='bbox 83 1675 178 1740; x_wconf 89' lang='lat' dir='ltr'><strong>Deus</strong></span> <span class='ocrx_word' id='word_1_129' title='bbox 198 1677 246 1740; x_wconf 90' lang='lat' dir='ltr'><strong>sie</strong></span> <span class='ocrx_word' id='word_1_130' title='bbox 259 1678 371 1760; x_wconf 72' lang='lat' dir='ltr'><strong>restit,</strong></span> <span class='ocrx_word' id='word_1_131' title='bbox 392 1697 433 1741; x_wconf 87' lang='lat' dir='ltr'><strong>an</strong></span> <span class='ocrx_word' id='word_1_132' title='bbox 453 1697 521 1742; x_wconf 91' lang='lat' dir='ltr'><strong>non</strong></span> <span class='ocrx_word' id='word_1_133' title='bbox 540 1657 645 1752; x_wconf 80' lang='lat' dir='ltr'><strong>multd</strong></span> <span class='ocrx_word' id='word_1_134' title='bbox 666 1679 858 1764; x_wconf 69' lang='lat' dir='ltr'><strong>megistos,</strong></span> <span class='ocrx_word' id='word_1_135' title='bbox 879 1700 900 1746; x_wconf 96' lang='lat' dir='ltr'><strong>o</strong></span> <span class='ocrx_word' id='word_1_136' title='bbox 922 1675 1056 1766; x_wconf 80' lang='lat' dir='ltr'><strong>exiguae</strong></span> <span class='ocrx_word' id='word_1_137' title='bbox 1075 1683 1178 1758; x_wconf 79' lang='lat' dir='ltr'><strong>fidei?</strong></span> 
     </span>
     <span class='ocr_line' id='line_1_19' title="bbox 82 1781 1218 1900; baseline 0.008 -24"><span class='ocrx_word' id='word_1_138' title='bbox 82 1869 85 1876; x_wconf 91' lang='lat'>.</span> <span class='ocrx_word' id='word_1_139' title='bbox 168 1781 359 1896; x_wconf 54' lang='lat' dir='ltr'><strong>liuenti.-</strong></span> <span class='ocrx_word' id='word_1_140' title='bbox 400 1811 451 1876; x_wconf 89' lang='grc'><strong>22.</strong></span> <span class='ocrx_word' id='word_1_141' title='bbox 476 1810 632 1900; x_wconf 84' lang='lat' dir='ltr'><strong>Dixitque</strong></span> <span class='ocrx_word' id='word_1_142' title='bbox 651 1810 693 1877; x_wconf 89' lang='lat' dir='ltr'><strong>ad</strong></span> <span class='ocrx_word' id='word_1_143' title='bbox 713 1808 890 1895; x_wconf 89' lang='lat' dir='ltr'><strong>discipulos</strong></span> <span class='ocrx_word' id='word_1_144' title='bbox 917 1833 1015 1893; x_wconf 84' lang='lat' dir='ltr'><strong>suos,</strong></span> <span class='ocrx_word' id='word_1_145' title='bbox 1037 1815 1118 1884; x_wconf 90' lang='lat' dir='ltr'><strong>ldeo</strong></span> <span class='ocrx_word' id='word_1_146' title='bbox 1141 1805 1218 1884; x_wconf 85' lang='lat' dir='ltr'><strong>dico</strong></span> 
     </span>
    </p>
   </div>
   <div class='ocr_carea' id='block_1_15' title="bbox 9 1901 1220 2304">
    <p class='ocr_par' dir='ltr' id='par_1_15' title="bbox 9 1901 1220 2304">
     <span class='ocr_line' id='line_1_20' title="bbox 9 1901 1219 2008; baseline 0.009 -32"><span class='ocrx_word' id='word_1_147' title='bbox 9 1997 10 2000; x_wconf 8' lang='grc' dir='ltr'><strong>Ἴ</strong></span> <span class='ocrx_word' id='word_1_148' title='bbox 82 1909 192 1990; x_wconf 87' lang='lat' dir='ltr'><strong>vobis,</strong></span> <span class='ocrx_word' id='word_1_149' title='bbox 219 1931 263 1977; x_wconf 92' lang='lat' dir='ltr'><strong>ne</strong></span> <span class='ocrx_word' id='word_1_150' title='bbox 284 1909 415 1977; x_wconf 85' lang='lat' dir='ltr'><strong>solliciti</strong></span> <span class='ocrx_word' id='word_1_151' title='bbox 443 1914 513 1979; x_wconf 85' lang='lat' dir='ltr'><strong>sitis</strong></span> <span class='ocrx_word' id='word_1_152' title='bbox 541 1914 668 1978; x_wconf 89' lang='lat' dir='ltr'><strong>animae</strong></span> <span class='ocrx_word' id='word_1_153' title='bbox 689 1922 831 1991; x_wconf 83' lang='lat' dir='ltr'><strong>vestrae,</strong></span> <span class='ocrx_word' id='word_1_154' title='bbox 858 1913 938 1998; x_wconf 84' lang='lat' dir='ltr'><strong>quid</strong></span> <span class='ocrx_word' id='word_1_155' title='bbox 964 1901 1083 1996; x_wconf 82' lang='lat' dir='ltr'><strong>edatis,</strong></span> <span class='ocrx_word' id='word_1_156' title='bbox 1108 1941 1219 2008; x_wconf 88' lang='lat' dir='ltr'><strong>neque</strong></span> 
     </span>
     <span class='ocr_line' id='line_1_21' title="bbox 9 2011 1220 2104; baseline 0.009 -29"><span class='ocrx_word' id='word_1_157' title='bbox 9 2083 10 2094; x_wconf 9' lang='grc' dir='ltr'>χ</span> <span class='ocrx_word' id='word_1_158' title='bbox 82 2013 231 2097; x_wconf 87' lang='lat' dir='ltr'><strong>corpori,</strong></span> <span class='ocrx_word' id='word_1_159' title='bbox 253 2011 332 2098; x_wconf 91' lang='lat' dir='ltr'><strong>quid</strong></span> <span class='ocrx_word' id='word_1_160' title='bbox 351 2011 541 2082; x_wconf 86' lang='lat' dir='ltr'><strong>induamini.</strong></span> <span class='ocrx_word' id='word_1_161' title='bbox 572 2015 633 2080; x_wconf 84' lang='grc'><strong>23.</strong></span> <span class='ocrx_word' id='word_1_162' title='bbox 660 2012 778 2083; x_wconf 85' lang='lat' dir='ltr'><strong>Anima</strong></span> <span class='ocrx_word' id='word_1_163' title='bbox 805 2013 908 2102; x_wconf 89' lang='lat' dir='ltr'><strong>pluris</strong></span> <span class='ocrx_word' id='word_1_164' title='bbox 936 2025 986 2081; x_wconf 87' lang='lat' dir='ltr'><strong>est</strong></span> <span class='ocrx_word' id='word_1_165' title='bbox 1007 2039 1103 2104; x_wconf 92' lang='lat' dir='ltr'><strong>quam</strong></span> <span class='ocrx_word' id='word_1_166' title='bbox 1133 2041 1220 2102; x_wconf 85' lang='lat' dir='ltr'><strong>esce,</strong></span> 
     </span>
     <span class='ocr_line' id='line_1_22' title="bbox 9 2099 1218 2201; baseline 0.008 -24"><span class='ocrx_word' id='word_1_167' title='bbox 9 2099 11 2186; x_wconf 49' lang='grc' dir='ltr'>ζ</span> <span class='ocrx_word' id='word_1_168' title='bbox 84 2123 118 2178; x_wconf 94' lang='lat' dir='ltr'><strong>et</strong></span> <span class='ocrx_word' id='word_1_169' title='bbox 134 2134 251 2198; x_wconf 90' lang='lat' dir='ltr'><strong>corpus</strong></span> <span class='ocrx_word' id='word_1_170' title='bbox 271 2111 375 2198; x_wconf 91' lang='lat' dir='ltr'><strong>pluris</strong></span> <span class='ocrx_word' id='word_1_171' title='bbox 388 2135 483 2198; x_wconf 87' lang='lat' dir='ltr'><strong>quam</strong></span> <span class='ocrx_word' id='word_1_172' title='bbox 503 2113 736 2179; x_wconf 87' lang='lat' dir='ltr'><strong>indumentum.</strong></span> <span class='ocrx_word' id='word_1_173' title='bbox 779 2115 831 2180; x_wconf 88' lang='grc'><strong>24.</strong></span> <span class='ocrx_word' id='word_1_174' title='bbox 853 2111 1071 2183; x_wconf 82' lang='lat' dir='ltr'><strong>Considerate</strong></span> <span class='ocrx_word' id='word_1_175' title='bbox 1090 2141 1218 2201; x_wconf 85' lang='lat' dir='ltr'><strong>corvos,</strong></span> 
     </span>
     <span class='ocr_line' id='line_1_23' title="bbox 9 2205 1217 2304; baseline 0.008 -28"><span class='ocrx_word' id='word_1_176' title='bbox 9 2205 11 2252; x_wconf 60' lang='lat' dir='ltr'><strong>i</strong></span> <span class='ocrx_word' id='word_1_177' title='bbox 84 2215 162 2299; x_wconf 86' lang='lat' dir='ltr'><strong>quia</strong></span> <span class='ocrx_word' id='word_1_178' title='bbox 181 2234 250 2278; x_wconf 90' lang='lat' dir='ltr'><strong>non</strong></span> <span class='ocrx_word' id='word_1_179' title='bbox 271 2214 439 2278; x_wconf 82' lang='lat' dir='ltr'><strong>seminant</strong></span> <span class='ocrx_word' id='word_1_180' title='bbox 451 2230 558 2298; x_wconf 90' lang='lat' dir='ltr'><strong>neque</strong></span> <span class='ocrx_word' id='word_1_181' title='bbox 580 2217 719 2292; x_wconf 66' lang='lat' dir='ltr'><strong>metunt,</strong></span> <span class='ocrx_word' id='word_1_182' title='bbox 733 2212 851 2298; x_wconf 90' lang='lat' dir='ltr'><strong>quibus</strong></span> <span class='ocrx_word' id='word_1_183' title='bbox 872 2235 941 2281; x_wconf 91' lang='lat' dir='ltr'><strong>non</strong></span> <span class='ocrx_word' id='word_1_184' title='bbox 961 2228 1010 2284; x_wconf 90' lang='lat' dir='ltr'><strong>est</strong></span> <span class='ocrx_word' id='word_1_185' title='bbox 1025 2223 1217 2304; x_wconf 79' lang='lat' dir='ltr'><strong>penuarium</strong></span> 
     </span>
    </p>
   </div>
   <div class='ocr_carea' id='block_1_16' title="bbox 82 2311 1268 2806">
    <p class='ocr_par' dir='ltr' id='par_1_16' title="bbox 82 2311 1268 2806">
     <span class='ocr_line' id='line_1_24' title="bbox 82 2311 1218 2405; baseline 0.005 -25"><span class='ocrx_word' id='word_1_186' title='bbox 82 2334 193 2404; x_wconf 88' lang='lat' dir='ltr'><strong>neque</strong></span> <span class='ocrx_word' id='word_1_187' title='bbox 211 2312 372 2388; x_wconf 88' lang='lat' dir='ltr'><strong>horreum,</strong></span> <span class='ocrx_word' id='word_1_188' title='bbox 395 2311 530 2377; x_wconf 88' lang='lat' dir='ltr'><strong>etDeus</strong></span> <span class='ocrx_word' id='word_1_189' title='bbox 550 2314 652 2398; x_wconf 81' lang='lat' dir='ltr'><strong>pascit</strong></span> <span class='ocrx_word' id='word_1_190' title='bbox 671 2311 764 2379; x_wconf 87' lang='lat' dir='ltr'><strong>illos:</strong></span> <span class='ocrx_word' id='word_1_191' title='bbox 786 2323 906 2399; x_wconf 88' lang='lat' dir='ltr'><strong>quanto</strong></span> <span class='ocrx_word' id='word_1_192' title='bbox 919 2321 1029 2400; x_wconf 75' lang='lat' dir='ltr'><strong>‘magis</strong></span> <span class='ocrx_word' id='word_1_193' title='bbox 1042 2341 1101 2384; x_wconf 88' lang='lat' dir='ltr'><strong>vos</strong></span> <span class='ocrx_word' id='word_1_194' title='bbox 1123 2343 1218 2405; x_wconf 83' lang='lat' dir='ltr'><strong>prae-</strong></span> 
     </span>
     <span class='ocr_line' id='line_1_25' title="bbox 82 2407 1261 2498; baseline 0.006 -21"><span class='ocrx_word' id='word_1_195' title='bbox 82 2415 175 2477; x_wconf 83' lang='lat' dir='ltr'><strong>statis</strong></span> <span class='ocrx_word' id='word_1_196' title='bbox 194 2407 407 2476; x_wconf 80' lang='lat' dir='ltr'><strong>volucribus?</strong></span> <span class='ocrx_word' id='word_1_197' title='bbox 448 2413 499 2476; x_wconf 87' lang='grc'><strong>25.</strong></span> <span class='ocrx_word' id='word_1_198' title='bbox 521 2412 605 2498; x_wconf 80' lang='lat' dir='ltr'><strong>Quis</strong></span> <span class='ocrx_word' id='word_1_199' title='bbox 627 2422 732 2477; x_wconf 88' lang='lat' dir='ltr'><strong>autem</strong></span> <span class='ocrx_word' id='word_1_200' title='bbox 746 2408 888 2484; x_wconf 82' lang='lat' dir='ltr'><strong>vestrum</strong></span> <span class='ocrx_word' id='word_1_201' title='bbox 909 2414 1048 2492; x_wconf 84' lang='lat' dir='ltr'><strong>sollicite</strong></span> <span class='ocrx_word' id='word_1_202' title='bbox 1071 2419 1217 2486; x_wconf 90' lang='lat' dir='ltr'><strong>curando</strong></span> <span class='ocrx_word' id='word_1_203' title='bbox 1259 2491 1261 2496; x_wconf 54' lang='grc'>,</span> 
     </span>
     <span class='ocr_line' id='line_1_26' title="bbox 83 2510 1220 2600; baseline 0.006 -23"><span class='ocrx_word' id='word_1_204' title='bbox 83 2520 193 2600; x_wconf 87' lang='lat' dir='ltr'><strong>potest</strong></span> <span class='ocrx_word' id='word_1_205' title='bbox 227 2510 380 2592; x_wconf 79' lang='lat' dir='ltr'><strong>adiicere·</strong></span> <span class='ocrx_word' id='word_1_206' title='bbox 400 2511 446 2578; x_wconf 63' lang='lat' dir='ltr'><strong>ad,</strong></span> <span class='ocrx_word' id='word_1_207' title='bbox 476 2521 630 2577; x_wconf 83' lang='lat' dir='ltr'><strong>staturam</strong></span> <span class='ocrx_word' id='word_1_208' title='bbox 654 2534 743 2577; x_wconf 87' lang='lat' dir='ltr'><strong>suam</strong></span> <span class='ocrx_word' id='word_1_209' title='bbox 770 2511 919 2577; x_wconf 88' lang='lat' dir='ltr'><strong>cubitum</strong></span> <span class='ocrx_word' id='word_1_210' title='bbox 943 2517 1063 2580; x_wconf 79' lang='lat' dir='ltr'><strong>unum?</strong></span> <span class='ocrx_word' id='word_1_211' title='bbox 1104 2515 1156 2582; x_wconf 89' lang='grc'><strong>26.</strong></span> <span class='ocrx_word' id='word_1_212' title='bbox 1182 2518 1220 2584; x_wconf 91' lang='lat' dir='ltr'><strong>Si</strong></span> 
     </span>
     <span class='ocr_line' id='line_1_27' title="bbox 85 2610 1268 2704; baseline 0.006 -27"><span class='ocrx_word' id='word_1_213' title='bbox 85 2633 229 2698; x_wconf 82' lang='lat' dir='ltr'><strong>ergone</strong></span> <span class='ocrx_word' id='word_1_214' title='bbox 251 2610 286 2677; x_wconf 90' lang='lat' dir='ltr'><strong>id</strong></span> <span class='ocrx_word' id='word_1_215' title='bbox 308 2611 439 2699; x_wconf 90' lang='lat' dir='ltr'><strong>quidem</strong></span> <span class='ocrx_word' id='word_1_216' title='bbox 453 2611 542 2700; x_wconf 92' lang='lat' dir='ltr'><strong>quod</strong></span> <span class='ocrx_word' id='word_1_217' title='bbox 564 2614 728 2704; x_wconf 87' lang='lat' dir='ltr'><strong>minimum</strong></span> <span class='ocrx_word' id='word_1_218' title='bbox 751 2623 799 2678; x_wconf 90' lang='lat' dir='ltr'><strong>est</strong></span> <span class='ocrx_word' id='word_1_219' title='bbox 815 2615 963 2700; x_wconf 89' lang='lat' dir='ltr'><strong>potestis,</strong></span> <span class='ocrx_word' id='word_1_220' title='bbox 984 2614 1064 2702; x_wconf 90' lang='lat' dir='ltr'><strong>quid</strong></span> <span class='ocrx_word' id='word_1_221' title='bbox 1086 2614 1129 2682; x_wconf 90' lang='lat' dir='ltr'><strong>de</strong></span> <span class='ocrx_word' id='word_1_222' title='bbox 1147 2639 1220 2684; x_wconf 82' lang='lat' dir='ltr'><strong>cae·</strong></span> <span class='ocrx_word' id='word_1_223' title='bbox 1266 2632 1268 2639; x_wconf 80' lang='grc'>’</span> 
     </span>
     <span class='ocr_line' id='line_1_28' title="bbox 83 2710 1219 2806; baseline 0.004 -27"><span class='ocrx_word' id='word_1_224' title='bbox 83 2717 164 2780; x_wconf 91' lang='lat' dir='ltr'><strong>teris</strong></span> <span class='ocrx_word' id='word_1_225' title='bbox 184 2710 316 2780; x_wconf 86' lang='lat' dir='ltr'><strong>solliciti</strong></span> <span class='ocrx_word' id='word_1_226' title='bbox 339 2717 436 2780; x_wconf 80' lang='lat' dir='ltr'><strong>estis?</strong></span> <span class='ocrx_word' id='word_1_227' title='bbox 466 2714 518 2780; x_wconf 90' lang='grc'><strong>27.</strong></span> <span class='ocrx_word' id='word_1_228' title='bbox 540 2712 758 2806; x_wconf 74' lang='lat' dir='ltr'><strong>Considerate</strong></span> <span class='ocrx_word' id='word_1_229' title='bbox 768 2713 846 2795; x_wconf 82' lang='lat' dir='ltr'><strong>lilia,</strong></span> <span class='ocrx_word' id='word_1_230' title='bbox 868 2715 1034 2802; x_wconf 90' lang='lat' dir='ltr'><strong>quomodo</strong></span> <span class='ocrx_word' id='word_1_231' title='bbox 1054 2727 1219 2784; x_wconf 87' lang='lat' dir='ltr'><strong>crescunt:</strong></span> 
     </span>
    </p>
   </div>
   <div class='ocr_carea' id='block_1_17' title="bbox 9 2813 1255 3107">
    <p class='ocr_par' dir='ltr' id='par_1_17' title="bbox 9 2813 1255 3107">
     <span class='ocr_line' id='line_1_29' title="bbox 9 2813 1216 2906; baseline 0.005 -25"><span class='ocrx_word' id='word_1_232' title='bbox 9 2857 11 2896; x_wconf 41' lang='grc' dir='ltr'>ἰ</span> <span class='ocrx_word' id='word_1_233' title='bbox 83 2837 155 2881; x_wconf 94' lang='lat' dir='ltr'><strong>non</strong></span> <span class='ocrx_word' id='word_1_234' title='bbox 175 2813 335 2906; x_wconf 84' lang='lat' dir='ltr'><strong>laborant,</strong></span> <span class='ocrx_word' id='word_1_235' title='bbox 354 2835 463 2902; x_wconf 88' lang='lat' dir='ltr'><strong>neque</strong></span> <span class='ocrx_word' id='word_1_236' title='bbox 482 2824 570 2880; x_wconf 88' lang='lat' dir='ltr'><strong>nent.</strong></span> <span class='ocrx_word' id='word_1_237' title='bbox 612 2815 698 2881; x_wconf 89' lang='lat' dir='ltr'><strong>Dico</strong></span> <span class='ocrx_word' id='word_1_238' title='bbox 720 2824 826 2880; x_wconf 91' lang='lat' dir='ltr'><strong>autem</strong></span> <span class='ocrx_word' id='word_1_239' title='bbox 847 2815 952 2896; x_wconf 91' lang='lat' dir='ltr'><strong>vobis,</strong></span> <span class='ocrx_word' id='word_1_240' title='bbox 972 2839 1036 2882; x_wconf 90' lang='lat' dir='ltr'><strong>neo</strong></span> <span class='ocrx_word' id='word_1_241' title='bbox 1056 2817 1216 2887; x_wconf 86' lang='lat' dir='ltr'><strong>Salomon</strong></span> 
     </span>
     <span class='ocr_line' id='line_1_30' title="bbox 9 2897 1219 3004; baseline 0.006 -24"><span class='ocrx_word' id='word_1_242' title='bbox 9 2901 11 2940; x_wconf 60' lang='lat'>²</span> <span class='ocrx_word' id='word_1_243' title='bbox 84 2919 120 2981; x_wconf 91' lang='lat' dir='ltr'><strong>in</strong></span> <span class='ocrx_word' id='word_1_244' title='bbox 152 2918 303 2982; x_wconf 81' lang='lat' dir='ltr'><strong>universa</strong></span> <span class='ocrx_word' id='word_1_245' title='bbox 334 2916 436 3004; x_wconf 80' lang='lat' dir='ltr'><strong>gloria</strong></span> <span class='ocrx_word' id='word_1_246' title='bbox 469 2938 528 2982; x_wconf 87' lang='lat' dir='ltr'><strong>sua</strong></span> <span class='ocrx_word' id='word_1_247' title='bbox 560 2897 772 3000; x_wconf 80' lang='lat' dir='ltr'><strong>vestiebatui,</strong></span> <span class='ocrx_word' id='word_1_248' title='bbox 809 2918 904 2983; x_wconf 89' lang='lat' dir='ltr'><strong>sicuti</strong></span> <span class='ocrx_word' id='word_1_249' title='bbox 937 2939 1037 2985; x_wconf 92' lang='lat' dir='ltr'><strong>unum</strong></span> <span class='ocrx_word' id='word_1_250' title='bbox 1069 2940 1108 2984; x_wconf 85' lang='lat' dir='ltr'><strong>ex</strong></span> <span class='ocrx_word' id='word_1_251' title='bbox 1141 2922 1219 2987; x_wconf 89' lang='lat' dir='ltr'><strong>istis.</strong></span> 
     </span>
     <span class='ocr_line' id='line_1_31' title="bbox 80 3007 1255 3107; baseline 0.006 -25"><span class='ocrx_word' id='word_1_252' title='bbox 80 3017 135 3082; x_wconf 83' lang='grc'><strong>28.</strong></span> <span class='ocrx_word' id='word_1_253' title='bbox 157 3017 193 3084; x_wconf 85' lang='lat' dir='ltr'><strong>Si</strong></span> <span class='ocrx_word' id='word_1_254' title='bbox 215 3028 320 3082; x_wconf 87' lang='lat' dir='ltr'><strong>autem</strong></span> <span class='ocrx_word' id='word_1_255' title='bbox 342 3025 489 3105; x_wconf 81' lang='lat' dir='ltr'><strong>gramen,</strong></span> <span class='ocrx_word' id='word_1_256' title='bbox 519 3016 609 3107; x_wconf 92' lang='lat' dir='ltr'><strong>quod</strong></span> <span class='ocrx_word' id='word_1_257' title='bbox 624 3007 735 3083; x_wconf 62' lang='lat' dir='ltr'><strong>&#39;bodie</strong></span> <span class='ocrx_word' id='word_1_258' title='bbox 763 3027 813 3082; x_wconf 85' lang='lat' dir='ltr'><strong>est</strong></span> <span class='ocrx_word' id='word_1_259' title='bbox 838 3021 873 3088; x_wconf 88' lang='lat' dir='ltr'><strong>iu</strong></span> <span class='ocrx_word' id='word_1_260' title='bbox 902 3039 997 3104; x_wconf 83' lang='lat' dir='ltr'><strong>agro,</strong></span> <span class='ocrx_word' id='word_1_261' title='bbox 1028 3029 1061 3086; x_wconf 91' lang='lat' dir='ltr'><strong>et</strong></span> <span class='ocrx_word' id='word_1_262' title='bbox 1087 3025 1157 3088; x_wconf 86' lang='lat' dir='ltr'><strong>cras</strong></span> <span class='ocrx_word' id='word_1_263' title='bbox 1183 3024 1218 3088; x_wconf 89' lang='lat' dir='ltr'><strong>in</strong></span> <span class='ocrx_word' id='word_1_264' title='bbox 1253 3055 1255 3058; x_wconf 94' lang='lat'>·</span> 
     </span>
    </p>
   </div>
   <div class='ocr_carea' id='block_1_18' title="bbox 87 3117 1218 3218">
    <p class='ocr_par' dir='ltr' id='par_1_18' title="bbox 87 3117 1218 3218">
     <span class='ocr_line' id='line_1_32' title="bbox 87 3117 1218 3218; baseline 0.008 -37"><span class='ocrx_word' id='word_1_265' title='bbox 87 3117 251 3184; x_wconf 86' lang='lat' dir='ltr'><strong>clibanum</strong></span> <span class='ocrx_word' id='word_1_266' title='bbox 269 3120 418 3200; x_wconf 89' lang='lat' dir='ltr'><strong>mittitur,</strong></span> <span class='ocrx_word' id='word_1_267' title='bbox 437 3117 531 3187; x_wconf 86' lang='lat' dir='ltr'><strong>Deus</strong></span> <span class='ocrx_word' id='word_1_268' title='bbox 551 3121 599 3184; x_wconf 85' lang='lat' dir='ltr'><strong>sic</strong></span> <span class='ocrx_word' id='word_1_269' title='bbox 618 3120 732 3218; x_wconf 73' lang='lat' dir='ltr'><strong>vestit,</strong></span> <span class='ocrx_word' id='word_1_270' title='bbox 750 3129 871 3210; x_wconf 88' lang='lat' dir='ltr'><strong>quanto</strong></span> <span class='ocrx_word' id='word_1_271' title='bbox 893 3122 993 3208; x_wconf 80' lang='lat' dir='ltr'><strong>magis</strong></span> <span class='ocrx_word' id='word_1_272' title='bbox 1011 3142 1088 3200; x_wconf 83' lang='lat' dir='ltr'><strong>vos,</strong></span> <span class='ocrx_word' id='word_1_273' title='bbox 1110 3143 1131 3188; x_wconf 95' lang='lat' dir='ltr'><strong>o</strong></span> <span class='ocrx_word' id='word_1_274' title='bbox 1154 3125 1218 3190; x_wconf 84' lang='lat' dir='ltr'><strong>exi-</strong></span> 
     </span>
    </p>
   </div>
   <div class='ocr_carea' id='block_1_19' title="bbox 9 3218 382 3312">
    <p class='ocr_par' dir='ltr' id='par_1_19' title="bbox 9 3218 382 3312">
     <span class='ocr_line' id='line_1_33' title="bbox 9 3218 382 3312; baseline 0.008 -28"><span class='ocrx_word' id='word_1_275' title='bbox 9 3273 10 3284; x_wconf 44' lang='lat'><strong>,</strong></span> <span class='ocrx_word' id='word_1_276' title='bbox 88 3240 171 3306; x_wconf 79' lang='lat' dir='ltr'><strong>guae</strong></span> <span class='ocrx_word' id='word_1_277' title='bbox 193 3218 294 3312; x_wconf 82' lang='lat' dir='ltr'><strong>fideii</strong></span> <span class='ocrx_word' id='word_1_278' title='bbox 380 3242 382 3255; x_wconf 57' lang='lat'><em>¹</em></span> 
     </span>
    </p>
   </div>
   <div class='ocr_carea' id='block_1_20' title="bbox 86 3408 1296 3800">
    <p class='ocr_par' dir='ltr' id='par_1_20' title="bbox 86 3408 1296 3800">
     <span class='ocr_line' id='line_1_34' title="bbox 90 3408 1296 3487; baseline 0.005 -16"><span class='ocrx_word' id='word_1_279' title='bbox 90 3425 93 3432; x_wconf 83' lang='grc'><strong>’</strong></span> <span class='ocrx_word' id='word_1_280' title='bbox 162 3411 233 3472; x_wconf 90' lang='lat' dir='ltr'><strong>Hoc</strong></span> <span class='ocrx_word' id='word_1_281' title='bbox 260 3421 330 3472; x_wconf 88' lang='lat' dir='ltr'><strong>toto</strong></span> <span class='ocrx_word' id='word_1_282' title='bbox 359 3429 496 3473; x_wconf 82' lang='lat' dir='ltr'><strong>sermone</strong></span> <span class='ocrx_word' id='word_1_283' title='bbox 522 3408 656 3471; x_wconf 80' lang='lat' dir='ltr'><strong>Christus</strong></span> <span class='ocrx_word' id='word_1_284' title='bbox 681 3409 767 3473; x_wconf 87' lang='lat' dir='ltr'><strong>nimis</strong></span> <span class='ocrx_word' id='word_1_285' title='bbox 792 3411 904 3474; x_wconf 81' lang='lat' dir='ltr'><strong>anxiam</strong></span> <span class='ocrx_word' id='word_1_286' title='bbox 927 3411 1020 3476; x_wconf 83' lang='lat' dir='ltr'><strong>victus</strong></span> <span class='ocrx_word' id='word_1_287' title='bbox 1045 3426 1075 3476; x_wconf 91' lang='lat' dir='ltr'><strong>et</strong></span> <span class='ocrx_word' id='word_1_288' title='bbox 1097 3416 1218 3487; x_wconf 83' lang='lat' dir='ltr'><strong>vestitus</strong></span> <span class='ocrx_word' id='word_1_289' title='bbox 1293 3439 1296 3450; x_wconf 74' lang='lat'><strong><em>¹</em></strong></span> 
     </span>
     <span class='ocr_line' id='line_1_35' title="bbox 87 3483 1292 3568; baseline 0.003 -20"><span class='ocrx_word' id='word_1_290' title='bbox 87 3507 198 3563; x_wconf 82' lang='lat' dir='ltr'><strong>curam,</strong></span> <span class='ocrx_word' id='word_1_291' title='bbox 219 3509 275 3567; x_wconf 87' lang='lat' dir='ltr'><strong>qua</strong></span> <span class='ocrx_word' id='word_1_292' title='bbox 295 3507 327 3549; x_wconf 88' lang='lat' dir='ltr'><strong>se</strong></span> <span class='ocrx_word' id='word_1_293' title='bbox 346 3487 480 3548; x_wconf 86' lang='lat' dir='ltr'><strong>homines</strong></span> <span class='ocrx_word' id='word_1_294' title='bbox 502 3488 682 3562; x_wconf 79' lang='lat' dir='ltr'><strong>excruciant,</strong></span> <span class='ocrx_word' id='word_1_295' title='bbox 702 3483 907 3568; x_wconf 81' lang='lat' dir='ltr'><strong>reprehendit,</strong></span> <span class='ocrx_word' id='word_1_296' title='bbox 927 3511 961 3550; x_wconf 80' lang='lat' dir='ltr'><strong>ac</strong></span> <span class='ocrx_word' id='word_1_297' title='bbox 980 3490 1068 3558; x_wconf 89' lang='lat' dir='ltr'><strong>simul</strong></span> <span class='ocrx_word' id='word_1_298' title='bbox 1087 3491 1218 3556; x_wconf 83' lang='lat' dir='ltr'><strong>curando</strong></span> <span class='ocrx_word' id='word_1_299' title='bbox 1286 3501 1292 3516; x_wconf 85' lang='lat'><strong><em>‘</em></strong></span> 
     </span>
     <span class='ocr_line' id='line_1_36' title="bbox 86 3563 1218 3645; baseline 0.003 -22"><span class='ocrx_word' id='word_1_300' title='bbox 86 3563 154 3626; x_wconf 89' lang='lat' dir='ltr'><strong>huic</strong></span> <span class='ocrx_word' id='word_1_301' title='bbox 168 3563 281 3638; x_wconf 49' lang='lat' dir='ltr'><strong>,morbo</strong></span> <span class='ocrx_word' id='word_1_302' title='bbox 300 3564 469 3645; x_wconf 79' lang='lat' dir='ltr'><strong>¹remedium</strong></span> <span class='ocrx_word' id='word_1_303' title='bbox 493 3563 623 3626; x_wconf 77' lang='lat' dir='ltr'><strong>adhibet</strong></span> <span class='ocrx_word' id='word_1_304' title='bbox 669 3563 762 3640; x_wconf 87' lang='lat' dir='ltr'><strong>Quod</strong></span> <span class='ocrx_word' id='word_1_305' title='bbox 784 3565 926 3628; x_wconf 86' lang='lat' dir='ltr'><strong>sollicitos</strong></span> <span class='ocrx_word' id='word_1_306' title='bbox 951 3587 1013 3629; x_wconf 88' lang='lat' dir='ltr'><strong>esse</strong></span> <span class='ocrx_word' id='word_1_307' title='bbox 1037 3578 1132 3642; x_wconf 85' lang='lat' dir='ltr'><strong>vetat,</strong></span> <span class='ocrx_word' id='word_1_308' title='bbox 1155 3589 1218 3626; x_wconf 87' lang='lat' dir='ltr'><strong>uon</strong></span> 
     </span>
     <span class='ocr_line' id='line_1_37' title="bbox 87 3639 1218 3721; baseline 0.003 -21"><span class='ocrx_word' id='word_1_309' title='bbox 87 3643 128 3702; x_wconf 86' lang='lat' dir='ltr'><strong>ita</strong></span> <span class='ocrx_word' id='word_1_310' title='bbox 147 3642 279 3721; x_wconf 84' lang='lat' dir='ltr'><strong>praecise</strong></span> <span class='ocrx_word' id='word_1_311' title='bbox 298 3641 373 3703; x_wconf 88' lang='lat' dir='ltr'><strong>sumi</strong></span> <span class='ocrx_word' id='word_1_312' title='bbox 392 3639 497 3717; x_wconf 88' lang='lat' dir='ltr'><strong>debet,</strong></span> <span class='ocrx_word' id='word_1_313' title='bbox 518 3641 576 3701; x_wconf 87' lang='lat' dir='ltr'><strong>acsi</strong></span> <span class='ocrx_word' id='word_1_314' title='bbox 597 3661 715 3701; x_wconf 90' lang='lat' dir='ltr'><strong>omnem</strong></span> <span class='ocrx_word' id='word_1_315' title='bbox 734 3640 791 3702; x_wconf 87' lang='lat' dir='ltr'><strong>suis</strong></span> <span class='ocrx_word' id='word_1_316' title='bbox 809 3664 910 3702; x_wconf 88' lang='lat' dir='ltr'><strong>curam</strong></span> <span class='ocrx_word' id='word_1_317' title='bbox 931 3644 1078 3706; x_wconf 85' lang='lat' dir='ltr'><strong>eximeret.</strong></span> <span class='ocrx_word' id='word_1_318' title='bbox 1104 3644 1218 3703; x_wconf 87' lang='lat' dir='ltr'><strong>Scimus</strong></span> 
     </span>
     <span class='ocr_line' id='line_1_38' title="bbox 89 3717 1267 3800; baseline 0.001 -23"><span class='ocrx_word' id='word_1_319' title='bbox 89 3718 169 3778; x_wconf 90' lang='lat' dir='ltr'><strong>enim</strong></span> <span class='ocrx_word' id='word_1_320' title='bbox 181 3738 223 3778; x_wconf 88' lang='lat' dir='ltr'><strong>ea</strong></span> <span class='ocrx_word' id='word_1_321' title='bbox 243 3718 309 3800; x_wconf 83' lang='lat' dir='ltr'><strong>lege</strong></span> <span class='ocrx_word' id='word_1_322' title='bbox 328 3729 413 3779; x_wconf 89' lang='lat' dir='ltr'><strong>natos</strong></span> <span class='ocrx_word' id='word_1_323' title='bbox 435 3737 496 3778; x_wconf 86' lang='lat' dir='ltr'><strong>csse</strong></span> <span class='ocrx_word' id='word_1_324' title='bbox 515 3717 660 3792; x_wconf 88' lang='lat' dir='ltr'><strong>homines,</strong></span> <span class='ocrx_word' id='word_1_325' title='bbox 679 3730 714 3777; x_wconf 84' lang='lat' dir='ltr'><strong>ut</strong></span> <span class='ocrx_word' id='word_1_326' title='bbox 733 3717 841 3798; x_wconf 80' lang='lat' dir='ltr'><strong>aliquid</strong></span> <span class='ocrx_word' id='word_1_327' title='bbox 854 3721 1136 3782; x_wconf 82' lang='lat' dir='ltr'><strong>curaesustinesnt:</strong></span> <span class='ocrx_word' id='word_1_328' title='bbox 1156 3719 1218 3778; x_wconf 85' lang='lat' dir='ltr'><strong>imo</strong></span> <span class='ocrx_word' id='word_1_329' title='bbox 1265 3751 1267 3755; x_wconf 83' lang='lat'><em>.</em></span> 
     </span>
    </p>
   </div>
   <div class='ocr_carea' id='block_1_21' title="bbox 10 3793 1234 3932">
    <p class='ocr_par' dir='ltr' id='par_1_21' title="bbox 10 3793 1234 3932">
     <span class='ocr_line' id='line_1_39' title="bbox 10 3793 1234 3932; baseline -0.001 -79"><span class='ocrx_word' id='word_1_330' title='bbox 10 3825 11 3830; x_wconf 14' lang='grc' dir='ltr'><strong>κ</strong></span> <span class='ocrx_word' id='word_1_331' title='bbox 87 3793 160 3854; x_wconf 87' lang='lat' dir='ltr'><strong>baec</strong></span> <span class='ocrx_word' id='word_1_332' title='bbox 181 3815 243 3855; x_wconf 89' lang='lat' dir='ltr'><strong>non</strong></span> <span class='ocrx_word' id='word_1_333' title='bbox 263 3796 364 3867; x_wconf 81' lang='lat' dir='ltr'><strong>ultima</strong></span> <span class='ocrx_word' id='word_1_334' title='bbox 377 3807 422 3855; x_wconf 87' lang='lat' dir='ltr'><strong>est</strong></span> <span class='ocrx_word' id='word_1_335' title='bbox 439 3815 507 3874; x_wconf 91' lang='lat' dir='ltr'><strong>pars</strong></span> <span class='ocrx_word' id='word_1_336' title='bbox 525 3795 718 3866; x_wconf 83' lang='lat' dir='ltr'><strong>miseriarum,</strong></span> <span class='ocrx_word' id='word_1_337' title='bbox 738 3816 808 3932; x_wconf 47' lang='lat' dir='ltr'><strong>aues</strong></span> <span class='ocrx_word' id='word_1_338' title='bbox 819 3795 965 3857; x_wconf 86' lang='lat' dir='ltr'><strong>Dominus</strong></span> <span class='ocrx_word' id='word_1_339' title='bbox 984 3796 1072 3856; x_wconf 87' lang='lat' dir='ltr'><strong>nobis</strong></span> <span class='ocrx_word' id='word_1_340' title='bbox 1092 3794 1122 3854; x_wconf 89' lang='lat' dir='ltr'><strong>in</strong></span> <span class='ocrx_word' id='word_1_341' title='bbox 1142 3813 1234 3876; x_wconf 66' lang='lat' dir='ltr'><strong>poe7.</strong></span> 
     </span>
    </p>
   </div>
   <div class='ocr_carea' id='block_1_22' title="bbox 89 3862 1219 3948">
    <p class='ocr_par' dir='ltr' id='par_1_22' title="bbox 89 3862 1219 3948">
     <span class='ocr_line' id='line_1_40' title="bbox 89 3862 1219 3948; baseline 0.001 -19"><span class='ocrx_word' id='word_1_342' title='bbox 89 3871 315 3948; x_wconf 62' lang='lat' dir='ltr'><strong>imminuerit,</strong></span> <span class='ocrx_word' id='word_1_343' title='bbox 338 3883 372 3932; x_wconf 87' lang='lat' dir='ltr'><strong>ut</strong></span> <span class='ocrx_word' id='word_1_344' title='bbox 397 3891 452 3933; x_wconf 86' lang='lat' dir='ltr'><strong>nos</strong></span> <span class='ocrx_word' id='word_1_345' title='bbox 477 3862 652 3933; x_wconf 82' lang='lat' dir='ltr'><strong>humiliaret.</strong></span> <span class='ocrx_word' id='word_1_346' title='bbox 698 3873 738 3934; x_wconf 85' lang='lat' dir='ltr'><strong>Se</strong></span> <span class='ocrx_word' id='word_1_347' title='bbox 779 3873 962 3934; x_wconf 84' lang='lat' dir='ltr'><strong>immodicam</strong></span> <span class='ocrx_word' id='word_1_348' title='bbox 983 3893 1082 3934; x_wconf 85' lang='lat' dir='ltr'><strong>curam</strong></span> <span class='ocrx_word' id='word_1_349' title='bbox 1100 3871 1219 3932; x_wconf 87' lang='lat' dir='ltr'><strong>damnat</strong></span> 
     </span>
    </p>
   </div>
   <div class='ocr_carea' id='block_1_23' title="bbox 9 3945 1220 4029">
    <p class='ocr_par' dir='ltr' id='par_1_23' title="bbox 9 3945 1220 4029">
     <span class='ocr_line' id='line_1_41' title="bbox 9 3945 1220 4029; baseline 0.002 -24"><span class='ocrx_word' id='word_1_350' title='bbox 9 3979 11 3984; x_wconf 96' lang='lat'>·</span> <span class='ocrx_word' id='word_1_351' title='bbox 90 3945 130 4006; x_wconf 91' lang='lat' dir='ltr'><strong>ob</strong></span> <span class='ocrx_word' id='word_1_352' title='bbox 151 3947 221 4008; x_wconf 80' lang='lat' dir='ltr'><strong>duas</strong></span> <span class='ocrx_word' id='word_1_353' title='bbox 240 3949 367 4024; x_wconf 76' lang='lat' dir='ltr'><strong>causas,¹</strong></span> <span class='ocrx_word' id='word_1_354' title='bbox 384 3948 452 4029; x_wconf 86' lang='lat' dir='ltr'><strong>quia</strong></span> <span class='ocrx_word' id='word_1_355' title='bbox 482 3948 593 4009; x_wconf 87' lang='lat' dir='ltr'><strong>seilicet</strong></span> <span class='ocrx_word' id='word_1_356' title='bbox 613 3969 647 4010; x_wconf 85' lang='lat' dir='ltr'><strong>ea</strong></span> <span class='ocrx_word' id='word_1_357' title='bbox 669 3968 702 4009; x_wconf 88' lang='lat' dir='ltr'><strong>se</strong></span> <span class='ocrx_word' id='word_1_358' title='bbox 728 3949 834 4010; x_wconf 82' lang='lat' dir='ltr'><strong>frustra</strong></span> <span class='ocrx_word' id='word_1_359' title='bbox 859 3961 1009 4012; x_wconf 85' lang='lat' dir='ltr'><strong>macerant</strong></span> <span class='ocrx_word' id='word_1_360' title='bbox 1033 3947 1167 4008; x_wconf 88' lang='lat' dir='ltr'><strong>homines</strong></span> <span class='ocrx_word' id='word_1_361' title='bbox 1189 3958 1220 4007; x_wconf 87' lang='lat' dir='ltr'><strong>et</strong></span> 
     </span>
    </p>
   </div>
   <div class='ocr_carea' id='block_1_24' title="bbox 89 4023 1222 4420">
    <p class='ocr_par' dir='ltr' id='par_1_24' title="bbox 89 4023 1222 4420">
     <span class='ocr_line' id='line_1_42' title="bbox 89 4023 1218 4106; baseline 0.002 -25"><span class='ocrx_word' id='word_1_362' title='bbox 89 4031 247 4103; x_wconf 86' lang='lat' dir='ltr'><strong>torquent,</strong></span> <span class='ocrx_word' id='word_1_363' title='bbox 278 4038 339 4086; x_wconf 82' lang='lat' dir='ltr'><strong>sata</strong></span> <span class='ocrx_word' id='word_1_364' title='bbox 362 4026 439 4085; x_wconf 88' lang='lat' dir='ltr'><strong>endo</strong></span> <span class='ocrx_word' id='word_1_365' title='bbox 465 4023 530 4106; x_wconf 88' lang='lat' dir='ltr'><strong>plus</strong></span> <span class='ocrx_word' id='word_1_366' title='bbox 557 4045 645 4105; x_wconf 85' lang='lat' dir='ltr'><strong>quapr</strong></span> <span class='ocrx_word' id='word_1_367' title='bbox 669 4024 757 4088; x_wconf 82' lang='lat' dir='ltr'><strong>liceat</strong></span> <span class='ocrx_word' id='word_1_368' title='bbox 779 4024 827 4086; x_wconf 88' lang='lat' dir='ltr'><strong>vel</strong></span> <span class='ocrx_word' id='word_1_369' title='bbox 851 4027 928 4088; x_wconf 81' lang='lat' dir='ltr'><strong>ierat</strong></span> <span class='ocrx_word' id='word_1_370' title='bbox 951 4043 1055 4084; x_wconf 88' lang='lat' dir='ltr'><strong>eornm</strong></span> <span class='ocrx_word' id='word_1_371' title='bbox 1084 4024 1218 4098; x_wconf 79' lang='lat' dir='ltr'><strong>vocatio:</strong></span> 
     </span>
     <span class='ocr_line' id='line_1_43' title="bbox 92 4045 1220 4186; baseline 0.004 -30"><span class='ocrx_word' id='word_1_372' title='bbox 92 4097 297 4183; x_wconf 83' lang='lat' dir='ltr'><strong>deindequod</strong></span> <span class='ocrx_word' id='word_1_373' title='bbox 316 4045 374 4164; x_wconf 72' lang='lat' dir='ltr'><strong>siit</strong></span> <span class='ocrx_word' id='word_1_374' title='bbox 391 4101 457 4184; x_wconf 87' lang='lat' dir='ltr'><strong>plus</strong></span> <span class='ocrx_word' id='word_1_375' title='bbox 477 4115 595 4164; x_wconf 88' lang='lat' dir='ltr'><strong>sumunt</strong></span> <span class='ocrx_word' id='word_1_376' title='bbox 614 4121 700 4184; x_wconf 85' lang='lat' dir='ltr'><strong>qnam</strong></span> <span class='ocrx_word' id='word_1_377' title='bbox 719 4115 856 4186; x_wconf 82' lang='lat' dir='ltr'><strong>oportet,</strong></span> <span class='ocrx_word' id='word_1_378' title='bbox 885 4125 919 4164; x_wconf 85' lang='lat' dir='ltr'><strong>ac</strong></span> <span class='ocrx_word' id='word_1_379' title='bbox 937 4101 1058 4182; x_wconf 81' lang='lat' dir='ltr'><strong>propriu</strong></span> <span class='ocrx_word' id='word_1_380' title='bbox 1077 4100 1220 4162; x_wconf 88' lang='lat' dir='ltr'><strong>industria</strong></span> 
     </span>
     <span class='ocr_line' id='line_1_44' title="bbox 91 4168 1220 4274; baseline 0.005 -42"><span class='ocrx_word' id='word_1_381' title='bbox 91 4171 160 4261; x_wconf 70' lang='lat' dir='ltr'><strong>ireti</strong></span> <span class='ocrx_word' id='word_1_382' title='bbox 170 4176 268 4240; x_wconf 87' lang='lat' dir='ltr'><strong>Deum</strong></span> <span class='ocrx_word' id='word_1_383' title='bbox 286 4168 607 4274; x_wconf 46' lang='lat' dir='ltr'><strong>iuvocare-negligunt.</strong></span> <span class='ocrx_word' id='word_1_384' title='bbox 646 4179 790 4240; x_wconf 86' lang='lat' dir='ltr'><strong>Tenenda</strong></span> <span class='ocrx_word' id='word_1_385' title='bbox 806 4190 851 4242; x_wconf 90' lang='lat' dir='ltr'><strong>est</strong></span> <span class='ocrx_word' id='word_1_386' title='bbox 868 4179 918 4239; x_wconf 87' lang='lat' dir='ltr'><strong>illa</strong></span> <span class='ocrx_word' id='word_1_387' title='bbox 933 4177 1108 4259; x_wconf 84' lang='lat' dir='ltr'><strong>promissio:</strong></span> <span class='ocrx_word' id='word_1_388' title='bbox 1128 4197 1220 4259; x_wconf 87' lang='lat' dir='ltr'><strong>quum</strong></span> 
     </span>
     <span class='ocr_line' id='line_1_45' title="bbox 92 4253 1221 4338; baseline 0.006 -31"><span class='ocrx_word' id='word_1_389' title='bbox 92 4254 235 4318; x_wconf 75' lang='lat' dir='ltr'><strong>increduli</strong></span> <span class='ocrx_word' id='word_1_390' title='bbox 253 4277 319 4317; x_wconf 87' lang='lat' dir='ltr'><strong>sero</strong></span> <span class='ocrx_word' id='word_1_391' title='bbox 339 4255 470 4324; x_wconf 86' lang='lat' dir='ltr'><strong>cubitum</strong></span> <span class='ocrx_word' id='word_1_392' title='bbox 488 4257 590 4333; x_wconf 74' lang='lat' dir='ltr'><strong>ibunt,</strong></span> <span class='ocrx_word' id='word_1_393' title='bbox 614 4276 701 4328; x_wconf 87' lang='lat' dir='ltr'><strong>mane</strong></span> <span class='ocrx_word' id='word_1_394' title='bbox 719 4268 856 4338; x_wconf 84' lang='lat' dir='ltr'><strong>surgent,</strong></span> <span class='ocrx_word' id='word_1_395' title='bbox 880 4267 911 4316; x_wconf 86' lang='lat' dir='ltr'><strong>et</strong></span> <span class='ocrx_word' id='word_1_396' title='bbox 930 4253 1088 4316; x_wconf 89' lang='lat' dir='ltr'><strong>comedent</strong></span> <span class='ocrx_word' id='word_1_397' title='bbox 1112 4274 1221 4337; x_wconf 84' lang='lat' dir='ltr'><strong>panem</strong></span> 
     </span>
     <span class='ocr_line' id='line_1_46' title="bbox 95 4321 1222 4420; baseline 0.001 -26"><span class='ocrx_word' id='word_1_398' title='bbox 95 4321 220 4408; x_wconf 83' lang='lat' dir='ltr'><strong>d0l0ris‚</strong></span> <span class='ocrx_word' id='word_1_399' title='bbox 262 4332 363 4394; x_wconf 88' lang='lat' dir='ltr'><strong>fideles</strong></span> <span class='ocrx_word' id='word_1_400' title='bbox 398 4334 511 4420; x_wconf 25' lang='lat' dir='ltr'><strong>quiete.</strong></span> <span class='ocrx_word' id='word_1_401' title='bbox 531 4345 562 4397; x_wconf 86' lang='lat' dir='ltr'><strong>et</strong></span> <span class='ocrx_word' id='word_1_402' title='bbox 597 4353 703 4412; x_wconf 84' lang='lat' dir='ltr'><strong>somno</strong></span> <span class='ocrx_word' id='word_1_403' title='bbox 722 4354 792 4418; x_wconf 41' lang='lat' dir='ltr'><strong>,per</strong></span> <span class='ocrx_word' id='word_1_404' title='bbox 822 4331 881 4404; x_wconf 83' lang='lat' dir='ltr'><strong>Dei</strong></span> <span class='ocrx_word' id='word_1_405' title='bbox 916 4329 1041 4415; x_wconf 82' lang='lat' dir='ltr'><strong>gratiam</strong></span> <span class='ocrx_word' id='word_1_406' title='bbox 1073 4333 1222 4415; x_wconf 81' lang='lat' dir='ltr'><strong>potituros</strong></span> 
     </span>
    </p>
   </div>
   <div class='ocr_carea' id='block_1_25' title="bbox 120 4413 1019 4510">
    <p class='ocr_par' dir='ltr' id='par_1_25' title="bbox 120 4413 1019 4510">
     <span class='ocr_line' id='line_1_47' title="bbox 120 4413 1019 4510; baseline 0.04 -39"><span class='ocrx_word' id='word_1_407' title='bbox 120 4424 496 4510; x_wconf 64' lang='lat' dir='ltr'><strong>ostvintccmm.icttsrm.1tv.</strong></span> <span class='ocrx_word' id='word_1_408' title='bbox 513 4437 568 4486; x_wconf 80' lang='lat' dir='ltr'><strong>Vol·</strong></span> <span class='ocrx_word' id='word_1_409' title='bbox 582 4435 603 4484; x_wconf 80' lang='lat' dir='ltr'><strong>l·</strong></span> <span class='ocrx_word' id='word_1_410' title='bbox 872 4481 876 4488; x_wconf 92' lang='lat'><em>-</em></span> <span class='ocrx_word' id='word_1_411' title='bbox 905 4497 912 4503; x_wconf 95' lang='lat'>.</span> <span class='ocrx_word' id='word_1_412' title='bbox 980 4413 1019 4476; x_wconf 66' lang='lat'><strong>12</strong></span> 
     </span>
    </p>
   </div>
   <div class='ocr_carea' id='block_1_26' title="bbox 0 0 1415 4748">
    <p class='ocr_par' dir='ltr' id='par_1_26' title="bbox 0 0 1415 4748">
     <span class='ocr_line' id='line_1_48' title="bbox 0 0 1415 4748; baseline 0 0"><span class='ocrx_word' id='word_1_413' title='bbox 0 0 1415 4748; x_wconf 95' lang='lat' dir='ltr'><strong> </strong></span> 
     </span>
    </p>
   </div>
  </div>
 </body>
</html>
