2808 4748
21 4577 29 4585 ι

84 3444 91 3452 ”
113 3443 243 3530 positum
262 3440 385 3516 Ioanni,
405 3459 492 3576 poam
510 3437 664 3520 politicum
684 3437 818 3500 ordinem
838 3451 981 3500 evertere.
1020 3437 1109 3498 Unde
1129 3460 1164 3500 co

94 4011 96 4014 ·
116 3979 250 4056 cessitas,
269 3988 468 4070 et.quotquqt
486 3974 545 4036 Dei
564 3972 706 4038 beneficia
725 3965 765 4037 iio

411 307 562 385 (wa-zm
589 257 716 380 Ioannes
736 307 932 390 praedicans.)
987 295 989 302 ¹
1197 319 1262 408 llll.

181 451 254 510 Luc.
285 385 348 530 ml
380 447 605 526 Imetrogribont
634 445 698 510 eum
725 432 835 514 tomos.
869 451 976 516 ¹Hanc
1006 455 1236 531 solllcltudipem

105 523 206 622 gignit
235 547 323 619 verus
347 527 537 616 resipiscendi
568 528 706 620 affectus,
735 540 770 588 ut
797 529 902 620 cupide
932 533 1070 612 inquirat.
1087 545 1237 614 peccator,

106 605 248 686 quidnam
266 604 337 665 velit
355 604 437 664 Deus
456 618 679 696 ac‘praecipiat.
706 605 890 686 ·Respousro
914 619 1013 679 autem
1029 611 1149 680 Ioannis
1169 612 1238 673 bre·

9 686 18 700 ’“
105 684 183 743 viter
203 680 306 741 definit
324 681 433 742 fructus
453 685 637 762 poenitentia
658 683 777 764 dignos:
804 702 925 776 semper
941 685 1020 747 enim
1038 689 1167 750 mundus
1188 707 1237 749 ce-

107 757 249 822 remoniis
269 777 338 839 erga
357 758 453 818 Deum
479 758 560 850 cupit
584 758 722 841 defungi,
747 779 803 821 nec
824 781 891 839 quic
912 780 980 821 uam
1004 763 1161 852 proclivius
1181 776 1237 841 est,

107 857 196 915 quam
216 834 340 901 ficticios
360 832 454 914 c'ulttis
474 837 624 916 obiectare
638 835 716 912 Deo,
738 837 854 916 quotics
874 781 911 898 ad
930 838 1141 918 poentientiam
1161 840 1237 900 invi-

106 923 160 972 tat.
202 910 287 984 Quos
306 923 404 972 autem
425 911 536 973 fructus
564 913 750 984 commendat
773 912 924 975 hocloco
945 912 1092 994 Baptista?
1131 914 1238 978 Officia

108 988 235 1048 caritatis
256 998 291 1057 et¹
304 989 450 1049 secundae
469 988 601 1064 tabulae:
617 1010 683 1050 non
703 988 785 1070 quod
804 990 886 1052 Deus
906 1001 1054 1054 externam
1094 990 1188 1056 ietatis
1208 1003 1239 1053 et

103 1064 203 1138 ¹cultus
229 1065 273 1125 sui
297 1064 514 1146 professionem
533 1066 614 1149 negli
636 1078 680 1144 at,
704 1066 756 1128 sed
781 1067 849 1147 quia
873 1066 946 1128 baec
971 1079 1043 1128 nota
1069 1011 1239 1130 discriminis

105 1141 219 1202 certior
238 1153 293 1217 est,
312 1163 346 1202 ac
365 1142 461 1202 ininus
480 1161 568 1223 saepe
588 1085 671 1204 tabit.
709 1143 872 1206 Laboriose
893 1145 971 1206 euim
990 1142 1240 1226 satagunt'bypo-

107 1219 207 1293 caitae,
226 1229 304 1279 utse
316 1217 375 1278 Dei
396 1218 525 1278 cultores
546 1220 719 1280 ceremoniis
739 1220 879 1300 probent,
899 1220 1005 1282 omissa
1024 1219 1142 1288 iuterim
1154 1240 1242 1282 verae
1306 1251 1311 1258 ⁴

107 1295 235 1365 iustitiae
256 1314 343 1368 cura,
363 1296 481 1388 quando
501 1295 549 1354 vel
568 1296 719 1364 inhumani
738 1309 807 1358 suut
826 1316 896 1390 erga
914 1299 1075 1377 proximos,
1095 1297 1142 1360 vel
1161 1296 1242 1358 frati·
1335 1316 1356 1348 ·,

107 1371 194 1432 dibus
221 1383 252 1431 et
280 1371 390 1452 rapinis
420 1371 539 1432 addicti.
593 1373 695 1448 Quare
724 1376 894 1435 necessario
915 1375 1175 1440 reverendissim
1205 1374 1240 1434 ad

76 1448 230 1510 ”crassius
255 1467 393 1522 examen,
419 1469 456 1508 au
481 1448 660 1529 probitatem
680 1448 780 1510 colant
799 1449 876 1511 inter
899 1449 1050 1526 homines,
1074 1472 1111 1524 an
1131 1451 1251 1536 subsc-l

108 1526 197 1586 niant
239 1524 414 1603 auperibus,
443 1543 480 1584 an
505 1538 627 1605 parcant
649 1525 777 1601 miseris,
807 1547 844 1587 an
865 1526 992 1609 benigne
1013 1527 1242 1603 communicent,

109 1621 187 1681 quae
235 1607 350 1661 ominus
370 1598 427 1661 illis
448 1601 573 1664 contulit
591 1603 767 1678 (Martum,
781 1607 850 1681 23).
887 1599 952 1664 Hac
971 1604 1088 1669 ratione
1106 1602 1242 1676 ‚Christus

106 1679 267 1765 praecipua
286 1678 374 1760 Legis
394 1679 489 1759 capita
507 1680 640 1740 nominat
658 1679 812 1756 iustitiam,
832 1679 1060 1742 misericordiam
1081 1692 1113 1742 et
1130 1681 1260 1744 verina
1292 1704 1298 1716 *

109 1767 197 1830 tem,
213 1767 243 1814 ct
262 1755 327 1815 Scri
350 1766 414 1815 tura
439 1758 544 1835 passini
570 1755 756 1826 commendat
775 1756 912 1818 iustitiam
933 1767 964 1816 et
987 1755 1135 1818 iudiciuin.
1175 1759 1242 1819 Hoc

109 1831 209 1970 primo
231 1775 397 1894 habendum
418 1843 476 1909 est,
503 1835 650 1914 nominari
668 1835 799 1894 caninis
816 1835 939 1916 officio,
965 1854 1026 1894 non
1047 1834 1127 1914 quod
1147 1834 1243 1896 excel-

123 1919 174 1968 ant
193 1927 279 1988 snpra
303 1907 412 1969 cultum
431 1909 505 1986 Dei,
536 1911 587 1972 sed
608 1923 752 1992 quatenus
775 1921 921 1972 testantur
940 1909 977 1970 de
1003 1909 1155 1971 bominum
1178 1912 1242 1993 pie-

9 2047 12 2056 ,
109 1996 190 2059 tate,
216 1997 372 2048 uteorum
398 1985 554 2070 detegatur
571 1987 734 2064 simulatio,
753 1987 804 2068 qui
830 2007 883 2048 ore
902 1988 1012 2048 iactant
1031 1987 1112 2068 quod
1135 1987 1241 2070 procul

111 2061 194 2122 abest
214 2083 230 2122 a
250 2063 348 2154 corde.
394 2063 454 2122 Sed
475 2065 641 2144 quaeritur,
665 2087 702 2124 an
748 2065 856 2125 raecise
880 2063 977 2157 legem
1002 2062 1078 2126 banc
1102 2065 1241 2126 omnibus

111 2140 286 2218 imposuerit
304 2139 452 2213 Ioannes,
473 2161 547 2219 quos
568 2141 690 2220 parabat
737 2141 830 2202 bristo
853 2141 1027 2222 discipulos,
1046 2160 1085 2201 ne
1105 2142 1174 2202 duas
1194 2153 1241 2212 tu-

110 2212 189 2282 nicas
209 2213 363 2278 haberent.
401 2216 502 2276 Primo
522 2217 686 2276 notandum
706 2228 764 2289 est,
789 2217 1033 2296 synecdochicos]
1054 2237 1117 2278 esse
1137 2217 1243 2309 loquu-

4 2361 10 2384 .-
110 2292 240 2366 tionem,
266 2293 333 2372 quia
357 2292 411 2353 sub
438 2313 495 2351 una
520 2292 620 2372 specie
646 2289 916 2384 comprehenditur·
929 2293 1076 2383 generalis
1100 2293 1243 2354 doctrina.

111 2369 190 2429 Hinc
209 2369 343 2448 sequitur
362 2368 537 2429 eliciendum
557 2388 620 2428 esse
639 2387 767 2442 sensum,
787 2369 837 2447 qui
857 2379 984 2429 caritatis
1000 2369 1132 2448 regulae,
1173 2367 1244 2430 ualis

111 2465 128 2504 a
149 2445 218 2506 Deo
239 2444 464 2524 praescribitur,
484 2443 677 2524 respoudeat:
703 2463 810 2521 nempe
829 2443 1005 2522 utquisque
1025 2461 1060 2500 ex
1077 2463 1128 2503 sua
1148 2464 1163 2503 a
1187 2465 1243 2504 un-

113 2522 213 2581 dantia
237 2519 391 2582 subveniat
416 2539 579 2600 pauperum
607 2519 735 2598 inopiae.
779 2521 848 2584 Non
873 2518 953 2578 eniin
982 2529 1066 2594 extor
1087 2529 1139 2578 uet
1161 2517 1244 2580 Deus
1292 2533 1293 2538 ’

111 2594 249 2679 vectigal,
269 2596 350 2675 quod
368 2595 467 2661 tristes
488 2607 519 2654 et
538 2595 796 2670 intiticonferant,
816 2595 866 2674 qui
887 2539 1176 2656 necessitatelaceie
1191 2616 1243 2655 co·
1290 2651 1297 2656 .

134 2687 222 2735 antur
240 2672 322 2752 quod
342 2672 472 2747 nollent,
502 2672 554 2732 scd
573 2671 679 2732 hilares
699 2671 816 2732 datores
835 2693 869 2732 ac
888 2671 1068 2733 voluntarios
1088 2683 1181 2747 amat,
1212 2683 1244 2732 ut

111 2694 312 2834 dicitPaulus
337 2748 378 2808 ΙΙ.
399 2747 471 2810 Cor.
490 2754 579 2825 9,7.
618 2750 685 2811 Hoc
704 2748 772 2810 ideo
793 2749 875 2825 dico,
901 2750 970 2828 quia
992 2749 1093 2841 magui
1111 2736 1263 2824 intererat,
1346 2817 1350 2821 y

113 2840 149 2890 ut
166 2826 298 2910 persuasi
324 2826 382 2887 siiit
406 2823 551 2903 homines,
573 2837 687 2909 gratum
716 2845 751 2885 ae
775 2825 847 2886 boni
871 2825 972 2900 odoris
989 2825 1161 2886 sacrificium
1182 2835 1270 2886 esset

1 2902 7 2984 ,‘
110 2905 192 2978 Deo,
212 2903 440 2996 quodofferunt
458 2918 491 2962 ei
510 2903 568 2965 suis
588 2901 782 2963 facultatibus.
812 2902 912 2996 Atqui
931 2923 994 2962 uon
1013 2901 1251 2983 trepidationem

110 2981 204 3043 modo
223 2992 360 3040 iniierunt
379 2981 578 3058 conscientiis,
595 2980 647 3046 sed
668 3000 715 3056 eas
735 2979 940 3061 desperatione
959 2978 1102 3054 obruunt,
1119 2979 1243 3060 quicun-

110 3078 174 3139 que
196 3057 294 3140 legem
324 3057 496 3140 Mpouunt,
526 3077 564 3116 ne
590 3057 742 3137 quisquam
770 3057 923 3136 proprium
948 3055 1057 3136 aliquid
1083 3055 1241 3138 possideat.

109 3139 177 3200 Nec
194 3154 267 3195 vero
287 3146 390 3195 contra
409 3133 551 3195 eiusmodi
570 3131 710 3194 fanaticos
730 3133 874 3208 homiues,
894 3131 1111 3214 qui'mordicns
1130 3133 1244 3193 literam

1 3227 2 3230 ’
93 3261 94 3264 ,
115 3210 271 3305 arripiunt,
290 3209 381 3292 longa
399 3209 579 3271 refutatione
599 3231 672 3292 opus
693 3217 746 3270 est.
784 3208 881 3270 Silas
901 3230 963 3269 non
983 3221 1028 3270 est
1047 3206 1116 3269 du'as
1136 3193 1246 3270 {labere

112 3303 238 3363 tunicas,
256 3287 335 3347 idem
355 3287 391 3354 de
411 3287 532 3366 patinis,
555 3286 668 3358 saliuis,
687 3285 826 3361 indusiis,
845 3297 907 3348 tota
930 3305 967 3346 ue
986 3285 1168 3367 supellectile
1188 3285 1264 3346 crit'

114 3365 281 3428 dicendum.
317 3361 410 3442 nequi
429 3381 464 3422 ex
483 3373 623 3424 contextu
643 3363 720 3424 clare
740 3373 836 3454 patet,
856 3308 929 3422 nihil
948 3363 1042 3423 minus
1062 3362 1150 3425 fuisse
1166 3382 1243 3498 pro:
1283 3405 1284 3409 ,

1189 3437 1243 3521 igi-

113 3542 192 3596 mus,
212 3516 286 3577 nibil
306 3537 372 3578 eum
391 3537 457 3597 pus
475 3514 640 3607 mandasse,
661 3531 747 3595 quain
765 3526 800 3576 ut
819 3513 924 3576 divites
944 3536 1000 3597 pro
1019 3517 1077 3576 suis
1098 3514 1245 3592 facultati·

71 3613 74 3620 ’
114 3597 170 3658 bus
191 3604 349 3676 erogarent
367 3591 562 3674 pauperibus,
582 3591 662 3672 quod
682 3611 785 3652 eorum
804 3592 961 3663 necessitas
979 3591 1160 3674 postulabat:
1187 3587 1246 3650 acsi

114 3672 248 3747 dixisset,
278 3671 403 3744 Videte,
420 3667 535 3750 ,qulbus
559 3669 636 3730 vitae
662 3659 794 3730 subsidiis
816 3667 971 3752 indigeant
995 3667 1120 3750 proximi
1145 3662 1246 3740 vestri,
1331 3667 1335 3674 “

116 3769 192 3830 quae
220 3746 307 3810 vobis
332 3745 475 3822 affluunt,
505 3755 538 3804 ut
561 3756 658 3807 restra
687 3743 772 3826 copia
804 3764 911 3824 eorum
940 3743 1062 3827 egestati
1086 3751 1246 3803 succurrat

115 3831 215 3890 Porro
235 3845 295 3905 quo
319 3823 411 3906 magis
436 3822 571 3915 indulget
594 3822 681 3883 uobis
699 3820 797 3897 Deus,
822 3840 859 3882 eo
884 3824 976 3905 magis
1001 3818 1179 3895 carendum,
1203 3836 1244 3878 ne

116 3903 176 3969 sibi
192 3902 346 3986 ¹quisquam
365 3911 498 3964 nostrum
517 3897 677 3982 indulgeat.
722 3898 836 4036 Urgent
855 3919 909 3961 nos
929 3897 1029 3980 potius
1048 3894 1171 3976 fratrum
1190 3910 1246 3953 ne·
1271 3911 1279 3931 ¹

788 3975 811 4036 is
831 3987 899 4044 sunt
917 3975 955 4035 ad
973 3992 1111 4057 manum,
1134 3969 1246 4060 adbe-
1276 3979 1278 3997 ¹

118 4056 306 4120 neliceutiam
325 4061 380 4114 iios
399 4063 532 4115 invitent.
1185 4057 1188 4076 ³

196 4133 268 4196 Luc.
283 4137 335 4200 tt.
365 4129 403 4194 V
398 4144 517 4202 enormi
533 4143 560 4196 at
572 4128 734 4206 prdlitnoi
757 4126 938 4200 Publicanos
950 4120 1180 4198 portantumin
1193 4139 1249 4206 ge-
1312 4207 1316 4212 Ι

116 4229 192 4292 pere
212 4209 362 4285 bortatur,
393 4219 425 4268 ut
442 4207 633 4292 resipiscant,
664 4205 715 4268 sed
735 4205 825 4289 erigit
843 4222 919 4340 puae
937 4196 1101 4288 ¹,vocationis
1124 4199 1246 4292 propria

119 4299 203 4350 sunt:
240 4287 344 4347 scimus
376 4285 484 4359 enini,
521 4297 616 4345 racter
646 4280 814 4368 generalem
872 4279 932 4362 egis
963 4278 1096 4360 regulam
1124 4275 1248 4361 singulis

123 4363 312 4506 portandum
332 4381 410 4435 esse,
433 4305 517 4442 quidp
528 4360 660 4442 postulet
682 4361 761 4422 ritae
786 4358 822 4418 ad
842 4375 930 4436 quam
948 4354 1046 4417 vocati
1070 4365 1138 4415 sunt
1161 4354 1246 4416 ratio.

152 4439 299 4503 hristiauis
322 4437 461 4502 'omuibus
480 4439 675 4502 communiter
699 4435 876 4522 praeripitur
899 4432 1038 4573 pilonio:
1064 4431 1116 4496 sed
1140 4427 1247 4494 deinde
