2824 4756
450 180 560 254 (μᾶ
579 177 712 264 Angelus
730 178 912 260 Zachariae.)
1224 189 1244 250 7

119 324 188 386 heth
209 324 239 383 in
259 323 338 384 flore
359 322 459 382 aetatis
478 319 599 382 sterilisz
624 320 682 382 iam
701 333 836 384 senectus
856 323 941 389 atisin
961 321 1095 386 fecundis
1113 320 1243 383 mulieri·

116 401 172 461 bus
203 411 322 459 uterum
354 395 468 460 clandit.
506 397 588 480 Ergo
620 397 651 457 in
676 395 792 459 duobus
816 396 971 464 obstaculis
991 397 1096 482 duplex
1122 412 1245 480 apparet

115 475 235 538 divinae
254 473 370 535 virtutis
388 471 567 550 miraculum,
584 473 674 555 idque
694 474 726 535 in
746 495 813 536 eum
833 474 936 552 finem,
954 487 988 537 nt
1008 477 1245 556 dominusquasi

116 565 273 614 extentae
293 548 378 610 coelo
402 572 490 611 manu
507 549 688 644 Prophetam
713 572 730 612 a
750 571 782 612 se
801 552 919 612 missum
936 563 1067 614 testetur.
1105 553 1244 616 Nascitur

114 629 238 711 quidem
264 645 297 687 ex
320 628 443 688 terrenis
463 627 632 707 parentibus
651 626 781 688 mortalis
800 627 908 702 homo,
931 628 982 689 sed
1006 629 1243 712 supernaturalis,

114 705 213 844 qtlita
233 702 351 784 loquar,
380 703 485 765 modus
514 725 576 764 non
602 725 684 766 secus
709 703 791 766 illum
812 704 1013 780 commendat,
1041 708 1098 768 acsi
1117 727 1134 768 e
1154 706 1242 770 coelo

140 803 184 843 ea
208 803 253 841 sus
274 794 355 841 esset
997 840 1001 849 ,

186 803 224 924 Il).
261 853 423 917 Secundum
441 853 669 916 cnnsmndtaoem
686 853 847 918 sacerdotii.
886 855 1024 916 Sullitum
1044 855 1088 917 bis
1121 851 1243 936 uotidie,

118 955 207 995 mane
235 929 407 994 scilicet'et
423 931 553 1014 vesperi,
583 934 744 994 accendere
767 934 829 994 Lex
854 933 984 993 iubebat
1035 881 1125 1012 Qnob
1144 949 1242 998 autem

116 1011 314 1072 sortiebantur
332 1011 413 1071 inter
431 1031 462 1070 se
482 1010 667 1085 sacerdotes,
687 1011 717 1070 id
735 1011 903 1071 instituerat
921 1008 1033 1085 David,
1053 1013 1241 1090 quemadmo-

116 1088 184 1148 dum
204 1088 283 1168 prins
302 1087 468 1148 retulimus:
494 1105 526 1145 er
548 1108 566 1146 o
587 1087 667 1165 quod
690 1086 738 1147 hic
758 1087 794 1146 de
819 1086 918 1147 suffitu
938 1085 1080 1161 habetur,
1097 1086 1166 1148 .ch
1183 1087 1242 1150 Dei

112 1164 287 1225 nominatim
312 1164 477 1223 mandabat.
526 1105 651 1242 ileliqua
673 1185 690 1224 a
707 1161 820 1226 Davide
846 1161 979 1244 prosecta
1000 1174 1100 1238 erant,
1116 1174 1162 1238 ,pt
1181 1164 1243 1224 sim

134 1240 346 1314 nlaelamiliae
365 1240 442 1300 vices
464 1261 527 1300 snas
546 1241 704 1314 haherent,
734 1262 896 1322 quanquam
926 1239 1000 1302 nihil
1025 1236 1079 1300 nisi
1100 1261 1133 1303 ex
1152 1237 1241 1320 Legis

112 1261 298 1410 draescripto
317 1317 483 1382 instituerat
493 1315 603 1380 David:
619 1315 746 1392 ,lonnam
763 1317 840 1376 e'nim
860 1327 971 1377 tantum
985 1317 1164 1388 ostenderat,
1184 1337 1245 1394 qua·

111 1396 279 1470 iniunctum
303 1392 360 1455 sihi
387 1391 490 1453 aDeo
505 1413 622 1466 munus
647 1391 754 1476 singuli
794 1404 894 1454 ossent
913 1391 1006 1455 obire.
1046 1391 1165 1474 Templi
1184 1413 1245 1455 no·

111 1492 180 1530 men
201 1469 250 1530 hie
270 1491 325 1550 pro
347 1469 458 1528 Sancto
477 1469 632 1550 accipitur:
653 1469 733 1550 qn'od
752 1415 819 1529 idio
839 1469 1000 1544 notandum
1020 1481 1081 1546 est,
1100 1471 1167 1550 quia
1186 1467 1242 1529 ali-

115 1546 235 1627 qnando
256 1547 362 1606 atrium
383 1546 468 1608 etiam
488 1567 553 1607 rom
577 1545 720 1604 rehendit.
757 1543 910 1606 Zacharias
932 1559 1027 1608 autem
1047 1547 1076 1606 in
1096 1544 1243 1625 templum,

112 1625 261 1706 ingressus
281 1622 409 1697 dicitur,
431 1644 489 1702 qno
510 1566 615 1716 pedem
638 1622 750 1682 inferre
770 1620 857 1694 nullis
877 1621 932 1682 nisi
951 1622 1149 1684 sacerdotibus
1169 1621 1240 1684 lices

112 1700 171 1760 bat.
208 1699 285 1760 Ideo
306 1698 447 1780 populum
465 1700 539 1778 ‘dicit
558 1700 651 1761 Lucas
672 1699 776 1779 procul
795 1698 924 1771 stetisse,
938 1699 1021 1765 inter
1040 1720 1127 1779 quem
1143 1703 1178 1760 'et
1196 1697 1240 1778 al-

111 1787 176 1836 tare
196 1775 310 1836 suffitus
329 1776 379 1836 lon
404 1798 419 1835 a
440 1788 501 1836 erat
518 1775 670 1851 distantia,
690 1776 830 1856 qnoniam
850 1774 978 1840 medinm
999 1787 1062 1836 erat
1080 1775 1187 1850 altare,
1206 1775 1244 1835 in.

112 1874 173 1935 quo
198 1853 333 1912 victimae
358 1795 571 1914 adferebantur.
614 1851 659 1914 Ac
683 1853 846 1925 notandum
874 1852 1017 1944 estquod
1041 1851 1113 1928 dicit
1135 1851 1242 1928 Lucas,

110 1949 212 1989 mam
240 1929 340 2004 Dans,
360 1952 427 1990 nam
451 1932 566 2009 quoties
597 1929 627 1990 in
661 1930 800 1990 Sanctum
835 1928 1056 2011 ingrediebatur
1090 1928 1240 2005 sacerdos,

112 2006 194 2086 quasi
213 2005 244 2066 in
263 2005 320 2066 Dei
340 2019 530 2088 conspectum
551 2005 698 2088 prodibat,
718 2019 752 2066 ut
770 2007 849 2066 inter
868 2027 935 2066 eum
956 2016 987 2065 et
1005 2005 1149 2087 populum
1163 2015 1242 2065 esset

111 2083 266 2142 mediator.
304 2082 407 2142 Voluit
433 2085 511 2143 enim
530 2082 676 2143 Dominus
701 2083 758 2143 hoc
783 2084 896 2166 populo
922 2085 976 2160 suo
1000 2094 1139 2160 testatum
1164 2100 1240 2156 esse,

110 2157 224 2219 nemini
242 2158 408 2218 mortalium
453 2169 533 2220 atere
556 2159 663 2218 aditum
690 2159 721 2218 in
742 2160 858 2232 coelos,
886 2158 941 2218 nisi
961 2171 1241 2237 praeeuntcarcer-

113 2233 201 2302 dote:
222 2235 299 2308 imo,
342 2257 408 2295 uam
429 2179 488 2296 liu·
498 2235 598 2302 vivunt
615 2234 751 2294 homines
771 2235 800 2310 in
820 2235 923 2309 terris,
954 2255 1013 2293 non
1038 2233 1178 2299 accedere
1202 2231 1242 2297 ad

109 2310 254 2372 thronum
276 2257 449 2385 codlestem,
472 2322 506 2370 ut
525 2310 585 2370 illic
605 2311 728 2393 gratiam
748 2311 913 2385 inveniant,
933 2309 988 2370 nisi
1011 2311 1041 2368 in
1067 2309 1238 2380 Mediatoris

134 2407 250 2446 ersona.
286 2387 392 2464 Itaque
412 2409 500 2466 quum
520 2385 605 2445 multi
624 2397 721 2445 essent
739 2387 917 2459 sacerdotes,
936 2405 997 2443 non
1019 2385 1133 2443 dnobus
1153 2382 1246 2454 simul·

110 2409 157 2521 ias
183 2472 262 2532 erat,
293 2461 427 2520 sollenne
454 2460 672 2520 intercessionis
697 2457 826 2532 officium
846 2479 902 2539 pro
922 2460 1034 2538 populo
1055 2457 1155 2519 obire:
1187 2455 1240 2520 sed

110 2538 182 2598 ideo
203 2536 351 2597 distributi
371 2547 455 2595 crant
473 2537 504 2596 in
525 2535 643 2608 classes,
666 2545 699 2594 ut
718 2556 793 2596 uuus
814 2536 951 2610 duntaxat
971 2534 1174 2603 Sanctuarium
1194 2533 1240 2594 iu·

109 2625 233 2689 tranet,
257 2624 345 2692 atque
364 2614 403 2675 ita
424 2631 485 2674 non
509 2609 564 2672 nisi
594 2633 668 2671 unus
703 2610 806 2671 eodem
831 2625 969 2693 ternpore³
993 2624 1071 2672 esset
1093 2608 1239 2675 sacerdos.

110 2691 210 2752 Porro
231 2688 294 2768 buc
308 2687 458 2773 spectabat
476 2689 642 2774 thymiama,
662 2701 695 2748 ut
713 2689 943 2749 admonerentur
955 2679 1071 2765 ‘fideles
1091 2688 1238 2770 precatio-

111 2767 451 2826 nnmsnarumodorem
473 2788 533 2826 non
555 2763 713 2825 ascendere
732 2767 763 2824 in
783 2765 897 2826 coelum
919 2765 972 2826 nisi
993 2787 1046 2846 per
1064 2765 1237 2828 sacrificium

110 2842 293 2904 Mediatoris.
333 2843 495 2918 Quomodo
521 2841 618 2902 autem
643 2841 752 2924 figurae
776 2843 848 2905 istae
872 2843 959 2904 nobis¹
974 2845 1177 2920 conveniant,
1203 2863 1242 2922 ex,

111 2918 234 3001 epistola
254 2919 290 2978 ad
310 2919 463 2980 Hebraeos
483 2919 643 3001 petendum
663 2931 715 2979 est.

186 3001 233 3061 12.
271 2993 439 3056 Zacharias
455 2995 585 3056 turbatus
602 3009 651 3055 ast
690 2995 819 3058 Tametsi
839 3015 901 3058 non
918 2997 988 3058 ideo
1008 2996 1097 3058 servis
1108 2996 1165 3056 suis
1186 3015 1237 3075 ap·

110 3083 195 3154 paret
213 3071 305 3145 Deus,
324 3085 358 3132 ut
377 3093 428 3133 eos
446 3083 574 3149 terreat,
592 3071 664 3132 utile
683 3083 792 3148 tamen,
812 3074 872 3136 imo
893 3074 1087 3134 necessarium
1107 3085 1165 3147 cst,
1185 3091 1236 3135 eos

110 3161 190 3210 metu
215 3147 351 3229 percelli,
382 3159 415 3208 ut
440 3149 471 3208 in
495 3169 526 3210 se
556 3147 673 3209 confusi
696 3151 802 3210 iustum
822 3149 890 3210 Deo
916 3150 1062 3210 honorem
1089 3159 1240 3228 praestare

111 3226 232 3286 discant
271 3227 334 3286 Nec
353 3226 448 3285 solum
468 3237 567 3286 narrat
584 3225 693 3300 Lucas,
715 3229 851 3286 territum
873 3225 960 3292 fuisse
980 3226 1164 3299 Zachariam,
1183 3223 1235 3285 sed

109 3301 201 3378 addit,
219 3300 355 3362 timorem
374 3301 492 3380 irruisse
502 3321 590 3382 super
603 3320 683 3362 eum:
705 3324 764 3382 quo
775 3302 920 3384 sig-nificat
933 3302 1006 3364 adeo
1019 3304 1235 3382 expavefactum

110 3399 190 3455 esse,
209 3390 244 3438 ut
262 3377 372 3439 terrori
391 3375 604 3438 succumberet.
646 3377 751 3458 Neque
771 3375 940 3452 hominibus
960 3401 976 3438 a
995 3378 1053 3438 Dei
1073 3377 1236 3460 praesentia

109 3466 206 3515 metus
223 3452 338 3515 tanlurn
357 3454 514 3528 incutitur,
545 3455 664 3534 quiens
685 3455 722 3514 ad
740 3455 933 3534 reverentiam
953 3457 1086 3531 erudiat,
1114 3457 1165 3516 sed
1185 3453 1236 3534 qni
1280 3459 1281 3462 ’

109 3531 245 3595 humiliet
264 3529 357 3592 carnis
375 3553 408 3592 su
432 3530 559 3606 erbiam,
579 3549 653 3611 quae
671 3544 733 3591 tam
751 3545 888 3612 proterva
909 3544 966 3608 est,
984 3544 1018 3592 ut
1034 3555 1098 3592 -nun
1121 3555 1186 3591 uam
1204 3549 1237 3589 se

110 3608 166 3669 nisi
198 3606 345 3674 uiolenter
374 3553 485 3673 subacti
516 3609 583 3668 Deo
615 3607 781 3692 subiiciant
825 3609 912 3678 Unde
940 3611 1029 3680 etiam
1060 3555 1237 3690 colligimus,

110 3705 173 3746 non
192 3685 248 3745 nisi
267 3683 388 3744 absente
399 3685 467 3748 Deo
487 3685 557 3778 (hoc
578 3696 632 3759 est,
650 3705 738 3764 quum
759 3704 790 3746 se
810 3685 845 3746 ab
868 3685 928 3746 eius
948 3696 1107 3766 conspectu
1121 3679 1237 3761 suhdu-

111 3761 196 3838 cunt)
221 3760 374 3841 superbire
395 3783 428 3822 ac
447 3759 504 3822 sibr
525 3761 659 3822 blandiri.
697 3761 771 3821 Nam
791 3762 814 3822 si
834 3762 931 3822 Deum
950 3773 1018 3822 ante
1039 3761 1140 3821 oculos
1161 3753 1237 3814 iudi-

110 3857 173 3898 cem
194 3836 346 3911 haberent,
365 3857 484 3899 necesse
504 3849 580 3900 esset
598 3837 733 3918 protinus
753 3839 919 3900 concidere.
956 3839 1000 3914 Ac
1016 3838 1039 3900 si
1057 3837 1115 3896 hoc
1128 3829 1237 3891 Zacha-

109 3914 189 3989 riae,
219 3915 266 3974 cui
282 3915 411 3974 iustitiae
436 3914 497 3974 laus
518 3915 618 3988 datur,
643 3915 679 3973 ad
699 3928 889 4008 conspectum
908 3914 1016 4006 Angeli
1043 3910 1163 3982 accidit,
1187 3905 1237 3998 qui

111 3991 226 4050 divinae
246 3991 318 4052 lucis
338 3989 463 4052 scintilla
474 4001 529 4066 est,
550 3991 619 4069 qnid
638 3991 690 4051 fiet
709 3991 795 4053 nobis
814 3991 937 4067 miseris,
957 4013 981 4052 ss
1002 4007 1057 4048 nos
1070 3987 1129 4046 Dei
1148 4003 1237 4043 mare·

110 4078 167 4128 stas
193 4067 228 4127 ad
261 4066 410 4150 fulgorem
437 4087 521 4126 sumn
572 4067 711 4128 roducat?
749 4069 809 4132 lam
833 4088 905 4132 rero
930 4075 1098 4136 sanctorum
1123 4071 1237 4140 patrum

111 4143 244 4227 exemplo
265 4142 423 4219 docemur,
447 4160 509 4202 nou
529 4086 601 4201 allos
619 4143 686 4206 vivo
707 4143 819 4206 divinae
842 4141 1025 4224 praesentiae
1044 4157 1132 4198 sensu
1151 4136 1237 4206 affici,

113 4218 168 4280 nisi
210 4219 241 4280 ui
260 4231 392 4282 tremunt
412 4232 443 4280 et
460 4218 610 4300 trepidant
629 4219 665 4280 ad
685 4222 746 4282 eins
766 4229 969 4300 conspectum,
990 4213 1120 4298 stupidos
1139 4225 1237 4277 autem

116 4307 145 4354 st
162 4295 201 4357 he
225 4308 285 4366 etes
306 4317 379 4374 csse,
398 4297 449 4378 qui
468 4315 534 4356 eam
554 4295 726 4378 loquentem
745 4313 847 4358 secure
867 4289 1000 4366 andiunt.
