2786 4742
224 151 283 269 ssu
650 195 909 262 snrrtorru

226 364 268 408 ne
285 340 396 405 sedicet
413 350 550 424 putemus
568 361 624 404 nos
644 361 764 424 operam
782 343 922 424 perdere,
953 342 1021 423 qnia
1043 340 1138 402 minus
1160 340 1266 402 idonei
1283 353 1354 403 sunt

225 422 382 486 auditores
431 419 529 480 Porro
548 419 574 480 si
593 439 680 500 quem
700 441 761 482 non
780 421 849 482 satis
867 419 973 480 afficiat
1001 419 1171 500 promissio,
1199 419 1353 480 horribilis

226 494 415 560 comminatio
435 494 584 575 sequitur,
603 495 753 558 Christum
772 496 823 556 ubi
842 497 878 556 ad
896 495 1036 556 iudicium
1054 495 1154 554 mundi
1173 497 1352 576 apparuerit,

225 573 438 655 abnegaturum
459 592 521 632 esse
541 593 661 649 omnes,
688 573 739 651 qui
759 593 825 634 eum
844 573 955 663 perfide
974 573 1050 664 apud
1069 571 1203 632 homines
1223 592 1350 652 negave-

224 651 307 741 rint..
333 649 413 708 Eant
436 669 533 738 nunc,
556 661 586 708 et
606 649 665 740 sibi
688 652 719 710 in
748 671 799 742 pua
830 649 1055 740 drssimnlatrone
1079 648 1224 740 placeant·
1239 648 1350 707 inimici

119 865 124 880 ,
225 748 331 864 iiiii
350 725 913 895 ttttlltt,'titillatio
930 725 1349 864 l‘l‘tinlttttttlfit}

225 879 320 960 Atqui
339 897 371 939 so
389 889 568 938 coutrarmm
587 879 645 940 illrs
665 881 730 939 fore
748 889 854 940 testem
873 877 1060 958 pronuntiat,
1085 897 1124 937 ue
1146 898 1178 938 se
1202 878 1278 938 falso
1304 878 1348 936 in-

227 957 355 1020 sinuent.
400 954 491 1030 Quod
509 969 643 1015 ramerus
661 975 724 1016 esse
748 954 855 1016 dicitur
875 955 1008 1018 Christus
1031 957 1064 1013 irs
1083 954 1182 1030 gloria
1201 957 1303 1029 pratris
1326 967 1349 1012 et

225 1032 407 1110 maana,
426 1051 526 1092 seusus
545 1043 599 1108 est,
618 1033 743 1094 divinam
760 1032 821 1092 eius
841 1031 964 1115 gloriam
983 1031 1142 1092 tnueclare
1159 1031 1350 1100 manifestan-

227 1111 294 1172 dam
314 1128 392 1181 esse,
423 1119 508 1168 etan
548 1107 608 1184 los,
637 1119 672 1169 nt
690 1129 769 1170 nunc
788 1108 894 1170 solium
913 1108 972 1168 Dei
1002 1109 1139 1192 cingunt,
1167 1119 1287 1188 praesto
1308 1107 1349 1166 itti

225 1187 344 1250 tuturos
363 1183 401 1244 ad
420 1127 547 1245 omani

224 1261 372 1326 Matthaei
390 1261 539 1322 contextui
557 1260 727 1342 respondet.
766 1262 857 1338 Quod
876 1274 973 1329 autem
993 1281 1027 1321 ex
1043 1269 1071 1326 9.
1082 1262 1187 1342 capite,
1207 1273 1239 1322 et
1249 1262 1349 1320 Marco

224 1339 389 1413 retulimus,
407 1338 523 1398 videtur
539 1337 597 1399 alio
617 1349 752 1420 tempore
771 1358 834 1400 esse
852 1339 972 1415 dictum,
989 1337 1040 1400 sed
1060 1338 1126 1418 quia
1143 1336 1245 1400 similis
1264 1357 1348 1420 pror-

226 1439 275 1480 sus
295 1426 359 1553 elpat
377 1415 522 1556 dilfflt}
542 1415 723 1512 coniungere
742 1415 862 1499 placuit.
900 1455 936 1513 s
978 1495 986 1514 ·
1088 1499 1103 1552 3
1216 1490 1236 1550 d

226 1591 246 1632 a
265 1513 413 1650 discibillis
432 1533 491 1630 suis
507 1492 1083 1653 ffimffliffillrm
1101 1491 1213 1650 proillll³
1226 1509 1347 1646 qtiiisivil
1373 1629 1374 1650 ,

226 1659 362 1708 noenum
380 1657 554 1724 praestaret,
574 1647 598 1707 si
617 1657 698 1707 totus
716 1646 841 1707 mundus
860 1669 920 1708 uno
941 1667 1084 1708 consensu
1102 1644 1301 1706 subscriberet
1318 1645 1345 1703 in
1373 1681 1374 1692 ι

224 1719 381 1810 Evangelii
400 1721 572 1796 doctrinam.
616 1719 677 1780 Sed
697 1722 763 1800 quia
783 1721 862 1804 hona
881 1743 949 1802 pars
968 1745 1030 1783 non
1048 1722 1137 1858 mppgo
1156 1720 1276 1782 adversa
1294 1731 1344 1794 est,

224 1798 277 1862 sed
296 1807 403 1860 acrater
422 1798 507 1856 etiam
526 1807 687 1878 repugnat,
706 1818 768 1856 non
788 1818 940 1876 possumus
959 1799 1024 1860 sine
1043 1819 1076 1859 ce
1122 1799 1202 1856 mine
1220 1819 1254 1858 ae
1272 1796 1343 1856 urul-

223 1887 326 1956 torum
346 1871 426 1961 odio⁸
437 1871 586 1932 Christum
606 1872 749 1932 confiteri.
787 1874 939 1935 Admonet
956 1877 1051 1956 igitur
1066 1896 1132 1936 suos
1152 1873 1295 1947 Christus,
1314 1883 1344 1932 ut

223 1970 256 2012 ae
276 1948 313 2010 ad
354 1945 477 2006 roelrum
497 1959 678 2028 comparent,
697 1949 764 2028 quia
781 1969 838 2044 pro
857 1953 1029 2012 testimonio
1040 1952 1166 2012 veritatis
1184 1949 1342 2010 necessario

223 1967 394 2118 hellarium
412 2023 459 2084 sit.
496 2023 538 2084 At
558 2043 596 2084 ne
619 2024 790 2117 itaduplicr
808 2021 991 2088 offendiculo
1012 2027 1155 2102 occurrit,
1174 2027 1256 2104 quod
1275 2025 1342 2115 alio·

224 2125 278 2185 qur
297 2123 360 2165 uon
379 2123 483 2183 parum
497 2113 549 2162 tur
571 2113 647 2162 asset
664 2102 792 2165 infirmas
810 2116 932 2165 mentes.
977 2105 1076 2181 Quum
1095 2103 1261 2183 Prophetae
1280 2101 1341 2162 uhr-

225 2199 285 2262 que
307 2198 410 2270 pacem
430 2176 620 2268 tranquillum
642 2198 680 2269 ue
704 2191 809 2244 statum
832 2182 886 2242 sub
912 2182 1022 2242 Christi
1043 2201 1137 2274 regno
1162 2179 1341 2262 promittant,

226 2257 298 2338 quid
329 2254 407 2318 alrud
437 2267 603 2348 sperassent
623 2199 762 2338 huscipuli
793 2261 880 2339 quam
903 2270 1004 2339 pacata
1026 2269 1123 2319 statrm
1147 2257 1212 2317 fore
1236 2255 1337 2328 omnia,

534 1205 579 1244 am
599 1184 660 1246 eius
678 1185 868 1246 maiestatem.
904 1185 1001 1246 Locus
1021 1204 1056 1244 ex
1073 1185 1169 1245 Lucae
1188 1185 1284 1264 eapite
1303 1189 1348 1247 21.

119 2391 121 2396 .
223 2353 406 2472 {nocuoque
422 2331 579 2394 venirent?
616 2333 678 2392 lam
703 2353 792 2474 ἶιιιιιιι
812 2335 944 2396 Christus
964 2336 1076 2396 dicatur
1089 2355 1159 2410 por
1174 2346 1288 2406 eoem,
1311 2342 1337 2389 et

252 2411 417 2492 vangelrum
437 2431 492 2472 nos
505 2410 571 2470 Deo
584 2412 704 2477 reconci
718 2413 767 2486 'et,
786 2413 975 2492 consequitur
993 2413 1150 2471 fraternam
1169 2409 1255 2470 simul
1273 2429 1337 2468 con·

225 2489 358 2556 e'ordiam
376 2488 454 2548 inter
472 2508 528 2547 uos
537 2486 684 2547 constitui.
721 2489 804 2572 Ergo
814 2509 925 2573 pugnas
935 2501 965 2549 et
976 2488 1181 2548 contentiones
1191 2486 1223 2546 in
1235 2484 1335 2544 mundo

224 2565 365 2638 arcendi,
383 2563 436 2624 ubi
453 2562 646 2658 Evangelium
665 2565 864 2648 praedicatur,
884 2586 945 2624 nou
964 2565 1078 2626 videtur
1097 2581 1262 2647 congruere
1280 2570 1336 2622 cunr
1373 2575 1374 2660 p

222 2640 440 2722 Prophetarum
463 2633 622 2714 vaticiniis,
652 2659 686 2700 ac
713 2642 807 2704 multo
833 2642 928 2702 minus
952 2663 1017 2702 cum
1048 2639 1149 2701 officio
1180 2639 1288 2710 Christi
1308 2659 1337 2696 ac

221 2715 377 2850 Evangelii
394 2729 507 2776 natura.
546 2716 606 2776 Sed
624 2735 678 2794 par
695 2715 761 2791 illa,
790 2731 885 2808 quam*
899 2715 1049 2779 celebrant
1066 2716 1250 2797 Prophetae,
1278 2715 1336 2806 quia

224 2813 293 2853 oum
332 2791 369 2852 de
389 2791 544 2854 coniuncta
564 2791 622 2865 es’t,
651 2812 713 2852 non
737 2795 794 2854 nisi
816 2806 895 2855 rnter
938 2815 1006 2854 uros
1025 2794 1084 2854 Dei
1108 2793 1235 2854 cultores
1261 2804 1289 2852 et
1310 2813 1335 2849 ιιι
1372 2805 1373 2808 ’

223 2867 281 2950 piis
306 2868 494 2929 conscientiis
515 2871 609 2950 viget:
642 2870 794 2948 usquead
822 2871 904 2932 incre
926 2870 989 2932 ulos
1012 2891 1082 2932 vero
1108 2891 1171 2930 uon
1198 2868 1334 2950 pervenit,
1372 2877 1373 2904 ³

224 2944 354 3026 quamvis
377 2944 434 3006 illis
459 2943 618 3017 offeratur,
639 2945 738 3014 nihilo
765 2947 852 3007 etiam
880 2947 971 3030 magis
994 2968 1059 3008 cum
1076 2945 1144 3007 Deo
1168 2946 1199 3004 in
1224 2946 1335 3028 gratiam
1372 2911 1373 2993 l

222 3021 322 3081 redire
340 3022 498 3094 sustinent,
527 3039 586 3100 quo
611 3022 644 3081 fit
670 3035 704 3082 ut
721 3023 799 3105 pacis
817 3024 928 3107 legatio
947 3023 1089 3084 maiorem
1110 3024 1141 3083 in
1159 3021 1219 3092 illis¹
1235 3022 1335 3082 tumul·

222 3107 287 3156 tum
307 3099 423 3158 excitet.
463 3097 541 3173 Quia
561 3097 639 3157 enirn
659 3097 764 3175 Satan,
788 3100 838 3181 qui
857 3121 980 3182 regnum
1000 3103 1125 3180 occupat
1147 3100 1177 3158 in
1196 3099 1334 3179 reprobis,
1371 3117 1372 3134 t

221 3173 330 3232 insanit
353 3174 390 3234 ad
415 3195 525 3234 nomen
546 3171 671 3248 Christi,
704 3177 823 3238 simulac
852 3178 1003 3258 profertur
1020 3174 1172 3259 Evangelii
1197 3175 1333 3247 doctrina,
1371 3179 1372 3188 ’

222 3246 343 3308 illorum
354 3249 509 3331 impietas,
528 3268 602 3328 quae
621 3253 701 3334 prius
720 3256 814 3334 sopita
832 3254 956 3327 iacebat,
975 3253 1096 3314 aeuitur.
1135 3253 1185 3312 Sic
1200 3252 1332 3326 Christus,
1371 3255 1372 3325 l

222 3323 274 3404 qui
293 3325 415 3412 proprie
432 3327 512 3404 pacis'
532 3337 578 3386 est
595 3343 709 3409 auctor,
727 3341 851 3413 propter
870 3331 1020 3392 hominum
1033 3329 1171 3390 malitiam
1189 3330 1332 3390 turbarum

222 3400 411 3463 estmccasio.
449 3403 530 3465 Hine
544 3401 696 3484 discamus,
713 3419 824 3490 quanta
842 3407 880 3468 sit
898 3419 1053 3488 corruptae
1071 3417 1190 3467 naturae
1209 3406 1332 3489 pravitas,

223 3498 299 3574 quae
316 3489 376 3539 tam
394 3478 623 3562 incomparabile
634 3483 744 3546 donum
763 3485 825 3545 uon
844 3484 934 3545 modo
946 3483 1136 3556 contaminat,
1154 3483 1206 3543 sed
1224 3483 1255 3544 iu
1273 3503 1331 3562 pes·
1370 3535 1371 3552 ,

221 3577 324 3621 stmam
342 3575 446 3617 noxam
466 3561 619 3621 convertit.
666 3561 785 3622 Interea
808 3562 832 3622 si
856 3561 1005 3622 exoriente
1025 3560 1134 3622 Christi
1158 3579 1251 3641 regno
1275 3580 1330 3619 sur·
1370 3555 1371 3648 l

222 3646 298 3727 gunt
317 3631 472 3708 tumultus,
503 3654 541 3694 ne
566 3637 720 3700 turbemur
739 3637 820 3719 quasi
845 3659 877 3699 re
897 3659 973 3699 nova
992 3649 1043 3698 aut
1060 3635 1194 3713 insolita,
1224 3634 1329 3718 quando
1370 3653 1371 3659 ¹

221 3735 234 3771 1
255 3731 286 3772 se
305 3709 494 3804 Evangelium
511 3733 596 3774 sunm
616 3715 714 3797 gladio
734 3708 899 3796 comparat,
928 3727 958 3775 et
976 3709 1159 3787 διαμερισμόν
1178 3732 1242 3774 esso
1259 3711 1327 3771 dicit

223 3731 353 3863 guidam
372 3787 420 3848 bre
438 3789 564 3850 describi
580 3810 710 3884 poenam
727 3804 846 3873 putant,
870 3811 944 3874 quae
962 3789 1113 3874 Evangelii
1131 3788 1328 3869 contemptori·

221 3863 278 3925 hus
296 3863 470 3940 inflictaest,
489 3876 522 3926 ut
540 3867 588 3928 alis
608 3869 641 3928 in
653 3868 724 3930 alios
742 3868 888 3933 hostiliter
906 3870 1101 3952 insurgerent,
1120 3865 1171 3928 sed
1189 3876 1327 3936 contextus

223 3939 422 4018 demonstrat,
451 3939 598 4005 Christum
628 3944 677 4006 hic
700 3944 812 4006 hortari
836 3945 991 4026 discipulos
1017 3945 1054 4005 ad
1080 3944 1282 4016 constantiam,
1307 3939 1325 4001 si
1369 3963 1370 3993 ι

197 4054 203 4068 ·
222 4013 303 4102 hona
321 4037 386 4098 pars
405 4020 508 4081 mundi
526 4020 562 4081 ab
582 4021 651 4100 ipsis
670 4021 816 4095 dissideat,
834 4043 869 4083 ac
886 4042 937 4083 sua
948 4041 1023 4084 rose
1034 4021 1115 4102 quasi
1129 4019 1204 4081 ‘tuba
1222 4017 1324 4080 militari

219 4108 394 4153 ruunmeros
412 4096 511 4160 hostes
531 4096 567 4156 ad
586 4117 665 4158 arma
683 4098 845 4170 concitent.

298 4165 402 4228 Matth·
420 4178 468 4238 35.
506 4169 657 4233 Dissidere
671 4173 801 4254 fociant
844 4175 921 4236 Hine
940 4174 1043 4236 clarius
1066 4173 1239 4267 perspicitur
1257 4169 1324 4254 quod
1368 4225 1369 4252 ,

121 4268 133 4301 a
220 4237 310 4325 P³l¹l⁰
330 4253 399 4303 aute
418 4248 549 4328 diximus,
568 4263 686 4331 praeter
694 4250 845 4333 Evangelii
863 4250 995 4314 naturam
1009 4251 1163 4333 improruur
1179 4249 1224 4310 cdl
1246 4247 1324 4310 ahos
1368 4259 1369 4325 l

223 4311 371 4390 “mittes
401 4334 435 4383 ut
457 4346 577 4410 pugnas
595 4337 626 4396 et
642 4325 783 4392 suuntur
798 4339 930 4412 surgant.
971 4330 1045 4394 Nam
1069 4327 1150 4410 quod
1239 4343 1322 4388 oanan
