2816 4746
211 141 224 182 l

156 253 196 343 12
470 265 476 270 ·
543 245 600 310 to.
620 243 791 309 cntvtttt
811 244 912 308 vtTa

155 413 212 458 nus
244 391 426 454 Geueveusis
456 389 597 452 ecclesiae
624 391 763 453 misereri.
818 391 923 471 Itaque
957 409 1059 451 eorum
1074 399 1083 412 ⁶
1097 388 1283 471 syndicnrmu

155 489 397 550 uuus,.quornm
417 489 510 548 opera
527 468 635 529 sactum
655 469 749 529 fuerat
769 466 935 544 decretum,
961 479 993 527 nt
1011 467 1210 549 fidi-pastores
1230 467 1285 526 eii-

155 559 311 622 cerentur,
329 547 370 605 ita
388 565 451 606 sese
469 545 502 606 in
521 545 699 626 reipublicae
718 545 968 606 administratione
988 544 1092 626 gessit,
1111 548 1144 603 nt
1156 541 1284 604 s'editio·

63 663 65 670 =
155 627 201 684 nis
219 643 297 697 reus,
318 622 386 682 dum
406 641 459 702 per
478 621 637 683 fenestram
656 622 809 701 proripere
828 640 860 681 se
880 632 1018 696 conatur,
1030 640 1171 702 praeceps
1182 640 1283 698 ruens,

154 712 191 761 ut
210 711 274 760 erat
292 699 404 782 ingenti
425 701 558 778 corporis
576 695 670 774 mole,
693 697 734 756 ita
753 716 816 758 sese
841 697 1001 773 attriverit,
1028 708 1061 756 ut
1078 697 1153 755 intra
1174 716 1283 776 paucos

156 777 218 838 dies
238 797 273 836 ex
291 775 343 836 illo
365 796 430 836 casu
449 775 487 834 sit
511 774 681 833 exstinctus:
708 773 782 832 alter
806 772 964 834 homicidio
990 785 1161 854 perpetrato
1188 771 1283 833 saite

155 858 199 925 sit,
212 853 381 914 mulctatus:
406 849 512 928 reliqui
538 849 597 908 duo
622 849 714 910 malae
735 870 853 931 quoque
873 849 1087 910 administratae
1106 848 1138 908 in
1179 795 1283 910 nadam

155 929 306 1012 legatione
336 927 515 1007 reipublicae
544 925 670 985 accusati
700 927 795 986 solum
821 926 963 986 verterint
999 926 1116 1006 sintque
1148 870 1283 986 absentes

154 1005 292 1068 damuati.
330 1003 385 1065 His
404 1001 495 1064 veluti
513 1021 632 1082 spumae
651 1002 788 1064 sordibus
807 1002 906 1064 eiectis
926 1003 1025 1064 civitas
1039 1001 1187 1062 Farellirm
1199 1023 1282 1062 snum

154 1096 188 1145 et
207 1081 362 1144 Calvinum
382 1080 481 1158 coepit
499 1077 659 1158 requirere.
696 1079 742 1140 Ac
787 1099 857 1140 num
881 1079 917 1139 de
936 1079 1054 1140 Farello
1079 1077 1281 1160 recuperando

153 1181 173 1220 a
191 1155 443 1235 Neocomeusibus
462 1154 615 1215 minimum
633 1155 696 1236 spei
715 1099 786 1217 allul
808 1162 887 1232 eret,
912 1157 995 1216 enixe
1018 1156 1135 1216 demum
1160 1159 1191 1214 iu
1212 1154 1282 1217 Cal-

152 1235 255 1299 vinum
273 1235 387 1294 intenta
406 1231 600 1313 Argentinam
619 1231 748 1316 legatos,
770 1175 904 1294 adiuncta
924 1251 1043 1313 quoque
1067 1231 1281 1312 Tigurinorum

153 1310 378 1384 intercessione,
398 1309 502 1384 mittit,
533 1309 583 1388 qui
608 1307 644 1368 ab
668 1310 934 1391 Argentinensibus
960 1309 1113 1371 Calvinum
1138 1317 1281 1388 repetant.

152 1388 385 1470 Argentinenses
404 1385 550 1465 praebent
568 1405 599 1447 se
620 1385 761 1448 difficiles.
800 1387 938 1448 Calvinus
962 1386 1183 1478 ipsequamvis,
1207 1401 1282 1464 quae

152 1462 359 1558 improborum
391 1463 576 1554 quorundam
600 1463 686 1544 culpa
709 1463 899 1536 sustinuerat,
922 1463 1013 1544 ipsius
1037 1463 1068 1520 in
1094 1460 1282 1521 Genevenses

154 1561 283 1604 animum
307 1538 381 1602 nibil
405 1549 618 1614 inmutassent,
648 1552 747 1600 tamen
772 1561 789 1600 a
814 1539 908 1601 turbis
933 1539 1109 1614 abhorrens,
1140 1550 1170 1596 et
1200 1535 1281 1617 quod

152 1617 317 1678 Dominum
335 1615 450 1677 videret
475 1616 639 1678 ministerio
660 1639 719 1680 suo
738 1617 769 1677 iu
788 1615 1000 1698 Argentinensi
1020 1614 1141 1676 ecclesia
1160 1612 1282 1674 benedi·

155 1713 234 1768 cere,
252 1692 340 1772 plane
359 1713 391 1753 se
411 1692 575 1770 rediturum
586 1713 705 1775 negare.
742 1694 873 1753 Bucerus
886 1712 1004 1772 qnoque
1016 1704 1047 1752 et
1059 1691 1165 1752 caeteri
1178 1709 1282 1772 aeger-

152 1771 228 1832 rime
247 1789 279 1830 se
304 1769 387 1828 illum
412 1769 579 1830 dimissuros
602 1770 712 1830 testari.
749 1770 951 1830 Perstautibus
974 1780 1072 1828 tamen
1098 1767 1282 1828 Genevensi-

152 1847 219 1921 bus,
239 1846 353 1906 censuit
371 1845 489 1906 tandem
500 1846 631 1906 Bucerns
645 1845 764 1906 illorum
781 1845 917 1927 precibus
937 1865 999 1919 esse
1018 1845 1054 1906 ad
1073 1856 1188 1925 tempus
1208 1863 1281 1903 con·

152 1923 333 1986 cedeudnmt
360 1922 441 2002 qnod
459 1935 557 1984 tamen
576 1944 592 1982 a
613 1921 736 1984 Calvino
757 1921 875 1982 nonnisi
900 1921 1074 2002 interposita
1093 1919 1174 2004 gravi
1193 1918 1282 1979 divini

150 1999 252 2062 iudicii
271 1993 505 2073 denuntiatione,
524 2011 554 2058 et
573 2000 728 2080 proposito
747 1999 840 2060 Ionae
860 1998 991 2079 exemplo
1012 1997 1069 2058 luit
1086 2000 1283 2077 impetratum.-

153 2077 215 2138 Sed
240 2076 378 2156 quoniam
405 2077 436 2136 iu
460 2077 498 2136 id
513 2086 628 2157 tempus
654 2075 725 2142 baec
747 2075 927 2148 inciderant,
958 2096 1018 2156 quo
1042 2096 1080 2167 ει.
1098 2074 1281 2166 magistratus

152 2155 274 2220 decreto
293 2153 451 2213 tenebatur
470 2152 608 2214 Caluinus
626 2149 817 2214 Ratisbouam
838 2153 873 2212 ad
894 2153 1022 2214 Comitia
1043 2155 1098 2230 (src
1118 2171 1197 2214 emm
1215 2149 1281 2208 lue·
1365 2215 1370 2224 ,

152 2242 200 2290 rat
212 2223 378 2305 decretum)
390 2251 457 2290 cum
473 2229 589 2292 Bucero
610 2231 766 2308 proticisci,
786 2227 872 2289 dilata
891 2229 948 2288 luit
966 2229 1026 2289 eius
1047 2229 1195 2302 discessio,
1215 2237 1244 2284 et
1263 2245 1281 2286 a

151 2306 351 2368 Beruensibus
374 2305 569 2386 impetrarunt
589 2305 796 2379 Genevenses,
820 2318 854 2365 ut
873 2306 978 2366 Petrus
998 2305 1117 2366 Viretns
1141 2303 1282 2384 tantisper

152 2384 308 2446 Lausauna
328 2381 479 2442 Genavam
503 2383 573 2445 iret:
622 2405 660 2444 no
686 2383 824 2460 libentius
849 2382 880 2443 in
899 2382 1003 2443 urbem
1023 2383 1110 2443 rediit
1130 2379 1287 2457 Calvinus,

153 2479 221 2526 eum
241 2458 376 2521 videlicet
393 2459 545 2521 habiturus
565 2407 725 2542 collegam,
751 2461 835 2520 cuius
856 2479 947 2540 opera
971 2473 1001 2519 et
1027 2457 1149 2520 consilio
1175 2459 1207 2518 iu
1233 2457 1281 2517 in-

153 2537 308 2598 stauranda
328 2535 449 2596 ecclesia
474 2537 631 2616 plurimum
656 2537 785 2598 adiuuari
809 2550 917 2616 posset⁴
958 2536 1008 2598 Sic
1031 2535 1144 2617 aliquot
1166 2554 1280 2595 menses

174 2614 345 2674 raeteriere:
392 2613 475 2672 uibus
494 2615 613 2675 taudem
634 2613 737 2693 elapsis
758 2613 894 2675 Calvinus
913 2613 996 2680 XIII.
1012 2611 1178 2693 Septembr.
1200 2631 1279 2671 auno

151 2635 348 2752 bominintn
404 2689 428 2746 1.
449 2685 602 2750 Generum
620 2709 770 2771 regressus
790 2701 843 2763 est,
862 2708 973 2749 summa
992 2709 1058 2749 cum
1078 2687 1204 2748 universi
1222 2707 1280 2768 po-

152 2766 215 2847 puli
240 2786 273 2824 ac
297 2775 413 2824 senatus
437 2761 578 2844 imprimis
603 2763 751 2847 singultire
769 2765 829 2825 Dei
853 2785 923 2846 erga
946 2785 977 2825 se
1002 2765 1177 2826 beneficium
1200 2764 1280 2826 serio

152 2856 217 2904 tum
228 2840 414 2922 agnoscentis
428 2839 691 2921 congratulatione,
710 2853 743 2900 ut
755 2840 986 2922 Argentinenses
1005 2863 1111 2923 urgere
1131 2863 1281 2921 nunquam

153 2917 309 2991 destiterit,
329 2917 425 2979 donec
445 2918 526 2996 qnod
545 2917 582 2977 de
602 2917 674 2977 certi
693 2915 906 2996 illo'ternporis
925 2919 1019 2999 spatio
1040 2931 1156 2980 cautum
1176 2918 1281 2992 luerat,

85 3038 91 3070 .-
153 3005 379 3077 expungeretnr.
417 2992 453 3053 Id
478 2995 556 3054 enim
585 2994 705 3054 tandem
728 2993 960 3076 Argentiuenses
990 3007 1212 3068 concesseruut,
1246 3015 1281 3057 ea

151 3086 252 3136 umen
272 3069 442 3132 conditione
467 3082 501 3132 ut
519 3071 568 3132 ius
592 3071 715 3133 ciuitatis
739 3072 945 3146 honorarium,
970 3074 1050 3151 qnod
1074 3074 1104 3132 in
1126 3072 1280 3134 Calvinum
1399 3143 1400 3152 χ

152 3148 354 3220 contulerant,
373 3146 482 3208 salvum
503 3160 594 3222 esset,
616 3159 646 3208 et
662 3148 847 3229 praebendae
887 3169 954 3213 uam
971 3162 1080 3212 vocant
1099 3169 1211 3208 annuos
1231 3151 1295 3225 ress,

153 3225 231 3286 ditus
250 3224 406 3285 retineret:
432 3247 557 3304 quorum
578 3224 651 3286 illud
670 3225 806 3306 probavit
826 3171 973 3302 Calvinus,
992 3227 1067 3288 istud
1087 3247 1158 3287 vero
1177 3239 1211 3285 ut
1230 3247 1280 3286 ac-

153 3303 266 3382 ciperet
284 3322 433 3379 nunquam
453 3301 489 3362 ab
511 3323 547 3363 eo
567 3303 733 3383 extorqueri
752 3303 859 3383 potuit,
878 3316 911 3363 ut
931 3306 981 3384 qni
1000 3302 1073 3362 nihil
1089 3303 1291 3383 minusquamr

153 3400 225 3461 opes
251 3389 374 3438 curaret.
412 3379 573 3440 Restitutns
593 3392 689 3439 autern
717 3381 856 3440 ecclesiae
879 3401 948 3442 suae
971 3380 1115 3463 flagitanti
1141 3379 1279 3441 Calvinus

152 3456 227 3516 banc
246 3455 278 3513 in
296 3453 373 3514 iltius
392 3455 604 3518 instauratione
623 3458 767 3517 rationem
786 3458 901 3531 tenuit,
919 3470 967 3533 ut,
991 3457 1072 3538 quod
1092 3477 1155 3518 eam
1175 3457 1280 3517 urbem

150 3532 265 3596 rideret
288 3531 409 3608 omnino
433 3533 476 3592 bis
503 3533 592 3594 frenis
617 3534 768 3615 indigere,
797 3545 954 3594 testaretur
977 3533 1131 3615 imprimis,
1160 3554 1190 3594 se
1217 3556 1279 3595 non

174 3629 239 3670 osse
258 3608 420 3684 ministerio
445 3631 498 3670 suo
519 3611 574 3669 rite
594 3609 692 3693 iungi,
717 3611 772 3671 nisi
791 3633 849 3670 una
869 3633 935 3671 cum
961 3611 1095 3672 doctriua
1115 3611 1281 3673 Christiana
1384 3680 1386 3683 s

150 3631 370 3767 iresbyterium
396 3707 514 3778 qnoque
540 3687 703 3768 legitimum
724 3710 790 3748 cum
813 3687 922 3758 εὐταξίᾳ
947 3689 1141 3758 ecclesiastica
1165 3691 1279 3768 recipe.

150 3776 243 3829 retur,
281 3763 360 3822 Tum
379 3762 469 3844 igitur
488 3767 559 3844 (qua
579 3765 615 3824 de
635 3785 667 3824 re
685 3786 753 3825 mox
772 3764 1048 3846 pleniusdicemus)
1073 3777 1104 3824 et
1122 3764 1280 3846 Presbyte-

152 3862 254 3904 rorum
281 3837 520 3920 deligendorum,
541 3851 581 3912 ,et
604 3843 695 3902 totius
720 3841 796 3901 illius
821 3841 931 3902 ordinis
954 3842 1034 3924 leges
1059 3841 1188 3921 perlatae
1212 3853 1282 3902 sunt

151 3917 246 3978 verbo
266 3916 326 3976 Dei
345 3929 558 3978 consentaneae
577 3929 607 3977 et
626 3917 736 3980 civibus
755 3918 824 3998 ipsis
844 3929 959 4000 gratae,
984 3939 1053 3998 quas
1079 3930 1180 3998 postea
1198 3919 1281 3980 miris

54 3999 64 4010 “
153 3994 247 4056 modis
267 3993 357 4054 Satan
378 3993 521 4074 abrogare
543 3988 648 4054 frustra
674 4008 718 4056 cst
737 4007 867 4056 conatus.
906 3996 1030 4088 Scripsit
1052 4015 1171 4075 quoqne
1191 3997 1281 4058 Cate-

155 4068 295 4131 cbismum
321 4069 423 4154 gallico
454 4083 484 4129 et
509 4070 613 4146 latine,
638 4070 674 4132 ab
704 4071 756 4132 illo
786 4073 886 4151 priore
911 4073 1031 4132 minime
1057 4072 1149 4133 disere
1172 4084 1281 4148 antem,

152 4146 204 4206 sed
223 4147 316 4206 multo
337 4152 513 4224 auctiorem,
540 4161 569 4206 et
588 4151 618 4208 iu
639 4150 824 4228 quaestiones
848 4169 882 4209 ac
907 4150 1115 4231 responsiones
1140 4093 1280 4210 distribu-

151 4234 336 4302 tuntzquem
356 4225 462 4284 merito
483 4225 567 4285 nobis
587 4223 672 4286 liceat
691 4223 889 4286 admirandum
910 4226 1057 4304 quoddam
1072 4247 1145 4308 opus
1164 4231 1284 4300 vocare,

151 4310 310 4377 tantopere
328 4300 459 4380 plurimis
480 4303 565 4362 etiam
586 4303 689 4364 exteris
714 4300 829 4383 populis
853 4303 1025 4380 probatum,
1050 4315 1084 4364 ut
1107 4325 1168 4364 uon
1188 4302 1279 4362 modo

152 4373 314 4443 vernaculis
332 4375 465 4456 plurimu
482 4379 599 4465 linguis,
618 4391 722 4470 utpute
737 4379 914 4468 germanica,
933 4379 1059 4464 anglica,
1077 4377 1281 4458 scotica,.bel÷
