2808 4748
287 229 296 259 ν
467 225 598 303 anmo
617 233 797 300 ru'unura.
1137 235 1193 302 tet

145 357 249 442 'LUC
270 373 327 438 Vl.
368 371 419 438 43.
444 370 519 437 Nou
549 381 597 438 est
627 374 711 438 euim
741 372 847 440 arbor,
865 369 967 462 bona,
1004 395 1098 462 quae,
1117 373 1194 455 facit

66 476 201 560 fructum
221 484 363 560 putrem,
391 493 499 558 neque
523 472 622 539 arbor
642 465 886 564 putris‘faciens
905 465 1040 542 fructdm
1053 474 1195 545 bouum.

65 579 115 642 44.
139 579 361 662 Unaquaeque
375 575 459 638 enim
482 571 632 640 arboren
648 575 755 639 fructu
775 595 835 639 suo
849 579 1066 660 cognoscitur:
1085 600 1193 668 neque

66 680 153 742 enim
174 693 193 740 e
215 679 316 762 spinis
326 673 487 761 colligunt
504 675 594 755 ficus,
615 665 758 762 nequae
776 674 861 741 rubo
872 674 1070 743 vindemiant
1090 669 1203 748 uvam.

64 779 116 843 45.
137 777 376 866 Bonusbomo
405 797 444 840 ex
470 773 561 842 bono
589 777 742 843 thesauro
769 775 877 841 cordis
903 779 955 840 sui
982 767 1108 862 profert
1133 780 1195 848 bo-

15 933 17 964 ,
65 901 161 958 num,
197 887 229 943 et
258 877 361 942 malus
386 876 485 942 homo
508 899 545 942 cx
574 876 660 943 malo
688 877 842 943 thesauro
864 875 973 942 cordis
995 880 1046 942 sui
1070 881 1194 966 profert

64 981 191 1048 malum.
231 979 314 1045 Nam
335 999 375 1043 ex
397 975 602 1088 gbundantia
616 978 725 1046 cordis
744 976 890 1064 loquitur
907 997 945 1042 os
968 978 1047 1048 eius.

140 1109 244 1199 lllatth.
264 1143 312 1204 16.
353 1114 458 1198 oenoe
475 1131 554 1194 nobis
571 1157 591 1194 o
605 1131 891 1225 pseudoprophetis.)
911 1133 965 1201 His
977 1131 1074 1216 verbis
1094 1135 1195 1202 docuit

65 1215 209 1290 Christus,
230 1213 388 1275 obnoxiam
409 1211 579 1280 forestariis
599 1211 767 1292 imposturis
786 1233 866 1274 suam
877 1211 1050 1288 Ecclesiam,
1067 1211 1196 1294 ideoque

65 1291 226 1374 periculum
248 1311 331 1385 esse,
351 1309 390 1348 ne
413 1287 500 1350 multi
524 1309 539 1348 a
564 1287 622 1348 fide
648 1283 785 1350 e'xcidant'
804 1289 860 1348 nisi
879 1288 987 1348 intenti
1012 1290 1071 1349 sint
1090 1290 1126 1354 ad
1146 1313 1195 1360 ca·¹
1245 1363 1253 1370 .

65 1369 201 1430 ven-dum.
219 1419 224 1426 .,
247 1367 378 1440 Scimus,
402 1373 511 1444 quanta
534 1365 573 1424 sit
588 1363 746 1424 hominum
775 1366 811 1428 ad
836 1364 994 1426 vanitatem
1017 1367 1194 1446 propensio:

40 1461 43 1484 t
65 1447 163 1525 itaque
182 1466 245 1504 non
265 1443 356 1502 modo
376 1439 549 1522 naturaliter
568 1439 657 1502 fallia
681 1439 794 1520 petunt,
814 1442 864 1502 sed
884 1441 991 1524 singuli
1009 1443 1095 1504 adse
1111 1445 1211 1524 ipsos.
1279 1463 1301 1494 ν

65 1522 210 1582 fallendos
230 1516 534 1601 ingeniosi-videntur
552 1537 624 1578 esse.
659 1463 731 1576 iam
749 1537 819 1580 vero
841 1517 929 1578 Satan
955 1519 1044 1579 mirus
1065 1519 1200 1582 fallacia..

66 1621 131 1658 rum
158 1596 262 1657 artifex
286 1616 347 1655 non
369 1593 474 1652 desinit
493 1581 614 1672 laqueos
637 1593 776 1668 tendere,
801 1595 906 1673 quihus
931 1595 1074 1674 simplices
1094 1619 1128 1657 ac
1147 1599 1195 1658 inss

65 1688 169 1734 cautos
193 1673 313 1733 irretiat.
358 1668 457 1752 Vulgo
484 1683 581 1730 autem
607 1670 710 1730 Iudaei
729 1669 906 1751 sperabant,
937 1671 1044 1736 laetum
1065 1673 1120 1748 sibi
1139 1675 1194 1737 sub

67 1751 179 1812 Christi
198 1771 230 1809 re
253 1771 292 1808 no
312 1747 378 1807 fore
409 1759 531 1822 statum,
556 1748 696 1827 omnique
716 1748 876 1808 certamine
897 1759 927 1828 et
945 1747 1078 1809 molestia
1099 1771 1196 1811 exem·

64 1841 158 1908 ptum.
192 1770 348 1904 ,Admonet
366 1843 438 1904 ergo
459 1823 617 1904 discipulos
637 1841 720 1898 suos,
745 1826 770 1884 si
795 1835 927 1903 perstare
945 1825 1082 1904 cupiant,
1106 1840 1140 1888 ut
1162 1847 1196 1904 se

64 1917 238 1986 comparent
256 1901 291 1984 ad
303 1902 437 1963 vitandas
446 1901 572 1962 Satanae
591 1901 718 1962 insidias.
756 1899 903 1962 Dominus
923 1899 1001 1962 enim
1022 1905 1070 1981 (ut
1084 1903 1195 1967 dictum

64 1989 119 2057 cst)
141 1981 281 2040 continua
300 1979 401 2040 militia
425 1999 505 2039 suam
525 1977 685 2040 Ecclesiam
700 1976 767 2040 ‘vult
790 1979 919 2040 exerceri
944 1977 975 2040 in
996 1978 1194 2044 boemundo.

64 2058 167 2132 Quare
186 2069 219 2116 nt
237 2078 293 2118 nos
311 2055 354 2116 illi
374 2054 533 2136 discipulos
550 2067 729 2135 praestemus
749 2075 840 2136 usque
860 2055 890 2114 in
912 2051 1010 2136 finem,
1027 2077 1094 2118 nnn
1112 2059 1195 2134 suffia

64 2137 105 2196 cit
123 2132 185 2194 sola
206 2134 349 2204 docilitas,
369 2144 402 2190 ut
421 2133 547 2192 sinamus
568 2153 622 2192 uos
643 2131 707 2221 regi
727 2132 815 2208 ipsius
835 2131 939 2206 verbo,
958 2133 1014 2200 sed,
1029 2133 1116 2194 fidem
1137 2155 1194 2200 no·
1267 2138 1278 2164 ⁸

63 2225 167 2286 stram,
195 2210 263 2290 quia
287 2208 411 2269 subinde
431 2229 446 2267 a
467 2207 575 2266 Satarm
595 2207 764 2286 impetitur,
787 2221 924 2268 armatam
944 2208 981 2268 ad
1001 2213 1194 2284 resistendum

65 2308 127 2350 esse
145 2308 166 2347 o
190 2297 279 2346 ortet.
299 2311 302 2314 ·
319 2285 373 2342 Est
388 2283 510 2361 quidem
531 2280 587 2340 hoc
606 2282 777 2360 maximum,
795 2282 819 2342 si
838 2304 893 2344 nos
913 2305 931 2342 a
949 2285 1051 2362 probis
1073 2299 1102 2346 et
1121 2289 1194 2348 fide,

63 2365 140 2424 libus
161 2307 271 2424 Christi
290 2359 428 2419 ministris
448 2358 513 2440 regi
536 2351 676 2436 patiuiur:
695 2357 754 2425 ¹sed
778 2359 846 2436 quia
871 2379 906 2418 ex
932 2362 1070 2448 opposito
1098 2367 1194 2424 emer·
1241 2393 1244 2398 ·
1306 2406 1313 2418 .

62 2453 138 2523 gunt
158 2439 223 2498 falsi
242 2437 394 2509 doctores,
424 2434 480 2494 nisi
506 2433 608 2494 sedulo
634 2432 786 2514 vigilemus
816 2446 855 2492 et*
877 2447 982 2494 mumtr
1003 2436 1095 2496 simus
1120 2457 1193 2498 con-

15 2547 16 2550 *
62 2515 184 2590 stantia,
200 2513 298 2574 facile
310 2512 366 2572 erit
384 2532 439 2571 nos
459 2531 475 2570 a
494 2529 586 2591 grege
606 2509 722 2576 abduci.
769 2507 840 2582 Quo
862 2509 948 2588 etjam
969 2513 1101 2589 pertinet
1121 2513 1194 2576 illud
1221 2518 1226 2580 ζ

63 2592 179 2654 Christi
199 2590 323 2662 dictum,
353 2585 434 2648 ‘Oves
459 2586 560 2648 audire
583 2586 707 2664 pastoris
732 2605 852 2662 vocem:
884 2585 1011 2646 alienum
1025 2607 1106 2648 uero
1131 2611 1194 2652 uon

15 2693 17 2732 ι
63 2671 175 2742 audire,
194 2667 246 2726 sed
266 2660 425 2758 fugere'ab
447 2677 483 2724 eo
504 2661 689 2742 (Io.lfl,¹3v.).
729 2661 817 2733 Unde
838 2663 1110 2745 etiamsolligimus,
1131 2689 1194 2730 non

63 2766 125 2807 esse
146 2765 199 2805 cur
218 2743 320 2804 animis
341 2733 596 2802 deficiant‘fideles
615 2739 661 2800 vel
681 2738 853 2816 turbentur,
874 2740 941 2800 dum
962 2741 1113 2821 obrepunt
1132 2742 1194 2825 lupi
1219 2756 1224 2766 ·

15 2849 26 2874 e
63 2825 92 2881 in
119 2821 230 2882 Christi
254 2819 347 2894 ovile,
379 2819 448 2878 dnm
472 2817 550 2878 falsis
575 2816 717 2877 doctrinis
741 2819 757 2879 'e
781 2827 888 2886 uantur
917 2818 1194 2900 pseudoprophetae
1265 2823 1267 2832 '

15 2949 16 2972 ξ
62 2897 239 2959 labefactare
260 2907 361 2976 pugarn
381 2885 483 2956 fidem:
496 2893 577 2975 =quin
599 2893 696 2974 potius
717 2837 907 2974 exdergefieri
927 2894 1037 2955 debent
1050 2896 1086 2960 ad
1107 2918 1193 2958 excu-
1217 2917 1222 2923 ’

15 2989 16 2994 ’
63 2975 124 3036 bias
152 2975 295 3056 agendas,
312 2993 420 3052 neque
441 2974 518 3032 enim
544 2969 651 3034 frustra
670 2990 774 3034 cavere
797 2969 880 3032 iubet
907 2969 1050 3034 Christus.
1090 2973 1194 3050 Quare

64 3053 197 3122 simodo
218 3072 272 3112 nos
298 3049 417 3141 propria
442 3046 584 3138 socordia,
604 3062 666 3107 non
692 3047 915 3121 circumveniat,
939 3045 1051 3130 quasvis
1072 3051 1193 3132 decipu-

63 3127 103 3188 las
123 3129 185 3189 effu
200 3139 258 3186 'ere
279 3127 390 3199 licebit,
410 3136 440 3186 et
459 3135 541 3185 certe
559 3144 622 3185 sine
643 3123 696 3184 hac
715 3123 820 3186 fiducia
840 3124 927 3184 nobis
948 3146 1009 3186 non
1029 3139 1105 3189 esset
1124 3130 1193 3198 satis

63 3205 149 3266 animi
171 3147 208 3266 ad
234 3201 403 3264 cavendum.
453 3202 541 3262 Nunc
569 3221 658 3293 quum
681 3201 818 3276 sciamus,
842 3199 1008 3262 Dominum
1030 3203 1113 3268 nolle
1136 3227 1192 3267 nos

63 3281 198 3342 frustrari
217 3301 271 3360 per
291 3280 407 3359 quosvis
427 3278 553 3338 Satanae
573 3297 719 3354 incursus,
748 3278 895 3358 intrepide
920 3297 1075 3360 pergamus
1096 3282 1193 3362 Spiri«

62 3369 124 3417 turn
152 3356 335 3420 discretionis
361 3353 397 3414 ab
424 3375 460 3436 eo
484 3364 636 3433 petentes,
667 3374 722 3450 per
746 3373 848 3433 quem,
873 3365 907 3416 ut
926 3355 1064 3421 cordibus
1084 3361 1192 3422 neuris

62 3433 149 3494 fidem
176 3451 245 3496 suae
264 3432 393 3492 veritatis
418 3430 570 3512 obsignat,
599 3431 639 3490 ita
660 3431 784 3490 batanac
810 3430 937 3494 fallacias
963 3444 992 3493 et
1016 3434 1191 3514 imposturas

62 3511 192 3605 deteget,
213 3531 251 3569 ne
271 3509 412 3568 ludamur.
451 3507 552 3582 Quum
574 3505 646 3568 dicit
658 3507 791 3569 Christus
802 3509 902 3570 venire
921 3513 953 3568 in
969 3513 1191 3588 rennuentem,

63 3588 111 3666 qui
131 3589 307 3648 intrinsecus
326 3596 395 3645 sunt
414 3583 474 3664 lupi
493 3596 622 3663 rapaces',
641 3581 786 3666 significat
803 3585 882 3665 bene
894 3586 1028 3650 colorato
1040 3600 1191 3668 praetextu

63 3683 123 3724 non
144 3671 260 3734 carere*
277 3663 330 3722 nisi
342 3661 385 3732 ad
411 3661 602 3740 cospenitus
622 3661 819 3730 excutiendos*
831 3661 1003 3726 adhiheatur
1026 3663 1191 3744 prudentia.

15 3817 16 3820 Ἴ
139 3748 185 3807 16.
224 3740 260 3800 Α
276 3735 429 3820 stantibus
446 3757 544 3796 eorum
563 3741 736 3814 cognoscetis
758 3738 834 3800 illos.
875 3740 940 3800 Nisi
965 3741 1037 3803 haec
1055 3741 1190 3822 apposita

15 3833 17 3906 Ι
62 3813 163 3878 fuisset
174 3816 347 3877 discriminis
365 3805 447 3888 no'ta,
463 3816 592 3893 poterat
602 3815 666 3875 sine
685 3835 754 3876 exce
777 3817 860 3875 tione
880 3816 909 3876 in
922 3816 1077 3878 discrimen
1090 3814 1191 3882 venire

15 3943 17 3950 .
62 3903 125 3953 tota
145 3892 346 3974 quorumlibet
365 3889 710 3962 doctorumffauctoritas.
753 3837 828 3956 llam
847 3891 870 3956 si
891 3892 1003 3954 exitiale
1028 3892 1189 3972 periculam

61 3969 93 4027 in
114 3969 285 4031 doctoribus
304 3969 441 4041 timetur,
473 3967 657 4028 neo'ritandi
676 3968 752 4029 ratio
774 3981 904 4044 cunstat,
930 3989 1032 4048 ornnes
1058 3989 1120 4028 esse
1139 3989 1190 4028 su·

15 4039 17 4092 ἶ
62 4058 178 4122 spectus
195 4065 315 4108 necesse
336 4045 403 4104 erit:
425 4029 566 4108 nec'rneli
620 4045 742 4106 restabit
761 4047 979 4125 compendium,
989 4037 1086 4125 ‘quam
1105 4064 1189 4107 erues

15 4095 17 4170 l
41 4147 44 4152 ¹
62 4119 170 4182 habere
182 4122 318 4184 omnibus
335 4121 455 4182 clausas.
493 4110 533 4180 El
544 4120 573 4181 si
595 4132 674 4182 emus
693 4123 834 4204 profanos
854 4122 998 4196 homiues,
1012 4133 1049 4182 -ut
1061 4121 1190 4213 ,impune

15 4247 16 4252 ,
42 4251 45 4260 ,
63 4196 198 4258 reiiciant
216 4199 338 4280 quodvis
359 4199 513 4259 doctrinae
530 4215 633 4279 genus,
646 4199 815 4277 periculum
835 4199 892 4259 hoc
910 4200 1087 4276 obtendere,
1107 4197 1188 4282 mifir-

63 4293 127 4332 mos
150 4276 238 4336 etiam
263 4297 296 4336 ac
322 4276 408 4336 rudes
434 4273 554 4348 haerere
585 4277 749 4369 perplexos.
789 4275 922 4337 Christus
943 4295 1031 4358 ergo„
1055 4295 1093 4338 ne
1115 4276 1188 4356 ¹quid

62 4352 242 4414 reverentiae
267 4353 401 4414 detrahat
429 4353 492 4436 suo}
508 4351 670 4436 Evangelio
694 4353 873 4432 sincerisque
897 4353 967 4436 eius,
990 4353 1127 4422 ministris
1158 4364 1191 4422 'et
