2808 4748
975 321 995 335 μ

391 243 546 325 (at-35.
566 242 647 304 lesus
667 243 756 347 docet
774 244 981 322 Nazarethae.)
1118 333 1120 340 γ
1196 219 1303 321 ’11τὶ

8 385 9 398 ’
114 387 209 456 oculi
230 399 322 456 eraut
343 393 459 456 intenti
476 393 511 455 in
534 401 615 454 eunt.
641 389 692 456 21.
715 383 838 476 Coepit
859 402 965 458 autem
985 391 1095 460 dicere
1113 393 1155 464 ad
1169 388 1253 482 illos,

110 490 229 562 Hodie
251 490 383 578 impleta
403 502 451 556 est
472 489 555 564 haec
573 489 739 576 Scriptura
760 491 795 554 in
818 485 949 556 auribus
969 497 1092 562 vestris.
1119 499 1184 569 122.
1208 500 1253 566 Et
1340 565 1342 572 s

111 611 235 657 omnes
252 593 468 659 testimonium
482 589 539 656 illi
560 589 699 668 dabant,
726 600 759 657 et
778 587 977 656 mirabantur
1001 615 1100 681 super
1126 580 1261 668 sermo-³
1345 643 1348 648 ·

42 764 45 778 ι
110 689 214 757 nibus
235 695 369 778 gratiae,
398 693 454 780 qui
474 689 700 778 procedebant
727 713 765 758 ex
793 711 853 756 ore
877 679 992 774 ipsius,
1021 714 1059 758 ac
1087 695 1248 782 dicebant,

108 783 236 860 Nonn'e
257 793 311 860 bic
332 803 381 860 est
403 789 492 858 lilius
514 789 652 878 loseph?
691 791 694 798 ’

127 1041 131 1055 ,
191 1007 237 1068 16.
278 1001 370 1063 Vertit
394 997 554 1061 Nazareth.
590 1001 627 1062 In
651 1000 710 1062 boc
736 1019 797 1059 uno
824 998 962 1061 insistunt
984 1001 1186 1086 Evangelistae
1212 1021 1246 1072 ut

107 1079 280 1155 ostendant,
299 1078 406 1159 quibus
426 1078 610 1140 documentis
629 1067 949 1152 innotuerit¹Christus,
969 1081 1050 1140 cuius
1071 1080 1114 1140 rei
1132 1102 1246 1146 memo·

103 1153 202 1219 rahile
220 1155 373 1236 specimen
396 1153 445 1216 hic
463 1154 556 1215 refert
574 1155 682 1216 Lucas:
706 1173 814 1234 nempe
839 1152 920 1233 quod
946 1152 1044 1216 lo'cum
1063 1155 1174 1218 Iesaiae
1193 1153 1252 1220 ex!

106 1253 243 1312 ponens,
264 1245 295 1292 et
314 1231 539 1294 accommodans
559 1232 595 1292 ad
615 1242 799 1313 praesentem
819 1251 918 1306 usum,
938 1231 1048 1293 oculos
1061 1235 1193 1296 omnium
1212 1238 1243 1298 in

105 1329 139 1368 se
160 1303 352 1370 couverterit.
392 1308 495 1383 Quum
515 1308 596 1387 dicit,
618 1326 652 1367 ex
670 1327 754 1368 more
773 1307 889 1367 venisse
909 1307 939 1367 in
959 1329 1155 1392 synagogam,
1174 1309 1243 1374 hinc

104 1383 294 1467 colligimus,
320 1377 382 1446 uo'n
406 1395 521 1444 tantum
540 1384 572 1444 in
599 1385 735 1464 compitis
760 1382 807 1444 vel
833 1384 925 1445 triviis
951 1384 1046 1465 ipsum
1067 1387 1103 1446 ad
1123 1387 1242 1480 plebem

101 1462 198 1522 verba
219 1461 332 1537 fecisse,
351 1461 402 1522 sed
422 1473 563 1540 quantum
582 1459 702 1535 licebat,
720 1479 847 1521 servasse
866 1463 1003 1522 usitatum
1022 1461 1171 1526 Ecclesiae
1192 1487 1242 1526 or·

102 1537 218 1604 dinem.
256 1536 351 1597 Simul
376 1537 464 1597 etiam
486 1538 635 1612 videmus,
659 1536 790 1616 quamvis
817 1523 1044 1620 degenerassent
1066 1538 1185 1619 Iudaei,
1209 1543 1245 1603 in

7 1675 8 1682 p
101 1613 199 1674 rebus
218 1625 316 1673 tamen
335 1614 465 1676 confusis
486 1626 516 1674 et
534 1615 640 1679 misere
660 1625 801 1693 corrupto
814 1612 962 1674 Ecclesiae
976 1626 1054 1676 statu
1074 1615 1132 1678 hoc
1151 1619 1241 1680 luisse

102 1689 181 1750 boni
203 1690 367 1767 residuum,
387 1690 467 1784 quod
487 1691 669 1783 Scriptorum
688 1689 830 1782 legebant
849 1709 950 1750 coram
968 1692 1098 1784 populo,
1118 1705 1152 1756 ut
1170 1696 1240 1756 inde

100 1779 258 1827 sumerent
277 1767 402 1829 docendi
428 1779 458 1828 et
482 1767 653 1828 exhortandi
677 1779 837 1827 materiam.
878 1767 967 1826 Unde
992 1781 1079 1829 ettam
1106 1785 1238 1853 apparet,

99 1864 181 1981 lali?
202 1842 1239 2006 tttttttla‘tlttlttttttit‘tlt,‘'tta‘ttltttt
1308 1861 1310 1865 ’

5 2045 6 2054 ,
101 1999 165 2058 eius
186 2000 251 2058 otio
272 1997 484 2073 delectaretur,
508 1999 561 2060 sed
585 2002 683 2080 potius
708 2009 741 2058 ut
765 1999 797 2058 iu
825 2017 952 2080 operum
968 2005 1089 2074 suorurh
1111 2003 1236 2065 medita-

4 2497 5 2514 ,
96 2455 215 2536 reliqua
233 2457 347 2536 pietatis
367 2457 503 2516 exercitia
528 2457 696 2516 conveniat.
733 2455 770 2514 In
798 2475 886 2534 quem
910 2475 994 2515 usum
1013 2454 1049 2513 Iu

4 3033 5 3044 ι
116 2996 192 3056 rium
213 2997 373 3057 cantillant.

5 2065 8 2088 '
99 2074 187 2135 tione
207 2073 288 2134 illuni
308 2086 466 2137 exerceret.
505 2076 603 2136 Porro
623 2077 762 2156 quoniam
786 2077 817 2136 in
843 2074 1063 2138 considerandis
1082 2075 1141 2142 Dei
1161 2098 1236 2160 ope-

99 2151 184 2214 ribus
204 2149 377 2214 coec‘utiunt
395 2151 548 2212 bominum
567 2166 692 2224 mentes,
704 2145 875 2234 Scripturas
888 2149 990 2234 regula
1010 2151 1097 2235 dirigi
1115 2174 1236 2218 necesse

100 2239 155 2288 est.
209 2227 385 2308 Quanquam
415 2240 512 2288 autem
544 2228 625 2288 inter
648 2227 736 2310 Legis
765 2228 882 2289 umbras
906 2228 1074 2292 Sabbatum
1099 2244 1235 2292 numerat

4 2345 5 2352 ι
96 2303 220 2379 Paulus,
239 2304 294 2364 hac
312 2316 411 2366 tamen
430 2305 462 2364 in
503 2316 565 2365 arte
585 2305 747 2366 communis
768 2304 853 2365 nobis
873 2303 1060 2369 estferiaudi
1078 2309 1152 2367 ratio
1167 2321 1234 2371 cum

96 2380 234 2454 Iudaeis,
252 2392 286 2440 nt
304 2380 431 2462 populus
450 2325 500 2440 adP
505 2380 681 2442 audiendum
699 2380 839 2454 verbum,
859 2380 894 2440 ad
914 2378 1046 2460 publicas
1051 2399 1187 2516 dpfecess„
1196 2395 1234 2518 pt

1070 2477 1134 2516 arco
1178 2479 1232 2518 a·

97 2532 172 2592 bato
192 2533 332 2594 successit
344 2533 411 2610 dies
429 2531 613 2592 Dominicus.
650 2531 713 2590 Iam
732 2531 757 2591 si
776 2526 953 2612 temporum*
967 2529 1019 2590 hat
1036 2535 1233 2612 comparatio,

97 2609 188 2671 sacile
207 2608 254 2672 vel
279 2630 314 2669 ex
336 2610 485 2691 praesenti
511 2607 579 2670 loco
604 2606 766 2683 constabit,
795 2607 945 2670 foediores
969 2606 1058 2668 hodie
1084 2619 1114 2667 et
1138 2631 1185 2669 ma
1208 2611 1230 2670 is

96 2686 249 2748 deformes
269 2706 330 2748 esse
349 2686 465 2780 Papalis
486 2684 664 2748 hierarchiae
684 2683 881 2766 corruptelas,
900 2705 987 2766 quam
1007 2684 1084 2765 apud
1104 2686 1230 2748 Iudaeos

95 2761 149 2824 sub
172 2765 277 2824 Hanna
297 2775 328 2824 et
347 2763 459 2842 Carpha
481 2763 599 2824 fuerint.
638 2763 713 2823 Nam
735 2762 903 2843 Scripturas
927 2761 1032 2840 lectio,
1059 2783 1134 2843 quae
1156 2773 1229 2828 tunc

4 2845 6 2858 “
93 2840 230 2934 vigebat,
256 2860 319 2901 non
338 2843 428 2902 modo
448 2840 502 2902 sub
522 2841 603 2922 Papa
623 2839 785 2914 obsolevit,
810 2838 861 2900 sed
885 2841 965 2903 ferro
986 2849 1016 2899 et
1034 2839 1097 2924 igni
1118 2860 1133 2901 a
1152 2851 1228 2900 tem·
1308 2831 1315 2848 '

117 2919 151 2980 lrs
171 2928 302 2993 arcetur,
326 2919 383 2980 nisi
428 2919 487 2980 uod
512 2918 613 3000 lingua
639 2916 793 3000 incognita
818 2917 898 2996 quod
917 2917 1011 2978 visum
1037 2915 1082 2978 es't
1099 2916 1131 2976 in
1150 2917 1229 2977 ludi-

92 2939 114 3055 Κ
406 2941 544 3057 Surrexit
564 2996 696 3058 Christus
722 2994 757 3054 ad
784 2992 958 3076 legendum,
983 3012 1046 3059 nou
1071 2989 1166 3053 soluru'
1193 3006 1228 3054 ut

94 3093 151 3133 vox
171 3073 234 3134 eius
253 3071 356 3134 melius
375 3075 571 3148 exaudiretur,
590 3073 642 3134 sed
660 3073 693 3133 in
711 3071 827 3163 signam
846 3068 1038 3133 reverentiae.
1075 3070 1151 3131 Nam
1170 3069 1229 3132 hoc

94 3161 227 3210 meretur
247 3149 417 3230 Scripturas
439 3150 591 3225 maiestas,
616 3161 649 3210 ut
671 3151 868 3230 profiteantur
893 3150 954 3209 eius
978 3148 1172 3236 interpretes,
1195 3167 1229 3212 se

95 3228 231 3290 modeste
251 3237 282 3285 et
299 3240 470 3288 reverenter
488 3227 523 3287 ad
545 3247 609 3287 earn
627 3227 806 3288 tractandam
826 3226 977 3292 accedere.

172 3310 219 3370 17.
258 3301 372 3363 Invenit
392 3304 495 3382 loom.
541 3304 610 3363 Non
637 3303 757 3364 dubium
784 3314 843 3376 est,
867 3304 938 3383 quin
966 3299 1101 3363 consulto
1126 3299 1226 3363 locum

95 3378 174 3441 hunc
195 3379 330 3442 Christus
350 3380 500 3464 delegerit.
539 3379 649 3440 Putant
666 3380 794 3459 quidam,
814 3379 950 3442 divinitus
969 3378 1012 3439 illi
1032 3377 1121 3438 fuisse
1141 3379 1227 3441 obla·

96 3465 174 3534 lum,
198 3457 251 3518 sed
276 3479 365 3539 quum
386 3457 476 3518 libera
495 3456 538 3515 illl
559 3457 678 3518 daretur
697 3455 821 3532 electio,
850 3455 929 3516 malo
949 3458 985 3517 ad
1005 3456 1066 3516 eius
1085 3455 1225 3516 iudicium

95 3535 219 3611 referre,
240 3535 320 3616 quod
340 3533 419 3596 bunc
438 3531 536 3612 locum
578 3554 626 3594 rae
646 3529 848 3594 aliis'invcnit
886 3534 984 3595 Porro
1003 3533 1064 3593 illic
1076 3533 1235 3615 promittit.

94 3609 198 3675 Iesaias
231 3623 300 3693 post
325 3611 453 3672 exsilium
479 3554 694 3689 Babylonicum
718 3611 834 3671 futuros
859 3609 954 3676 adlurc
977 3609 1091 3700 aliquos
1132 3609 1224 3668 ratiae

94 3685 152 3748 Dei
170 3702 276 3767 testes,
301 3690 350 3772 qui
375 3685 517 3770 populum
536 3688 572 3747 ab
593 3688 716 3748 interitu
735 3699 766 3746 et
790 3687 894 3748 mortis
920 3684 1051 3752 tenebris
1071 3628 1224 3766 cadigam,

95 3774 126 3822 et
149 3765 311 3830 Ecclesiam
335 3777 382 3827 tot
413 3763 542 3827 cladibus
571 3765 709 3826 alllictam
739 3761 883 3844 spirituali
912 3763 1020 3823 virtute
1044 3761 1222 3832 instaurent.

94 3839 154 3900 Sed
174 3847 243 3928 quia
262 3845 348 3906 unius
369 3842 479 3906 Christi
498 3841 620 3902 nomine
646 3854 677 3902 et
695 3840 831 3920 auspiciis
872 3836 1064 3920 romulganda
1088 3847 1151 3898 erat
1166 3835 1223 3898 illa

94 3915 275 4012 redemptio,
299 3922 330 3980 in
355 3919 495 4002 singulari
520 3939 643 3978 numero
664 3919 811 3998 loquitur,
837 3863 869 3976 el
886 3913 1105 3996 quodammodo
1125 3911 1223 3974 induit

98 3991 207 4065 Christi
225 4012 391 4077 personam,
411 4017 471 4088 quo
491 3995 638 4058 efficacius
657 3994 774 4076 piorum
793 3996 906 4054 animos
921 3993 951 4051 in
967 3990 1079 4080 bonam
1087 3989 1222 4050 hduciam

98 4068 196 4150 erigat.
236 4073 359 4136 Certum
379 4074 497 4154 quidem
518 4084 571 4148 est,
591 4092 665 4153 quae
685 4069 733 4132 hic
753 4071 899 4133 habentur
918 4088 979 4127 non
1000 4067 1055 4126 nrsi
1075 4067 1111 4144 ἰιιΔ
1124 4065 1221 4127 solum

100 4141 244 4214 Christum
264 4150 304 4212 ob
325 4151 394 4210 eluas
414 4171 512 4212 causas
532 4149 652 4230 proprie
669 4160 853 4228 competere:
872 4141 998 4225 primum
1014 4143 1082 4222 quia
1094 4143 1222 4224 Spiritus

98 4218 279 4297 plenitudine
302 4227 381 4292 solus
407 4227 531 4287 donatus
557 4237 616 4306 est,
643 4236 676 4284 ut
698 4224 783 4286 testis
806 4247 839 4284 ac
863 4222 976 4301 legatus
1002 4233 1079 4281 esset
1094 4219 1223 4284 'nostrae

99 4315 163 4354 cum
191 4301 257 4384 Deo
286 4303 534 4368 reconciliationis
563 4305 636 4382 (qua
669 4301 784 4363 ratione
807 4296 914 4359 Paulus
941 4295 1062 4376 (Ephes.
1088 4305 1124 4376 2,
1149 4300 1222 4376 17.),

102 4373 180 4456 quod
203 4376 353 4470 Evangelii
378 4381 514 4450 ministris
539 4399 697 4448 commune
720 4389 779 4456 est,
802 4371 990 4464 peculiariter
1015 4372 1060 4435 illi
1083 4378 1224 4461 assignata

715 4605 734 4664 s
843 4671 846 4678 .
