2786 4742
325 195 420 277 ,(98
437 196 584 278 Discipuli
600 196 724 260 iabbatc
742 198 834 280 spiras
853 197 1020 280 vellentes)
1109 155 1111 160 V
1189 205 1248 270 279

197 339 338 440 Maec.
358 343 396 408 ll.
437 345 490 410 23.
509 343 555 410 Et
573 343 702 424 eccidit,
726 355 763 432 ut
781 348 932 413 transiret
950 343 1094 415 sabbatis
1111 365 1176 438 per
1194 367 1246 425 se·

113 451 219 528 getes,
249 453 282 508 et
300 441 482 530 'coeperunt
502 443 654 531 discipuli
675 447 744 512 eius
764 449 856 512 ‘inter
874 449 959 512 viam
978 447 1103 513 vellere
1121 449 1243 537 'spi'eas

0 550 1 573 ¹
111 542 163 607 24.
183 543 229 609 Et
238 543 402 610 Pharisaei
424 542 576 611 dicebant
590 548 629 633 ei,
648 545 744 626 Ecce,
766 569 824 612 eur
843 545 964 612 iaciunt
981 547 1132 629 sabbatis,
1153 545 1243 636 quod

111 661 179 710 uon
201 642 297 711 licet?
338 647 389 712 25.
417 647 459 712 Et
485 650 556 733 ipse
580 649 623 712 ait
644 644 723 726 illis,
743 648 919 734 Nunquam
940 644 1074 732 legistis,
1096 648 1173 736 quid
1190 649 1244 714 ie·

1 774 7 811 i
112 747 191 808 cerit
203 745 320 828 David,
342 771 438 835 quum
462 771 544 836 opus
565 746 710 826 haberet,
732 759 764 814 et
786 750 923 814 esuriret
942 752 1021 834 ipse,
1047 753 1156 836 etqui
1170 773 1240 815 cum

1 918 25 944 γ’
111 865 157 924 «ιο1
181 852 293 915 erant?
334 851 386 916 26.
413 849 593 937 Quomodo
624 849 787 938 ingressus
814 853 854 915 sit
874 853 913 934 ,in
936 850 1070 938 domum
1091 849 1157 916 Ilei
1180 849 1241 916 siib

107 943 277 1028 Abiathar‚
298 954 446 1037 principe
467 951 681 1030 sacerdotum,
702 962 735 1016 et
755 967 857 1037 panes
879 954 1113 1040 propositionis
1134 965 1241 1018 eome-

108 1044 209 1127 derit,
241 1071 325 1138 quos
359 1073 428 1118 non
461 1051 539 1118 lieet
567 1052 666 1119 edere
693 1054 756 1117 nisi
782 1039 1087 1132 sacerdotibuset
1113 1050 1242 1117 dederit

109 1148 205 1212 etiam
227 1153 277 1230 iis,
299 1155 355 1240 qui
375 1173 483 1218 secum
503 1157 618 1218 erent?
667 1155 718 1219 27.
740 1153 782 1220 Et
804 1151 934 1219 dicebat
954 1151 1043 1231 ¹illis,
1069 1151 1241 1218 sabbatum

106 1261 243 1336 propter
263 1253 425 1320 bominem
452 1254 570 1320 factum
600 1264 663 1332 est,
689 1273 757 1318 non
783 1253 882 1322 bomo
908 1251 1232 1342 propter'sabbatum

0 1411 1 1428 ,
106 1349 160 1414 28.
179 1351 292 1438 lisque
311 1354 461 1423 dominus
481 1364 529 1420 est
550 1353 654 1419 Filius
675 1351 930 1423 hominisetiam
952 1353 1089 1421 sabbati.

193 1471 295 1556 LUC.
313 1488 369 1552 vt
418 1488 447 1554 1.
479 1459 607 1560 ilccidit
634 1461 753 1566 autem,
784 1457 821 1553 ul
850 1489 895 1553 in·
912 1486 1049 1555 sabbato
1080 1482 1241 1554 secundo·

1 1614 4 1623 ·
106 1585 213 1669 primo
234 1590 387 1652 transiret
412 1609 473 1676 per
493 1598 575 1654 sata:
601 1609 639 1654 ac
664 1585 835 1654 vellebant
862 1587 1014 1677 discipuli
1035 1591 1104 1655 eiiis
1129 1591 1242 1676 spicas,

0 1730 1 1741 i
108 1679 316 1774 edebantque
338 1689 554 1755 confricantes
576 1688 734 1756 manibus.
780 1687 984 1776 2Quidam
1004 1702 1109 1756 autem
1131 1689 1242 1756 Phari·
1313 1677 1325 1696 ’

1 1864 5 1884 ¹
105 1795 257 1854 saeorum
279 1789 432 1856 dicebant
452 1789 534 1870 illis,
563 1790 654 1877 Quid
676 1790 795 1869 fecitis,
821 1790 911 1878 quod
937 1809 1005 1870 noo
1032 1791 1110 1856 lieet
1131 1789 1240 1855 iacere

1 1886 3 1900 ¹
105 1885 269 1960 sabbatis?
309 1891 340 1956 3.
360 1891 403 1957 Et
423 1891 628 1978 respondens
644 1884 740 1957 'Iesus
757 1890 799 1958 ed
825 1913 882 1958 eos
904 1892 990 1972 dicit,
1010 1891 1062 1958 Ne
1084 1892 1148 1957 hoc
1170 1891 1241 1978 qui-

105 1985 181 2052 dem
201 1987 336 2080 legistis,
367 1992 458 2079 quod
479 1992 558 2059 fecit
577 1993 701 2071 David,
738 2013 837 2079 quum
865 1997 1018 2060 esurisset
1039 1997 1109 2080 ipse
1132 2001 1164 2058 et
1184 1991 1241 2078 qui

105 2110 179 2154 cuin
204 2110 246 2154 eo
269 2096 380 2160 erant?
421 2093 451 2156 4
473 2092 653 2177 Quomodo
674 2093 804 2157 intravit
825 2097 859 2158 iii
881 2091 1013 2180 domum
1034 2093 1109 2170 Dei,
1130 2104 1240 2180 etpa-

1 2177 30 2272 f'
104 2209 165 2254 nes
186 2191 421 2276 propositionis
443 2194 590 2277 sumpsit,
630 2189 777 2286 editque,
812 2212 849 2255 sc
871 2191 963 2257 dedit
984 2196 1080 2281 etiam
1100 2197 1153 2270 iis,
1181 2193 1239 2279 qui

1 2329 2 2358 ;
31 2298 34 2303 ’
105 2299 214 2356 secum
237 2298 336 2370 erant,
357 2301 440 2376 quos
459 2312 527 2356 non
548 2288 625 2355 licet
646 2289 745 2354 edere
760 2293 822 2355 nisi
843 2302 964 2356 tantuin
987 2290 1237 2358 sacerdoiihust

1 2407 2 2410 ’
104 2393 136 2458 5.
161 2391 204 2457 Et
231 2391 310 2456 dixit
338 2389 423 2471 illis,
446 2392 607 2460 Dominus
629 2401 678 2456 est
697 2390 801 2457 Filius
823 2391 962 2458 bominis
985 2395 1080 2457 etiam
1094 2391 1237 2480 sabbati.

181 2555 287 2617 Maiih.
306 2563 334 2622 1.
372 2555 441 2617 lbet
462 2556 546 2618 lesus
568 2553 704 2618 reddaris.
749 2552 784 2616 lii
811 2554 865 2616 liae
891 2554 1013 2617 historia
1044 2554 1237 2639 Evangelistis

127 2634 292 2715 repositum
312 2634 381 2711 tuti,
402 2636 560 2696 ostendere
580 2634 683 2714 partim
695 2655 781 2725 quam
800 2632 962 2714 malignum
976 2634 1066 2724 suerit
1085 2634 1236 2716 ingenium

104 2656 282 2785 lbarisaeis,
311 2713 417 2792 partim
450 2733 535 2794 quain
565 2712 767 2791 superstitiose
794 2710 881 2790 rebiis
906 2722 1031 2770 externis
1061 2723 1091 2771 et
1116 2710 1237 2772 minutii

10 2811 26 2820 ·
105 2788 215 2850 addicti
239 2787 367 2864 fuerint,
397 2801 431 2849 iit
458 2801 555 2850 totam
584 2787 613 2848 iii
645 2787 701 2848 illis
732 2787 916 2848 sanctitatem
949 2807 1070 2878 prorsus
1094 2788 1236 2848 locarent.

104 2864 272 2945 Discipulos
293 2869 372 2928 enim
393 2865 508 2936 Christi
528 2877 680 2940 accusant,
725 2865 783 2925 iio'd
804 2875 930 2946 urgente
953 2864 1051 2924 inedia
1072 2864 1103 2923 i'n
1129 2863 1237 2954 itinere

103 2941 228 3004 sabbsto
249 2944 358 3004 vellant
377 2966 390 3004 s
411 2944 495 3018 {casp
512 2944 591 3023 quasi
611 2943 651 3002 ita
677 2887 831 3003 sabbatum
851 2939 1003 3033 violarent.
1043 2941 1150 3000 Sancta
1170 2961 1235 3018 qui·

104 3020 172 3079 dein
192 3039 239 3079 res
259 3033 322 3080 erat
340 2965 454 3081 sabbati
475 3020 651 3090 observatio,
670 3020 721 3080 sed
740 3037 802 3079 non
821 3017 935 3099 qualem
956 3017 999 3078 illi
1019 3017 1059 3098 fiii
1082 3017 1182 3092 ebant,
1203 3027 1237 3076 ut

104 3096 152 3157 vix
178 3095 301 3178 digitum
328 3098 382 3157 uisi
413 3097 527 3178 trepida
554 3097 733 3184 conscientia
759 3115 878 3156 movere
898 3095 1011 3186 liceret.
1060 3037 1235 3186 llypoerisis

104 3192 178 3255 ergo
198 3185 258 3232 tam
278 3172 466 3255 scrupulosos
491 3175 521 3232 iii
547 3173 635 3234 relius
660 3172 790 3234 leviculis
810 3173 889 3253 ipsos
909 3169 1051 3245 reddidit,
1071 3192 1160 3252 quum
1180 3169 1237 3232 sibi

102 3251 134 3311 iii
155 3250 255 3310 crassis
265 3249 524 3331 superstitionibus
544 3261 712 3342 parcerent:
731 3251 815 3311 sicuti
835 3248 1051 3311 elibiCbristus
1068 3247 1236 3329 exprobrat,

103 3326 189 3495 illl
205 3326 405 3485 tillet&
424 3326 1040 3496 ‘illiti‘illiberitittttt'tt
1055 3344 1236 3495 {iiiiii}

102 3491 482 3632 interstitit?
499 3480 1235 3648 tibttttttltttl'ituffttttt'tttttt

103 3633 156 3715 qui
182 3635 251 3715 irge
275 3635 371 3693 Deum
398 3635 507 3696 carnali
525 3646 639 3695 tantum
660 3631 884 3724 cultudeluogi
902 3631 1014 3724 volunt.
1059 3629 1119 3690 sed
1143 3629 1234 3689 niele·

101 3710 233 3772 volentia
251 3711 350 3792 potius
370 3722 402 3771 et
425 3711 501 3771 livor
519 3732 606 3789 quam
626 3721 795 3791 superstitio
816 3729 868 3770 eos
892 3707 1010 3801 impulit
1029 3707 1065 3768 ad
1091 3705 1166 3797 lianc
1186 3725 1234 3766 re·

102 3787 348 3872 prehensioiiem,
368 3789 435 3870 quia
454 3789 484 3847 in
504 3787 576 3849 alies
597 3809 658 3848 non
677 3788 751 3848 adeo
772 3786 883 3848 morosi
902 3786 1035 3845 luissent.
1079 3782 1161 3843 Utile
1180 3803 1234 3842 au·

102 3879 163 3926 tem
183 3863 269 3924 nobis
290 3876 334 3924 est
352 3875 470 3937 tenere,
490 3866 616 3944 qualiter
635 3863 735 3924 allecti
755 3863 881 3940 luerint,
903 3881 940 3922 iie
961 3880 1047 3996 qpem
1067 3858 1234 3953 perturbet,

16 3958 20 3966 '
103 3942 183 4023 qucd
203 3940 281 4022 ipsos
300 3941 343 4001 Le
367 3942 388 4002 is
408 3941 546 4002 doctores
566 3941 701 4003 Christus
721 3952 779 4001 tam
801 3939 932 4000 intensos
950 3959 972 3996 si
997 3937 1005 3996 i
1025 3936 1135 3998 babuit.

179 4015 251 4078 Luc.
272 4027 299 4082 1.
337 3960 723 4112 dcdbptoseemidoprimo.
744 4094 752 4108 ι
770 4017 889 4076 Minime
919 4014 1038 4105 dubium
1071 4025 1131 4105 est,
1161 4009 1233 4092 quin

102 4096 162 4155 boe
181 4095 529 4190 sabbatum-pertinuerit
548 4096 585 4155 ad
604 4117 694 4187 urium
714 4093 839 4186 aliquem
860 4113 893 4151 ex
913 4091 1014 4151 diebus
1036 4090 1133 4183 iestis,
1157 4109 1232 4169 quet

101 4169 607 4326 tttltttt⁰tttt¹tltt¹‚lit
622 4167 1234 4330 tilii‚distullerit-’titt

101 4322 206 4396 ludaei
225 4325 287 4406 ilici
306 4325 396 4401 letter
415 4324 645 4410 distribuerant,
668 4336 703 4398 ut
720 4343 837 4418 semper
856 4343 931 4396 nont
956 4331 1034 4388 estet
1052 4319 1115 4394 diei
1138 4319 1233 4394 iuter·¹
