2824 4756
195 279 248 368 81
374 298 533 364 'SECTIO
554 299 610 361 111.
651 297 726 360 tiso
745 311 893 362 surmus
914 313 955 362 nr
976 311 1143 382 iurantia.
1236 315 1244 330 “
1284 256 1288 266 ’

198 444 359 512 secuudum
378 446 466 528 Legis
484 445 712 526 praescriptum,
737 445 819 526 quod
838 445 1035 504 Numerorum
1055 463 1118 524 eap.
1137 447 1172 516 6,
1190 446 1218 504 4.
1238 441 1326 512 hahe-

192 535 258 583 ¹tur.
289 523 406 587 'Sensus
432 541 504 604 ergo
525 529 590 582 est:
615 521 730 582 tametsi
754 534 835 582 metu
860 521 1025 601 compulsus
1050 519 1140 580 fuerit
1163 518 1272 600 Ioseph
1296 520 1328 578 iu

200 597 341 680 angulum
361 597 526 670 Galilaeae,
551 597 635 659 altius
658 609 758 658 tame'n
784 598 872 658 luisse
891 597 949 657 Dei
975 594 1147 674 consilium,
1171 607 1202 655 et
1224 595 1327 668 urbem

201 676 347 736 Nazareth
368 675 486 736 Christo
507 674 596 736 fuisse
617 672 795 745 ordinatam,
826 675 857 734 i'n
883 695 940 753 qua
969 672 1129 748 habitaret,
1160 684 1193 732 ut
1222 673 1327 732 merito

201 749 282 812 ferre
306 763 406 832 posset
429 771 539 812 nomen
558 751 709 812 Nazaraei.
758 752 870 810 Verum
891 751 1057 829 quaeritur,
1088 771 1104 809 a
1131 749 1236 828 quibus
1255 748 1328 808 Pro-

200 827 300 908 phetis
318 826 430 893 ,nomeu
441 827 508 889 =hoc
526 827 695 906 impositum
708 825 804 906 luerit
817 826 949 902 Christo,
970 849 1059 910 quum
1078 847 1132 887 nus
1155 847 1219 886 uam
1240 837 1330 885 exstet

199 905 261 966 tale
286 904 496 967 testimonium.
545 903 729 978 Quibusdam
755 903 890 964 sufficere
912 903 1042 976 videtur,
1093 847 1153 963 uod
1178 903 1244 962 Scri
1267 913 1329 961 tura

199 980 373 1062 eloquenter
406 981 546 1042 Sanctum
574 991 676 1055 vocet,
690 980 758 1040 *sed
788 981 860 1041 haec
892 980 977 1040 nimis
1002 923 1107 1062 frigida
1137 990 1182 1041 est
1212 923 1328 1039 solutio.

199 1059 366 1119 Matthaeus
386 1057 463 1116 euim
487 1060 536 1138 (ut
553 1056 699 1132 videmus)
724 1057 832 1117 insistit
856 1057 887 1116 in
906 1077 979 1117 voce
1004 1057 1081 1138 ipsa,
1111 1055 1196 1132 etad
1216 1067 1328 1116 veteres

200 1133 366 1196 Nazaraeos
385 1133 518 1213 respicit,
543 1126 670 1226 quorum
695 1133 851 1212 peculiaris
871 1146 934 1193 erat
957 1135 1108 1208 sanctitas,
1132 1132 1190 1192 acsi
1210 1133 1328 1207 diceret,

201 1213 370 1294 oportuisse
389 1209 533 1300 compleri
556 1232 587 1269 iu
609 1208 718 1271 Christi
737 1230 880 1291 persona,
906 1211 985 1290 quod
1010 1221 1082 1270 tunc
1101 1209 1157 1269 suit
1175 1207 1328 1269 adumbra-
1396 1209 1397 1218 ’

200 1299 265 1350 tuni
283 1289 314 1347 in
334 1288 498 1359 Nazaraeis,
518 1287 569 1367 qui
586 1297 673 1348 eraut
690 1287 771 1346 velut
789 1286 916 1347 selectae
934 1286 1001 1347 Deo
1022 1287 1176 1368 primitiae.
1204 1286 1328 1345 :Viden-
1387 1282 1395 1409 p

202 1365 272 1424 dum
290 1375 390 1424 tamen
407 1374 509 1438 restat,
527 1362 646 1423 ubinam
665 1363 840 1423 tradiderint
858 1364 1036 1444 Prophetae,
1056 1364 1114 1422 hoc
1133 1362 1199 1422 lore
1212 1361 1327 1425 Christo

199 1445 321 1501 nomen.
356 1437 599 1519 'Chryrostomtis
620 1439 687 1520 quia
703 1440 815 1500 nodum
832 1437 946 1516 solvere
967 1461 1028 1500 nou
1049 1451 1157 1521 potest,
1176 1438 1329 1510 abscindit,

201 1516 310 1576 i'uultos
328 1515 545 1595 Prophetarum
564 1515 656 1576 libros
675 1516 868 1578 intercidisse.
919 1515 1158 1596 Sedresponsio
1184 1507 1233 1576 illa
1258 1513 1328 1574 nihil

201 1592 294 1653 habet
313 1591 438 1654 eoloris:
458 1594 535 1672 quia,
557 1590 612 1654 e'tsi
621 1592 792 1670 Dominus,
811 1605 845 1653 ut
863 1595 969 1655 veteris
989 1591 1093 1679 populi
1112 1593 1257 1674 ignaviam
1276 1613 1328 1672 pu·

195 1669 296 1742 niret,
322 1687 388 1727 eum
408 1669 694 1750 aliqua'Scripturae
713 1683 797 1751 parte
818 1670 950 1742 orbavit,
970 1671 1016 1730 uel
1036 1671 1163 1731 resecuit
1182 1689 1257 1748 quae
1275 1669 1328 1728 ini·

182 1766 257 1813 ,iius
282 1745 443 1806 necessaria
467 1758 566 1822 erant,
595 1766 612 1805 a
638 1745 752 1807 Christi
778 1751 876 1806 tamen
902 1746 1045 1808 adventu'
1059 1745 1131 1812 nihil
1178 1747 1253 1805 eriit.
1291 1745 1328 1803 Et

118 1815 122 1828 ⁸
200 1821 307 1882 inscite
325 1821 356 1880 in
383 1842 447 1882 eam
466 1843 529 1881 rem
553 1822 707 1882 adducitur
724 1819 845 1903 Iosephi
864 1823 963 1898 locus,
983 1823 1037 1882 ubi
1056 1823 1126 1883 dicit
1146 1764 1219 1883 duos
1239 1821 1328 1882 libros

201 1897 239 1958 ab
263 1896 421 1958 Ezechiele
444 1897 565 1959 relictos
597 1917 668 1959 esse.
717 1898 793 1958 Nam
821 1900 901 1979 quod
926 1893 1101 1960 vaticinatur
1124 1897 1264 1960 Ezechiel
1292 1898 1328 1956 de

201 1994 282 2036 novo
301 1975 414 2057 templo
435 1986 467 2035 et
485 1995 517 2034 re
539 1994 579 2034 no
600 1995 616 2034 a
635 1974 784 2056 prioribus
804 1975 946 2036 vaticiniis
966 1988 1067 2056 aperte
1079 1976 1257 2053 ‚disnnctum
1277 1987 1329 2050 est,

202 2062 234 2118 et
253 2049 350 2130 elficit,
362 2051 442 2132 quasi
462 2071 503 2110 no
521 2073 571 2144 pin
591 2072 708 2132 corpus.
748 2051 865 2126 Quodsi
885 2053 973 2112 hodie
993 2053 1163 2134 superstites
1183 2073 1216 2112 ac
1236 2051 1328 2112 salios
1365 2077 1370 2088 ·

201 2126 342 2188 habemus
363 2146 465 2189 omnes
484 2138 645 2208 scripturae
665 2127 767 2202 libros,
787 2129 838 2209 qui
856 2129 995 2189 Matthaei
1014 2141 1149 2210 tempore
1169 2127 1329 2202 exstabant,

201 2223 330 2281 neeesse
342 2216 388 2266 est
406 2203 516 2265 alicubi
531 2204 677 2277 iuvenire,
698 2204 779 2286 quod
798 2205 870 2266 citat
886 2205 1101 2286 Prophetarum
1121 2205 1327 2286 testimonium.

103 2355 110 2362 ἢ
201 2279 376 2343 Rectissime
399 2293 497 2342 autem
517 2280 649 2342 omnium
667 2281 798 2342 Bucer'us
822 2283 946 2343 sensisse
964 2282 1035 2342 milii
1054 2282 1184 2356 videtur,
1208 2279 1259 2362 qui
1283 2280 1327 2339 lo-

202 2378 269 2418 cum
290 2378 325 2432 er
344 2357 479 2418 Iudicum
499 2379 560 2440 cap.
579 2363 629 2436 13,
650 2365 678 2424 5.
698 2358 797 2436 nutari
818 2358 970 2420 existimat
1009 2357 1075 2419 Illic
1096 2359 1212 2438 quidem
1232 2376 1326 2418 sermo

201 2433 329 2497 hahetur
348 2435 385 2496 de
397 2435 549 2495 Simsoue:
569 2436 620 2496 sed
660 2435 706 2494 uia
726 2435 1019 2517 redemptorpopuli
1031 2455 1100 2496 nou
1119 2434 1344 2509 vocaturSimg

201 2527 269 2588 sou,
288 2511 345 2574 nisi
364 2511 624 2605 quatenusiftgurav
640 2457 753 2572 Christi
773 2511 839 2587 luit,
859 2525 890 2573 et
908 2511 1066 2584 saluseius
1085 2533 1174 2596 mauu
1194 2522 1226 2571 et
1243 2511 1342 2584 utini·v
1399 2567 1400 2576 ,

201 2590 292 2649 sterio
317 2588 402 2649 allata
435 2588 592 2650 umbratile
612 2589 760 2668 quoddam
790 2589 973 2668 praeludium
1005 2587 1196 2669 luit¹plenae
1220 2609 1233 2648 s
1278 2587 1329 2662 fis,
1394 2594 1398 2613 ¹

202 2683 279 2798 guae
306 2664 426 2724 tandem
452 2663 579 2725 exhibita
604 2664 660 2725 fuit
684 2659 796 2725 mundo
819 2686 874 2746 per
898 2665 1005 2742 Filium
1024 2665 1097 2736 Dei:
1128 2657 1269 2800 quicipu‘,
1293 2663 1328 2724 de

226 2739 340 2817 imsoiie
363 2741 395 2798 iu
415 2739 524 2798 honam
542 2753 656 2820 partem
674 2740 826 2821 praedicat
845 2736 1012 2822 Scriptura,
1038 2743 1102 2802 iure
1123 2741 1159 2802 ad
1179 2741 1204 2803 C
1227 2741 1327 2802 ristum

115 2844 117 2848 ·
200 2815 385 2876 transfertur.
423 2815 457 2874 Si
465 2815 542 2894 *quis
568 2817 673 2878 clarius
696 2816 794 2891 malit,
819 2817 953 2880 ChrIstus
977 2819 1144 2900 primarium
1170 2830 1215 2879 est
1233 2823 1329 2879 erem-

223 2890 279 2950 lar:
306 2890 426 2950 Simsou
450 2904 547 2952 autem
571 2893 700 2954 inferior
723 2893 780 2951 fuit
803 2895 958 2974 antitypus.
1000 2897 1081 2978 Ergo
1101 2917 1191 2975 quum
1209 2895 1329 2956 indutus

201 2907 260 3027 luit
277 2966 476 3048 redemptoris
493 2987 629 3048 persona,
648 2969 799 3028 sciendum
819 2982 878 3045 est,
897 2971 1010 3034 nullum
1029 2993 1063 3032 ex
1083 2972 1202 3054 elogiis,
1223 2971 1330 3062 quibus

201 3043 384 3123 praeclarum
404 3051 435 3104 et
452 3063 522 3105 vere
545 3045 675 3104 divinum
699 3043 772 3104 illud
795 3068 900 3108 munus
920 3045 1055 3110 ornatum
1075 3049 1146 3124 suit,
1177 3050 1208 3108 iii
1233 3070 1330 3128 ipsum

200 3131 261 3180 tam
280 3121 402 3212 proprie
421 3140 507 3198 quam
525 3121 557 3180 iii
577 3119 728 3186 Christum
747 3135 926 3205 competere.
963 3124 1111 3186 Libabaut
1129 3125 1209 3187 enim
1226 3125 1330 3185 Patres

201 3194 413 3277 redemptionis
465 3197 564 3274 atiani,
584 3218 671 3278 quam
691 3198 777 3259 uobis
797 3201 827 3260 in
838 3199 961 3284 Christo
982 3203 1017 3262 ad
1036 3201 1156 3282 plenum
1175 3202 1330 3283 percipere

203 3271 391 3356 datumest„
461 3274 520 3334 uod
543 3285 640 3334 autem
660 3273 824 3356 Prophetas
870 3276 954 3337 lurali
978 3299 1105 3338 numero
1127 3278 1226 3360 posuit
1243 3279 1329 3350 Mat-

73 3375 75 3388 ·
124 3378 128 3392 .
199 3347 323 3424 thaeus,
351 3348 444 3412 facilis
470 3362 514 3411 est
537 3351 697 3413 excusatio:
730 3352 799 3433 quia
822 3298 899 3414 liber
922 3354 972 3415 ille
1001 3354 1135 3415 Indicum
1155 3357 1181 3416 av
1217 3354 1330 3416 lusibus

100 3477 103 3484 .
202 3423 361 3503 Prophetis
380 3427 559 3508 compositus
578 3427 643 3488 init.
680 3429 747 3514 Ego
767 3441 866 3490 tamen
886 3430 966 3509 quod
985 3430 1032 3493 hic
1052 3431 1177 3492 habetur
1196 3377 1232 3493 de
1253 3432 1330 3491 Pio-

202 3499 298 3581 phetis
321 3499 408 3566 latius
434 3516 536 3584 patere
561 3505 699 3566 arbitror.
749 3505 858 3586 Ioseph
877 3504 966 3566 'enim
992 3508 1054 3588 (qui
1077 3507 1248 3589 temporalis
1273 3507 1331 3567 fuit

202 3588 335 3640 servator
353 3577 517 3656 Ecclesiae,
547 3593 578 3642 et
597 3582 697 3642 multis
715 3582 810 3643 'modis
834 3583 852 3641 fi
876 3605 956 3643 uram
978 3584 1088 3645 Christi
1107 3585 1252 3666 gestavit,
1282 3583 1330 3644 vel

202 3653 303 3788 pptius
321 3653 385 3718 viva
404 3655 467 3728 fuit
480 3657 540 3718 eius
565 3657 677 3741 imago)
703 3670 826 3720 vocatur
849 3603 1014 3720 Nazaraeos
1046 3661 1168 3721 fratrum
1198 3680 1331 3736 suorum,

236 3749 283 3790 eu.
302 3737 358 3809 49,
385 3737 433 3798 26.
459 3745 490 3793 et
507 3733 597 3795 Deut.
615 3741 670 3811 33,
693 3740 741 3799 16.
782 3735 864 3798 Deus
891 3757 922 3796 er
945 3758 969 3796 ο,
989 3737 1120 3798 eximiam
1146 3737 1332 3820 dignitatem,

202 3807 317 3869 cuiuss
340 3807 452 3868 ecimeu
471 3811 647 3889 praebuerat
665 3813 695 3871 in
715 3810 840 3904 Ioseph,
865 3813 901 3872 iii
917 3757 1054 3874 Cimsone
1073 3814 1206 3875 relucere
1224 3812 1332 3889 voluit,

99 3955 102 3960 ἱ
166 3965 168 3970 Ι
203 3894 235 3943 et
253 3830 359 3944 indidit
377 3883 547 3947 illinomen
558 3887 763 3964 Nazaraei,'u,t
782 3889 843 3948 istis
862 3889 1004 3951 tirociniis
1023 3889 1130 3950 imhu'ti
1149 3889 1249 3966 fideles
1270 3913 1332 3950 ma·

202 3960 247 4043 gis
260 3961 373 4044 ¹intenti
391 3973 487 4023 essent
504 3963 536 4023 iu
556 3963 687 4024 futurum
706 3964 951 4046 Redemptorem,
970 3968 1025 4047 ¹qui
1049 3968 1247 4050 segregandus
1267 3978 1332 4027 erat
1370 3979 1400 4092 1

202 4037 240 4098 ab
262 4036 409 4116 omuibus,
428 4049 461 4098 ut
479 4039 695 4124 primogenitus
715 4053 791 4103 esset
808 4042 887 4102 inter
906 4041 1014 4104 multos
1034 4042 1148 4105 fratres.
1399 4047 1400 4054 ’

241 4206 325 4290 (25.)
367 4209 468 4278 LUC.
489 4211 528 4280 ll.
568 4213 620 4278 40.
644 4187 812 4296 Puerulus⁸
825 4223 930 4279 autem
951 4213 1119 4281 crescebat
1141 4227 1174 4280 et
1191 4213 1333 4281 robora·

200 4300 297 4368 hatur
322 4307 454 4416 spiritui,
489 4323 522 4378 et
552 4309 669 4400 plenus
691 4310 958 4401 eratsapi'entia,
985 4326 1018 4381 et
1042 4318 1144 4418 gratia
1164 4315 1231 4381 Dei
1255 4326 1332 4413 erat

198 4421 298 4490 super
316 4405 415 4476 illum.
457 4411 507 4480 41.
538 4413 580 4484 Et
598 4415 692 4506 ibant
708 4419 953 4505 parenteseius
974 4418 1147 4506 quotannis
1168 4417 1330 4484 Hieroso·
1399 4439 1400 4454 ¹
