<?xml version="1.0" encoding="UTF-8"?>
<!DOCTYPE html PUBLIC "-//W3C//DTD XHTML 1.0 Transitional//EN"
    "http://www.w3.org/TR/xhtml1/DTD/xhtml1-transitional.dtd">
<html xmlns="http://www.w3.org/1999/xhtml" xml:lang="en" lang="en">
 <head>
  <title>
</title>
<meta http-equiv="Content-Type" content="text/html;charset=utf-8" />
  <meta name='ocr-system' content='tesseract 3.04.00' />
  <meta name='ocr-capabilities' content='ocr_page ocr_carea ocr_par ocr_line ocrx_word'/>
</head>
<body>
  <div class='ocr_page' id='page_1' title='image "./innovumtestamen01tholgoog_0129.png"; bbox 0 0 2824 4756; ppageno 0'>
   <div class='ocr_carea' id='block_1_1' title="bbox 194 141 1317 426">
    <p class='ocr_par' dir='ltr' id='par_1_1' title="bbox 194 141 1317 426">
     <span class='ocr_line' id='line_1_1' title="bbox 194 141 1137 294; baseline -0.007 -37"><span class='ocrx_word' id='word_1_1' title='bbox 194 201 233 294; x_wconf 52' lang='grc' dir='ltr'><strong>μθ</strong></span> <span class='ocrx_word' id='word_1_2' title='bbox 382 141 532 278; x_wconf 72' lang='lat' dir='ltr'>SECTIO</span> <span class='ocrx_word' id='word_1_3' title='bbox 545 187 610 250; x_wconf 84' lang='grc' dir='ltr'><strong>ΙΙΙΙ.</strong></span> <span class='ocrx_word' id='word_1_4' title='bbox 648 191 723 250; x_wconf 77' lang='lat' dir='ltr'><strong>lusu</strong></span> <span class='ocrx_word' id='word_1_5' title='bbox 742 203 890 252; x_wconf 70' lang='lat' dir='ltr'><strong>narinus</strong></span> <span class='ocrx_word' id='word_1_6' title='bbox 908 205 950 250; x_wconf 81' lang='lat' dir='ltr'><strong>nr</strong></span> <span class='ocrx_word' id='word_1_7' title='bbox 969 145 1137 254; x_wconf 65' lang='lat' dir='ltr'><strong>tiranni.</strong></span> 
     </span>
     <span class='ocr_line' id='line_1_2' title="bbox 271 309 1317 426; baseline -0.004 -20"><span class='ocrx_word' id='word_1_8' title='bbox 271 353 301 415; x_wconf 78' lang='lat'><strong>2.</strong></span> <span class='ocrx_word' id='word_1_9' title='bbox 337 343 427 420; x_wconf 76' lang='lat' dir='ltr'><strong>Iacob</strong></span> <span class='ocrx_word' id='word_1_10' title='bbox 442 346 541 422; x_wconf 75' lang='lat' dir='ltr'><strong>garcirii</strong></span> <span class='ocrx_word' id='word_1_11' title='bbox 557 339 666 404; x_wconf 80' lang='lat' dir='ltr'><strong>Iudam</strong></span> <span class='ocrx_word' id='word_1_12' title='bbox 688 357 715 403; x_wconf 82' lang='lat' dir='ltr'><strong>et</strong></span> <span class='ocrx_word' id='word_1_13' title='bbox 730 345 859 426; x_wconf 58' lang='lat' dir='ltr'><strong>fratem.</strong></span> <span class='ocrx_word' id='word_1_14' title='bbox 905 309 1186 419; x_wconf 68' lang='lat' dir='ltr'><strong>erumhlattbaens</strong></span> <span class='ocrx_word' id='word_1_15' title='bbox 1209 341 1317 404; x_wconf 81' lang='lat' dir='ltr'><strong>ismael</strong></span> 
     </span>
    </p>
   </div>
   <div class='ocr_carea' id='block_1_2' title="bbox 195 418 1319 582">
    <p class='ocr_par' dir='ltr' id='par_1_2' title="bbox 195 418 1319 582">
     <span class='ocr_line' id='line_1_3' title="bbox 195 418 1319 505; baseline -0.008 -18"><span class='ocrx_word' id='word_1_16' title='bbox 195 418 333 488; x_wconf 81' lang='lat' dir='ltr'><strong>Abrahae</strong></span> <span class='ocrx_word' id='word_1_17' title='bbox 352 421 582 505; x_wconf 88' lang='lat' dir='ltr'><strong>primogenitum</strong></span> <span class='ocrx_word' id='word_1_18' title='bbox 600 419 717 481; x_wconf 89' lang='lat' dir='ltr'><strong>silentio</strong></span> <span class='ocrx_word' id='word_1_19' title='bbox 736 434 827 503; x_wconf 88' lang='lat' dir='ltr'><strong>tegat,</strong></span> <span class='ocrx_word' id='word_1_20' title='bbox 847 432 877 481; x_wconf 91' lang='lat' dir='ltr'><strong>et</strong></span> <span class='ocrx_word' id='word_1_21' title='bbox 891 423 967 482; x_wconf 85' lang='lat' dir='ltr'><strong>Esau</strong></span> <span class='ocrx_word' id='word_1_22' title='bbox 987 425 1050 500; x_wconf 88' lang='lat' dir='ltr'><strong>(qui</strong></span> <span class='ocrx_word' id='word_1_23' title='bbox 1070 433 1191 480; x_wconf 88' lang='lat' dir='ltr'><strong>naturae</strong></span> <span class='ocrx_word' id='word_1_24' title='bbox 1211 419 1319 478; x_wconf 84' lang='lat' dir='ltr'>ordine</span> 
     </span>
     <span class='ocr_line' id='line_1_4' title="bbox 197 495 1319 582; baseline -0.006 -20"><span class='ocrx_word' id='word_1_25' title='bbox 197 501 416 582; x_wconf 24' lang='lat' dir='ltr'><strong>superiorlerat</strong></span> <span class='ocrx_word' id='word_1_26' title='bbox 435 499 524 572; x_wconf 82' lang='lat' dir='ltr'><strong>fratre</strong></span> <span class='ocrx_word' id='word_1_27' title='bbox 543 518 596 557; x_wconf 90' lang='lat' dir='ltr'><strong>suo</strong></span> <span class='ocrx_word' id='word_1_28' title='bbox 616 496 736 573; x_wconf 80' lang='lat' dir='ltr'><strong>Iacob),</strong></span> <span class='ocrx_word' id='word_1_29' title='bbox 758 519 819 556; x_wconf 92' lang='lat' dir='ltr'><strong>non</strong></span> <span class='ocrx_word' id='word_1_30' title='bbox 838 508 950 558; x_wconf 85' lang='lat' dir='ltr'><strong>temere</strong></span> <span class='ocrx_word' id='word_1_31' title='bbox 970 497 1124 560; x_wconf 83' lang='lat' dir='ltr'>duodecim</span> <span class='ocrx_word' id='word_1_32' title='bbox 1143 495 1319 555; x_wconf 85' lang='lat' dir='ltr'><strong>Patriarchis</strong></span> 
     </span>
    </p>
   </div>
   <div class='ocr_carea' id='block_1_3' title="bbox 91 573 1318 668">
    <p class='ocr_par' dir='ltr' id='par_1_3' title="bbox 91 573 1318 668">
     <span class='ocr_line' id='line_1_5' title="bbox 91 573 1318 668; baseline -0.008 -28"><span class='ocrx_word' id='word_1_33' title='bbox 91 623 93 628; x_wconf 89' lang='lat'>-</span> <span class='ocrx_word' id='word_1_34' title='bbox 198 577 297 640; x_wconf 91' lang='lat' dir='ltr'><strong>locum</strong></span> <span class='ocrx_word' id='word_1_35' title='bbox 315 578 346 636; x_wconf 91' lang='lat' dir='ltr'><strong>in</strong></span> <span class='ocrx_word' id='word_1_36' title='bbox 366 575 537 656; x_wconf 81' lang='lat' dir='ltr'>genealogia</span> <span class='ocrx_word' id='word_1_37' title='bbox 555 573 691 668; x_wconf 87' lang='lat' dir='ltr'><strong>assignat,</strong></span> <span class='ocrx_word' id='word_1_38' title='bbox 712 595 801 652; x_wconf 89' lang='lat' dir='ltr'><strong>quum</strong></span> <span class='ocrx_word' id='word_1_39' title='bbox 821 595 921 634; x_wconf 90' lang='lat' dir='ltr'><strong>omncs</strong></span> <span class='ocrx_word' id='word_1_40' title='bbox 941 575 1022 632; x_wconf 89' lang='lat' dir='ltr'><strong>Deus</strong></span> <span class='ocrx_word' id='word_1_41' title='bbox 1041 575 1127 633; x_wconf 82' lang='lat' dir='ltr'><strong>simili</strong></span> <span class='ocrx_word' id='word_1_42' title='bbox 1148 573 1318 663; x_wconf 86' lang='lat' dir='ltr'><strong>adoptionis</strong></span> 
     </span>
    </p>
   </div>
   <div class='ocr_carea' id='block_1_4' title="bbox 137 649 1326 1931">
    <p class='ocr_par' dir='ltr' id='par_1_4' title="bbox 137 649 1326 1931">
     <span class='ocr_line' id='line_1_6' title="bbox 137 649 1318 737; baseline -0.007 -23"><span class='ocrx_word' id='word_1_43' title='bbox 137 713 140 724; x_wconf 66' lang='grc'><strong><em>,</em></strong></span> <span class='ocrx_word' id='word_1_44' title='bbox 195 655 291 737; x_wconf 48' lang='lat' dir='ltr'><strong>‚gratia</strong></span> <span class='ocrx_word' id='word_1_45' title='bbox 317 652 449 733; x_wconf 84' lang='lat' dir='ltr'><strong>dignatus</strong></span> <span class='ocrx_word' id='word_1_46' title='bbox 476 661 559 710; x_wconf 84' lang='lat' dir='ltr'><strong>esset.</strong></span> <span class='ocrx_word' id='word_1_47' title='bbox 603 651 754 730; x_wconf 77' lang='lat' dir='ltr'><strong>bignisrcat</strong></span> <span class='ocrx_word' id='word_1_48' title='bbox 774 671 861 731; x_wconf 86' lang='lat' dir='ltr'><strong>ergo,</strong></span> <span class='ocrx_word' id='word_1_49' title='bbox 887 650 1124 710; x_wconf 83' lang='lat' dir='ltr'><strong>benedictionem</strong></span> <span class='ocrx_word' id='word_1_50' title='bbox 1144 649 1174 708; x_wconf 94' lang='lat' dir='ltr'><strong>in</strong></span> <span class='ocrx_word' id='word_1_51' title='bbox 1196 649 1318 726; x_wconf 63' lang='lat' dir='ltr'><strong>l4hristo</strong></span> 
     </span>
     <span class='ocr_line' id='line_1_7' title="bbox 198 724 1320 811; baseline -0.003 -21"><span class='ocrx_word' id='word_1_52' title='bbox 198 729 368 811; x_wconf 84' lang='lat' dir='ltr'>promissam</span> <span class='ocrx_word' id='word_1_53' title='bbox 395 750 455 788; x_wconf 89' lang='lat' dir='ltr'><strong>non</strong></span> <span class='ocrx_word' id='word_1_54' title='bbox 481 726 517 787; x_wconf 83' lang='lat' dir='ltr'><strong>ad</strong></span> <span class='ocrx_word' id='word_1_55' title='bbox 541 724 632 786; x_wconf 88' lang='lat' dir='ltr'><strong>solam</strong></span> <span class='ocrx_word' id='word_1_56' title='bbox 656 726 862 788; x_wconf 80' lang='lat' dir='ltr'><strong>tribumluda</strong></span> <span class='ocrx_word' id='word_1_57' title='bbox 885 739 1034 806; x_wconf 87' lang='lat' dir='ltr'><strong>spectare,</strong></span> <span class='ocrx_word' id='word_1_58' title='bbox 1057 728 1108 786; x_wconf 90' lang='lat' dir='ltr'><strong>sed</strong></span> <span class='ocrx_word' id='word_1_59' title='bbox 1133 746 1320 787; x_wconf 86' lang='lat' dir='ltr'><strong>communem</strong></span> 
     </span>
     <span class='ocr_line' id='line_1_8' title="bbox 201 799 1322 883; baseline -0.007 -15"><span class='ocrx_word' id='word_1_60' title='bbox 201 828 263 868; x_wconf 87' lang='lat' dir='ltr'><strong>esse</strong></span> <span class='ocrx_word' id='word_1_61' title='bbox 284 805 417 866; x_wconf 91' lang='lat' dir='ltr'><strong>omnibus</strong></span> <span class='ocrx_word' id='word_1_62' title='bbox 438 801 503 862; x_wconf 88' lang='lat' dir='ltr'><strong>filiis</strong></span> <span class='ocrx_word' id='word_1_63' title='bbox 521 802 630 875; x_wconf 83' lang='lat' dir='ltr'><strong>Iacob,</strong></span> <span class='ocrx_word' id='word_1_64' title='bbox 663 824 736 881; x_wconf 87' lang='lat' dir='ltr'><strong>quos</strong></span> <span class='ocrx_word' id='word_1_65' title='bbox 755 803 835 863; x_wconf 85' lang='lat' dir='ltr'><strong>Deus</strong></span> <span class='ocrx_word' id='word_1_66' title='bbox 860 805 888 862; x_wconf 91' lang='lat' dir='ltr'><strong>iu</strong></span> <span class='ocrx_word' id='word_1_67' title='bbox 910 804 1069 867; x_wconf 75' lang='lat' dir='ltr'><strong>Ecclesiam</strong></span> <span class='ocrx_word' id='word_1_68' title='bbox 1088 824 1167 864; x_wconf 91' lang='lat' dir='ltr'><strong>suam</strong></span> <span class='ocrx_word' id='word_1_69' title='bbox 1187 799 1322 883; x_wconf 80' lang='lat' dir='ltr'><strong>collegit,</strong></span> 
     </span>
     <span class='ocr_line' id='line_1_9' title="bbox 194 876 1160 964; baseline -0.003 -22"><span class='ocrx_word' id='word_1_70' title='bbox 194 881 291 964; x_wconf 78' lang='lat' dir='ltr'><strong>&#39;quum</strong></span> <span class='ocrx_word' id='word_1_71' title='bbox 310 879 413 941; x_wconf 90' lang='lat' dir='ltr'><strong>Ismael</strong></span> <span class='ocrx_word' id='word_1_72' title='bbox 434 893 463 940; x_wconf 91' lang='lat' dir='ltr'><strong>et</strong></span> <span class='ocrx_word' id='word_1_73' title='bbox 483 876 559 938; x_wconf 87' lang='lat' dir='ltr'><strong>Esau</strong></span> <span class='ocrx_word' id='word_1_74' title='bbox 580 877 647 938; x_wconf 89' lang='lat' dir='ltr'><strong>facti</strong></span> <span class='ocrx_word' id='word_1_75' title='bbox 667 891 763 938; x_wconf 88' lang='lat' dir='ltr'><strong>essent</strong></span> <span class='ocrx_word' id='word_1_76' title='bbox 783 879 920 941; x_wconf 84' lang='lat' dir='ltr'><strong>extranei.</strong></span> <span class='ocrx_word' id='word_1_77' title='bbox 1158 935 1160 942; x_wconf 64' lang='lat'><strong>.</strong></span> 
     </span>
     <span class='ocr_line' id='line_1_10' title="bbox 196 952 1322 1034; baseline -0.002 -19"><span class='ocrx_word' id='word_1_78' title='bbox 196 989 219 1025; x_wconf 73' lang='grc'><strong>·,</strong></span> <span class='ocrx_word' id='word_1_79' title='bbox 277 965 305 1023; x_wconf 89' lang='grc'><strong>3.</strong></span> <span class='ocrx_word' id='word_1_80' title='bbox 343 955 435 1016; x_wconf 74' lang='lat' dir='ltr'><strong>ludas</strong></span> <span class='ocrx_word' id='word_1_81' title='bbox 455 958 555 1030; x_wconf 79' lang='lat' dir='ltr'><strong>genuit</strong></span> <span class='ocrx_word' id='word_1_82' title='bbox 572 952 682 1014; x_wconf 82' lang='lat' dir='ltr'><strong>Pd&#39;ores</strong></span> <span class='ocrx_word' id='word_1_83' title='bbox 705 969 731 1013; x_wconf 83' lang='lat' dir='ltr'><strong>et</strong></span> <span class='ocrx_word' id='word_1_84' title='bbox 749 956 866 1014; x_wconf 81' lang='lat' dir='ltr'><strong>Zarom</strong></span> <span class='ocrx_word' id='word_1_85' title='bbox 890 979 905 1016; x_wconf 79' lang='lat' dir='ltr'><strong>e</strong></span> <span class='ocrx_word' id='word_1_86' title='bbox 927 953 1066 1018; x_wconf 76' lang='lat' dir='ltr'><strong>Thamar.</strong></span> <span class='ocrx_word' id='word_1_87' title='bbox 1110 956 1178 1016; x_wconf 88' lang='lat' dir='ltr'><strong>Hoc</strong></span> <span class='ocrx_word' id='word_1_88' title='bbox 1202 954 1322 1034; x_wconf 90' lang='lat' dir='ltr'><strong>praelu-</strong></span> 
     </span>
     <span class='ocr_line' id='line_1_11' title="bbox 197 1031 1323 1113; baseline -0.005 -18"><span class='ocrx_word' id='word_1_89' title='bbox 197 1035 280 1111; x_wconf 79' lang='lat' dir='ltr'><strong>dium</strong></span> <span class='ocrx_word' id='word_1_90' title='bbox 306 1035 361 1095; x_wconf 88' lang='lat' dir='ltr'><strong>fuit</strong></span> <span class='ocrx_word' id='word_1_91' title='bbox 381 1031 591 1106; x_wconf 79' lang='lat' dir='ltr'><strong>exinanitionis,</strong></span> <span class='ocrx_word' id='word_1_92' title='bbox 613 1032 648 1090; x_wconf 89' lang='lat' dir='ltr'><strong>dc</strong></span> <span class='ocrx_word' id='word_1_93' title='bbox 668 1053 725 1111; x_wconf 88' lang='lat' dir='ltr'><strong>qua</strong></span> <span class='ocrx_word' id='word_1_94' title='bbox 744 1031 874 1112; x_wconf 90' lang='lat' dir='ltr'><strong>loquitur</strong></span> <span class='ocrx_word' id='word_1_95' title='bbox 893 1033 999 1094; x_wconf 88' lang='lat' dir='ltr'><strong>Paulus</strong></span> <span class='ocrx_word' id='word_1_96' title='bbox 1018 1032 1108 1113; x_wconf 87' lang='lat' dir='ltr'><strong>(Phil.</strong></span> <span class='ocrx_word' id='word_1_97' title='bbox 1120 1041 1149 1105; x_wconf 81' lang='lat'><strong>2,</strong></span> <span class='ocrx_word' id='word_1_98' title='bbox 1168 1033 1220 1105; x_wconf 84' lang='grc'>7.).</span> <span class='ocrx_word' id='word_1_99' title='bbox 1258 1032 1323 1090; x_wconf 83' lang='grc' dir='ltr'><strong>Ρο-</strong></span> 
     </span>
     <span class='ocr_line' id='line_1_12' title="bbox 175 1107 1324 1195; baseline -0.006 -21"><span class='ocrx_word' id='word_1_100' title='bbox 175 1182 179 1195; x_wconf 43' lang='lat'>‚</span> <span class='ocrx_word' id='word_1_101' title='bbox 200 1125 278 1174; x_wconf 87' lang='lat' dir='ltr'><strong>terat</strong></span> <span class='ocrx_word' id='word_1_102' title='bbox 296 1110 385 1174; x_wconf 87' lang='lat' dir='ltr'><strong>Filius</strong></span> <span class='ocrx_word' id='word_1_103' title='bbox 405 1107 463 1166; x_wconf 89' lang='lat' dir='ltr'><strong>Dei</strong></span> <span class='ocrx_word' id='word_1_104' title='bbox 487 1127 579 1188; x_wconf 88' lang='lat' dir='ltr'><strong>genus</strong></span> <span class='ocrx_word' id='word_1_105' title='bbox 602 1129 685 1168; x_wconf 91' lang='lat' dir='ltr'><strong>suum</strong></span> <span class='ocrx_word' id='word_1_106' title='bbox 704 1109 833 1168; x_wconf 86' lang='lat' dir='ltr'><strong>immune</strong></span> <span class='ocrx_word' id='word_1_107' title='bbox 856 1130 1021 1190; x_wconf 90' lang='lat' dir='ltr'><strong>purumque</strong></span> <span class='ocrx_word' id='word_1_108' title='bbox 1042 1128 1159 1171; x_wconf 87' lang='lat' dir='ltr'><strong>servare</strong></span> <span class='ocrx_word' id='word_1_109' title='bbox 1181 1108 1218 1168; x_wconf 88' lang='lat' dir='ltr'><strong>ab</strong></span> <span class='ocrx_word' id='word_1_110' title='bbox 1240 1107 1324 1168; x_wconf 92' lang='lat' dir='ltr'><strong>omoi</strong></span> 
     </span>
     <span class='ocr_line' id='line_1_13' title="bbox 144 1183 1324 1274; baseline -0.008 -21"><span class='ocrx_word' id='word_1_111' title='bbox 144 1217 158 1236; x_wconf 65' lang='lat' dir='ltr'><strong>r</strong></span> <span class='ocrx_word' id='word_1_112' title='bbox 200 1192 314 1274; x_wconf 84' lang='lat' dir='ltr'><strong>flagitio</strong></span> <span class='ocrx_word' id='word_1_113' title='bbox 335 1200 364 1247; x_wconf 88' lang='lat' dir='ltr'><strong>et</strong></span> <span class='ocrx_word' id='word_1_114' title='bbox 384 1184 482 1244; x_wconf 84' lang='lat' dir='ltr'><strong>infami</strong></span> <span class='ocrx_word' id='word_1_115' title='bbox 503 1195 583 1258; x_wconf 90' lang='lat' dir='ltr'><strong>nota,</strong></span> <span class='ocrx_word' id='word_1_116' title='bbox 602 1183 654 1243; x_wconf 86' lang='lat' dir='ltr'><strong>sed</strong></span> <span class='ocrx_word' id='word_1_117' title='bbox 673 1185 704 1244; x_wconf 89' lang='lat' dir='ltr'><strong>in</strong></span> <span class='ocrx_word' id='word_1_118' title='bbox 724 1185 863 1245; x_wconf 90' lang='lat' dir='ltr'><strong>muudum</strong></span> <span class='ocrx_word' id='word_1_119' title='bbox 875 1188 1004 1262; x_wconf 83' lang='lat' dir='ltr'><strong>veniens,</strong></span> <span class='ocrx_word' id='word_1_120' title='bbox 1023 1199 1097 1248; x_wconf 85' lang='lat' dir='ltr'><strong>utse</strong></span> <span class='ocrx_word' id='word_1_121' title='bbox 1109 1187 1203 1265; x_wconf 87' lang='lat' dir='ltr'><strong>ipsum</strong></span> <span class='ocrx_word' id='word_1_122' title='bbox 1223 1185 1324 1244; x_wconf 81' lang='lat' dir='ltr'><strong>exina-</strong></span> 
     </span>
     <span class='ocr_line' id='line_1_14' title="bbox 195 1259 1324 1340; baseline -0.007 -12"><span class='ocrx_word' id='word_1_123' title='bbox 195 1259 280 1334; x_wconf 69' lang='lat' dir='ltr'><strong>&#39;niret</strong></span> <span class='ocrx_word' id='word_1_124' title='bbox 300 1278 329 1326; x_wconf 90' lang='lat' dir='ltr'><strong>et</strong></span> <span class='ocrx_word' id='word_1_125' title='bbox 348 1273 465 1340; x_wconf 89' lang='lat' dir='ltr'><strong>accepta</strong></span> <span class='ocrx_word' id='word_1_126' title='bbox 485 1262 559 1320; x_wconf 87' lang='lat' dir='ltr'><strong>servi</strong></span> <span class='ocrx_word' id='word_1_127' title='bbox 585 1260 679 1322; x_wconf 85' lang='lat' dir='ltr'><strong>forma</strong></span> <span class='ocrx_word' id='word_1_128' title='bbox 698 1261 783 1322; x_wconf 88' lang='lat' dir='ltr'><strong>lieret</strong></span> <span class='ocrx_word' id='word_1_129' title='bbox 799 1265 920 1336; x_wconf 88' lang='lat' dir='ltr'><strong>vermis,</strong></span> <span class='ocrx_word' id='word_1_130' title='bbox 946 1275 976 1323; x_wconf 89' lang='lat' dir='ltr'><strong>et</strong></span> <span class='ocrx_word' id='word_1_131' title='bbox 995 1285 1056 1326; x_wconf 88' lang='lat' dir='ltr'><strong>non</strong></span> <span class='ocrx_word' id='word_1_132' title='bbox 1076 1263 1181 1335; x_wconf 91' lang='lat' dir='ltr'><strong>bomo,</strong></span> <span class='ocrx_word' id='word_1_133' title='bbox 1210 1282 1324 1340; x_wconf 83' lang='lat' dir='ltr'><strong>oppro-</strong></span> 
     </span>
     <span class='ocr_line' id='line_1_15' title="bbox 201 1336 1325 1420; baseline -0.008 -16"><span class='ocrx_word' id='word_1_134' title='bbox 201 1345 299 1420; x_wconf 84' lang='lat' dir='ltr'><strong>brium</strong></span> <span class='ocrx_word' id='word_1_135' title='bbox 325 1339 492 1410; x_wconf 89' lang='lat' dir='ltr'><strong>bominum,</strong></span> <span class='ocrx_word' id='word_1_136' title='bbox 523 1348 553 1396; x_wconf 90' lang='lat' dir='ltr'><strong>et</strong></span> <span class='ocrx_word' id='word_1_137' title='bbox 578 1336 730 1417; x_wconf 90' lang='lat' dir='ltr'><strong>despectus</strong></span> <span class='ocrx_word' id='word_1_138' title='bbox 755 1336 849 1416; x_wconf 79' lang='lat' dir='ltr'><strong>plebIs</strong></span> <span class='ocrx_word' id='word_1_139' title='bbox 875 1339 964 1418; x_wconf 86' lang='lat' dir='ltr'><strong>(Psal.</strong></span> <span class='ocrx_word' id='word_1_140' title='bbox 984 1346 1038 1415; x_wconf 80' lang='grc'><strong>22,</strong></span> <span class='ocrx_word' id='word_1_141' title='bbox 1058 1344 1115 1417; x_wconf 63' lang='grc'>7.),</span> <span class='ocrx_word' id='word_1_142' title='bbox 1140 1338 1325 1416; x_wconf 78' lang='lat' dir='ltr'><strong>¹tandemque</strong></span> 
     </span>
     <span class='ocr_line' id='line_1_16' title="bbox 179 1412 1326 1504; baseline -0.01 -21"><span class='ocrx_word' id='word_1_143' title='bbox 179 1418 384 1490; x_wconf 74' lang='lat' dir='ltr'><strong>‘maledictam</strong></span> <span class='ocrx_word' id='word_1_144' title='bbox 404 1412 505 1504; x_wconf 64' lang='lat' dir='ltr'><strong>crucis⁹</strong></span> <span class='ocrx_word' id='word_1_145' title='bbox 516 1425 641 1474; x_wconf 87' lang='lat' dir='ltr'><strong>mortem</strong></span> <span class='ocrx_word' id='word_1_146' title='bbox 660 1413 783 1489; x_wconf 86' lang='lat' dir='ltr'><strong>subiret,</strong></span> <span class='ocrx_word' id='word_1_147' title='bbox 803 1412 861 1476; x_wconf 89' lang='lat' dir='ltr'><strong>boe</strong></span> <span class='ocrx_word' id='word_1_148' title='bbox 880 1417 967 1476; x_wconf 83' lang='lat' dir='ltr'><strong>etiam</strong></span> <span class='ocrx_word' id='word_1_149' title='bbox 985 1416 1127 1495; x_wconf 78' lang='lat' dir='ltr'><strong>probrum</strong></span> <span class='ocrx_word' id='word_1_150' title='bbox 1147 1416 1178 1474; x_wconf 86' lang='lat' dir='ltr'><strong>in</strong></span> <span class='ocrx_word' id='word_1_151' title='bbox 1196 1435 1250 1474; x_wconf 88' lang='lat' dir='ltr'><strong>suo</strong></span> <span class='ocrx_word' id='word_1_152' title='bbox 1271 1434 1326 1494; x_wconf 91' lang='lat' dir='ltr'><strong>ge-</strong></span> 
     </span>
     <span class='ocr_line' id='line_1_17' title="bbox 201 1489 1326 1570; baseline -0.007 -12"><span class='ocrx_word' id='word_1_153' title='bbox 201 1503 275 1558; x_wconf 74' lang='lat' dir='ltr'><strong>nere</strong></span> <span class='ocrx_word' id='word_1_154' title='bbox 295 1514 356 1553; x_wconf 92' lang='lat' dir='ltr'><strong>non</strong></span> <span class='ocrx_word' id='word_1_155' title='bbox 375 1501 532 1564; x_wconf 82' lang='lat' dir='ltr'><strong>recusavit,</strong></span> <span class='ocrx_word' id='word_1_156' title='bbox 552 1502 585 1550; x_wconf 91' lang='lat' dir='ltr'><strong>ut</strong></span> <span class='ocrx_word' id='word_1_157' title='bbox 604 1509 638 1549; x_wconf 85' lang='lat' dir='ltr'><strong>ex</strong></span> <span class='ocrx_word' id='word_1_158' title='bbox 656 1489 768 1550; x_wconf 90' lang='lat' dir='ltr'><strong>incesto</strong></span> <span class='ocrx_word' id='word_1_159' title='bbox 789 1492 950 1554; x_wconf 87' lang='lat' dir='ltr'><strong>concubitu</strong></span> <span class='ocrx_word' id='word_1_160' title='bbox 969 1505 1153 1566; x_wconf 87' lang='lat' dir='ltr'><strong>nasceretur,</strong></span> <span class='ocrx_word' id='word_1_161' title='bbox 1176 1492 1226 1570; x_wconf 92' lang='lat' dir='ltr'><strong>qui</strong></span> <span class='ocrx_word' id='word_1_162' title='bbox 1245 1493 1326 1550; x_wconf 88' lang='lat' dir='ltr'><strong>inter</strong></span> 
     </span>
     <span class='ocr_line' id='line_1_18' title="bbox 204 1567 1326 1646; baseline -0.007 -12"><span class='ocrx_word' id='word_1_163' title='bbox 204 1576 265 1634; x_wconf 90' lang='lat' dir='ltr'><strong>eius</strong></span> <span class='ocrx_word' id='word_1_164' title='bbox 290 1569 415 1629; x_wconf 88' lang='lat' dir='ltr'><strong>maiores</strong></span> <span class='ocrx_word' id='word_1_165' title='bbox 441 1567 554 1628; x_wconf 88' lang='lat' dir='ltr'><strong>futurus</strong></span> <span class='ocrx_word' id='word_1_166' title='bbox 580 1579 650 1626; x_wconf 90' lang='lat' dir='ltr'><strong>erat.</strong></span> <span class='ocrx_word' id='word_1_167' title='bbox 696 1569 770 1626; x_wconf 90' lang='lat' dir='ltr'><strong>Nam</strong></span> <span class='ocrx_word' id='word_1_168' title='bbox 802 1568 856 1628; x_wconf 85' lang='lat' dir='ltr'><strong>etsi</strong></span> <span class='ocrx_word' id='word_1_169' title='bbox 887 1590 946 1628; x_wconf 92' lang='lat' dir='ltr'><strong>nou</strong></span> <span class='ocrx_word' id='word_1_170' title='bbox 975 1569 1096 1630; x_wconf 90' lang='lat' dir='ltr'><strong>libidine</strong></span> <span class='ocrx_word' id='word_1_171' title='bbox 1120 1567 1242 1646; x_wconf 89' lang='lat' dir='ltr'><strong>impulsa</strong></span> <span class='ocrx_word' id='word_1_172' title='bbox 1267 1567 1326 1626; x_wconf 85' lang='lat' dir='ltr'><strong>fuit</strong></span> 
     </span>
     <span class='ocr_line' id='line_1_19' title="bbox 203 1641 1326 1722; baseline -0.007 -12"><span class='ocrx_word' id='word_1_173' title='bbox 203 1641 347 1722; x_wconf 79' lang='lat' dir='ltr'>Thamar,</span> <span class='ocrx_word' id='word_1_174' title='bbox 376 1656 410 1718; x_wconf 81' lang='lat' dir='ltr'><strong>pt</strong></span> <span class='ocrx_word' id='word_1_175' title='bbox 427 1644 523 1705; x_wconf 90' lang='lat' dir='ltr'><strong>soceri</strong></span> <span class='ocrx_word' id='word_1_176' title='bbox 542 1647 651 1704; x_wconf 91' lang='lat' dir='ltr'><strong>coitum</strong></span> <span class='ocrx_word' id='word_1_177' title='bbox 671 1655 834 1722; x_wconf 84' lang='lat' dir='ltr'><strong>expeteret,</strong></span> <span class='ocrx_word' id='word_1_178' title='bbox 865 1643 969 1706; x_wconf 84' lang='lat' dir='ltr'><strong>illicito</strong></span> <span class='ocrx_word' id='word_1_179' title='bbox 993 1658 1091 1706; x_wconf 89' lang='lat' dir='ltr'><strong>tamen</strong></span> <span class='ocrx_word' id='word_1_180' title='bbox 1115 1645 1204 1706; x_wconf 91' lang='lat' dir='ltr'><strong>modo</strong></span> <span class='ocrx_word' id='word_1_181' title='bbox 1224 1642 1326 1703; x_wconf 87' lang='lat' dir='ltr'><strong>ulcisci</strong></span> 
     </span>
     <span class='ocr_line' id='line_1_20' title="bbox 203 1718 1325 1800; baseline -0.009 -15"><span class='ocrx_word' id='word_1_182' title='bbox 203 1725 329 1800; x_wconf 79' lang='lat' dir='ltr'><strong>tentavit</strong></span> <span class='ocrx_word' id='word_1_183' title='bbox 346 1741 425 1783; x_wconf 89' lang='lat' dir='ltr'><strong>suam</strong></span> <span class='ocrx_word' id='word_1_184' title='bbox 439 1721 581 1780; x_wconf 88' lang='lat' dir='ltr'><strong>iniuriam.</strong></span> <span class='ocrx_word' id='word_1_185' title='bbox 619 1718 705 1779; x_wconf 89' lang='lat' dir='ltr'><strong>Iudas</strong></span> <span class='ocrx_word' id='word_1_186' title='bbox 718 1731 814 1783; x_wconf 87' lang='lat' dir='ltr'><strong>autem</strong></span> <span class='ocrx_word' id='word_1_187' title='bbox 828 1742 915 1800; x_wconf 84' lang='lat' dir='ltr'><strong>quum</strong></span> <span class='ocrx_word' id='word_1_188' title='bbox 927 1723 1050 1787; x_wconf 87' lang='lat' dir='ltr'><strong>scortari</strong></span> <span class='ocrx_word' id='word_1_189' title='bbox 1061 1719 1158 1794; x_wconf 84' lang='lat' dir='ltr'><strong>vellet,</strong></span> <span class='ocrx_word' id='word_1_190' title='bbox 1177 1721 1207 1780; x_wconf 91' lang='lat' dir='ltr'><strong>in</strong></span> <span class='ocrx_word' id='word_1_191' title='bbox 1219 1741 1325 1778; x_wconf 91' lang='lat' dir='ltr'><strong>nurum</strong></span> 
     </span>
     <span class='ocr_line' id='line_1_21' title="bbox 201 1795 1326 1931; baseline -0.007 -67"><span class='ocrx_word' id='word_1_192' title='bbox 201 1823 285 1864; x_wconf 83' lang='lat' dir='ltr'><strong>suam</strong></span> <span class='ocrx_word' id='word_1_193' title='bbox 304 1800 415 1862; x_wconf 89' lang='lat' dir='ltr'><strong>incidit.</strong></span> <span class='ocrx_word' id='word_1_194' title='bbox 452 1797 544 1931; x_wconf 68' lang='lat' dir='ltr'><strong>Atgui</strong></span> <span class='ocrx_word' id='word_1_195' title='bbox 564 1818 629 1856; x_wconf 90' lang='lat' dir='ltr'><strong>cum</strong></span> <span class='ocrx_word' id='word_1_196' title='bbox 649 1797 798 1874; x_wconf 89' lang='lat' dir='ltr'><strong>utriusque</strong></span> <span class='ocrx_word' id='word_1_197' title='bbox 816 1809 938 1876; x_wconf 87' lang='lat' dir='ltr'><strong>peccato</strong></span> <span class='ocrx_word' id='word_1_198' title='bbox 952 1802 1082 1860; x_wconf 82' lang='lat' dir='ltr'><strong>certarit·</strong></span> <span class='ocrx_word' id='word_1_199' title='bbox 1091 1795 1326 1878; x_wconf 85' lang='lat' dir='ltr'><strong>incomparabilis</strong></span> 
     </span>
    </p>
   </div>
   <div class='ocr_carea' id='block_1_5' title="bbox 61 1872 1325 1958">
    <p class='ocr_par' dir='ltr' id='par_1_5' title="bbox 61 1872 1325 1958">
     <span class='ocr_line' id='line_1_22' title="bbox 61 1872 1325 1958; baseline -0.004 -24"><span class='ocrx_word' id='word_1_200' title='bbox 61 1927 64 1934; x_wconf 80' lang='grc'>,</span> <span class='ocrx_word' id='word_1_201' title='bbox 170 1947 174 1958; x_wconf 43' lang='grc'><strong>,</strong></span> <span class='ocrx_word' id='word_1_202' title='bbox 203 1879 263 1948; x_wconf 83' lang='lat' dir='ltr'><strong>Dei</strong></span> <span class='ocrx_word' id='word_1_203' title='bbox 282 1877 407 1947; x_wconf 91' lang='lat' dir='ltr'><strong>bonitas,</strong></span> <span class='ocrx_word' id='word_1_204' title='bbox 427 1885 488 1932; x_wconf 91' lang='lat' dir='ltr'><strong>uta</strong></span> <span class='ocrx_word' id='word_1_205' title='bbox 509 1872 633 1930; x_wconf 91' lang='lat' dir='ltr'><strong>ulterum</strong></span> <span class='ocrx_word' id='word_1_206' title='bbox 655 1873 949 1955; x_wconf 83' lang='lat' dir='ltr'><strong>hocsemeusceptro</strong></span> <span class='ocrx_word' id='word_1_207' title='bbox 967 1875 1155 1940; x_wconf 84' lang='lat' dir='ltr'><strong>nihilominus</strong></span> <span class='ocrx_word' id='word_1_208' title='bbox 1171 1873 1325 1952; x_wconf 88' lang='lat' dir='ltr'><strong>potiretur.</strong></span> 
     </span>
    </p>
   </div>
   <div class='ocr_carea' id='block_1_6' title="bbox 200 1947 1404 2186">
    <p class='ocr_par' dir='ltr' id='par_1_6' title="bbox 200 1947 1404 2186">
     <span class='ocr_line' id='line_1_23' title="bbox 202 1947 1404 2034; baseline -0.003 -22"><span class='ocrx_word' id='word_1_209' title='bbox 202 2001 235 2034; x_wconf 24' lang='grc' dir='ltr'><strong>ι,</strong></span> <span class='ocrx_word' id='word_1_210' title='bbox 282 1961 310 2018; x_wconf 91' lang='grc'><strong>6.</strong></span> <span class='ocrx_word' id='word_1_211' title='bbox 351 1953 457 2012; x_wconf 77' lang='lat' dir='ltr'><strong>Gerruz&#39;t</strong></span> <span class='ocrx_word' id='word_1_212' title='bbox 477 1947 581 2010; x_wconf 82' lang='lat' dir='ltr'><strong>David</strong></span> <span class='ocrx_word' id='word_1_213' title='bbox 597 1947 715 2024; x_wconf 82' lang='lat' dir='ltr'><strong>Regem.</strong></span> <span class='ocrx_word' id='word_1_214' title='bbox 761 1947 892 2011; x_wconf 82' lang='lat' dir='ltr'><strong>Ornatur</strong></span> <span class='ocrx_word' id='word_1_215' title='bbox 911 1951 989 2012; x_wconf 89' lang='lat' dir='ltr'><strong>solus</strong></span> <span class='ocrx_word' id='word_1_216' title='bbox 1013 1951 1107 2012; x_wconf 84' lang='lat' dir='ltr'><strong>David</strong></span> <span class='ocrx_word' id='word_1_217' title='bbox 1134 1951 1191 2010; x_wconf 92' lang='lat' dir='ltr'><strong>hoc</strong></span> <span class='ocrx_word' id='word_1_218' title='bbox 1214 1948 1325 2028; x_wconf 89' lang='lat' dir='ltr'><strong>elogio,</strong></span> <span class='ocrx_word' id='word_1_219' title='bbox 1403 1991 1404 2008; x_wconf 67' lang='lat'><strong>.</strong></span> 
     </span>
     <span class='ocr_line' id='line_1_24' title="bbox 200 2024 1325 2108; baseline -0.007 -16"><span class='ocrx_word' id='word_1_220' title='bbox 200 2034 204 2046; x_wconf 80' lang='grc'><strong>“</strong></span> <span class='ocrx_word' id='word_1_221' title='bbox 228 2032 274 2092; x_wconf 87' lang='lat' dir='ltr'><strong>uia</strong></span> <span class='ocrx_word' id='word_1_222' title='bbox 294 2033 322 2090; x_wconf 90' lang='lat' dir='ltr'><strong>iu</strong></span> <span class='ocrx_word' id='word_1_223' title='bbox 344 2030 404 2088; x_wconf 88' lang='lat' dir='ltr'><strong>eius</strong></span> <span class='ocrx_word' id='word_1_224' title='bbox 424 2047 550 2107; x_wconf 88' lang='lat' dir='ltr'><strong>persona</strong></span> <span class='ocrx_word' id='word_1_225' title='bbox 571 2027 691 2085; x_wconf 88' lang='lat' dir='ltr'><strong>Messiae</strong></span> <span class='ocrx_word' id='word_1_226' title='bbox 716 2024 806 2084; x_wconf 90' lang='lat' dir='ltr'><strong>futuri</strong></span> <span class='ocrx_word' id='word_1_227' title='bbox 832 2027 912 2088; x_wconf 91' lang='lat' dir='ltr'><strong>ducis</strong></span> <span class='ocrx_word' id='word_1_228' title='bbox 935 2040 1037 2108; x_wconf 89' lang='lat' dir='ltr'><strong>typum</strong></span> <span class='ocrx_word' id='word_1_229' title='bbox 1057 2029 1138 2088; x_wconf 86' lang='lat' dir='ltr'><strong>Deus</strong></span> <span class='ocrx_word' id='word_1_230' title='bbox 1156 2048 1216 2106; x_wconf 87' lang='lat' dir='ltr'><strong>pro</strong></span> <span class='ocrx_word' id='word_1_231' title='bbox 1239 2025 1325 2084; x_wconf 82' lang='lat' dir='ltr'><strong>osuit.</strong></span> 
     </span>
     <span class='ocr_line' id='line_1_25' title="bbox 205 2048 1327 2186; baseline -0.005 -18"><span class='ocrx_word' id='word_1_232' title='bbox 205 2055 291 2174; x_wconf 55' lang='lat' dir='ltr'><strong>lmus</strong></span> <span class='ocrx_word' id='word_1_233' title='bbox 311 2107 428 2186; x_wconf 87' lang='lat' dir='ltr'><strong>quidem</strong></span> <span class='ocrx_word' id='word_1_234' title='bbox 448 2124 570 2186; x_wconf 86' lang='lat' dir='ltr'><strong>regnum</strong></span> <span class='ocrx_word' id='word_1_235' title='bbox 591 2113 731 2182; x_wconf 86' lang='lat' dir='ltr'><strong>coeperat</strong></span> <span class='ocrx_word' id='word_1_236' title='bbox 750 2123 766 2161; x_wconf 88' lang='lat' dir='ltr'><strong>a</strong></span> <span class='ocrx_word' id='word_1_237' title='bbox 787 2102 891 2179; x_wconf 84' lang='lat' dir='ltr'><strong>Saule,</strong></span> <span class='ocrx_word' id='word_1_238' title='bbox 916 2105 967 2164; x_wconf 88' lang='lat' dir='ltr'><strong>sed</strong></span> <span class='ocrx_word' id='word_1_239' title='bbox 988 2107 1054 2185; x_wconf 92' lang='lat' dir='ltr'><strong>quia</strong></span> <span class='ocrx_word' id='word_1_240' title='bbox 1073 2104 1199 2166; x_wconf 89' lang='lat' dir='ltr'><strong>tumultu</strong></span> <span class='ocrx_word' id='word_1_241' title='bbox 1219 2048 1274 2161; x_wconf 78' lang='lat' dir='ltr'><strong>hoe</strong></span> <span class='ocrx_word' id='word_1_242' title='bbox 1296 2113 1327 2162; x_wconf 85' lang='lat' dir='ltr'><strong>ct</strong></span> 
     </span>
    </p>
   </div>
   <div class='ocr_carea' id='block_1_7' title="bbox 203 2178 1404 2407">
    <p class='ocr_par' dir='ltr' id='par_1_7' title="bbox 203 2178 1404 2407">
     <span class='ocr_line' id='line_1_26' title="bbox 205 2178 1404 2266; baseline -0.012 -18"><span class='ocrx_word' id='word_1_243' title='bbox 205 2185 348 2266; x_wconf 71' lang='lat' dir='ltr'><strong>improbis</strong></span> <span class='ocrx_word' id='word_1_244' title='bbox 368 2181 470 2262; x_wconf 92' lang='lat' dir='ltr'><strong>populi</strong></span> <span class='ocrx_word' id='word_1_245' title='bbox 489 2179 563 2240; x_wconf 90' lang='lat' dir='ltr'><strong>votis</strong></span> <span class='ocrx_word' id='word_1_246' title='bbox 583 2181 756 2260; x_wconf 77' lang='lat' dir='ltr'><strong>contigerat,</strong></span> <span class='ocrx_word' id='word_1_247' title='bbox 776 2192 912 2254; x_wconf 84' lang='lat' dir='ltr'><strong>censetur</strong></span> <span class='ocrx_word' id='word_1_248' title='bbox 931 2183 1046 2241; x_wconf 89' lang='lat' dir='ltr'><strong>demum</strong></span> <span class='ocrx_word' id='word_1_249' title='bbox 1066 2179 1194 2262; x_wconf 87' lang='lat' dir='ltr'><strong>legitima</strong></span> <span class='ocrx_word' id='word_1_250' title='bbox 1213 2179 1244 2238; x_wconf 90' lang='lat' dir='ltr'><strong>in</strong></span> <span class='ocrx_word' id='word_1_251' title='bbox 1264 2178 1326 2236; x_wconf 87' lang='lat' dir='ltr'><strong>Da·</strong></span> <span class='ocrx_word' id='word_1_252' title='bbox 1403 2181 1404 2224; x_wconf 60' lang='lat' dir='ltr'><strong>t</strong></span> 
     </span>
     <span class='ocr_line' id='line_1_27' title="bbox 203 2255 1404 2407; baseline -0.009 -82"><span class='ocrx_word' id='word_1_253' title='bbox 203 2267 274 2338; x_wconf 78' lang='lat' dir='ltr'><strong>¹vide</strong></span> <span class='ocrx_word' id='word_1_254' title='bbox 293 2261 426 2331; x_wconf 87' lang='lat' dir='ltr'><strong>mutatio,</strong></span> <span class='ocrx_word' id='word_1_255' title='bbox 445 2260 615 2340; x_wconf 85' lang='lat' dir='ltr'><strong>praesertim</strong></span> <span class='ocrx_word' id='word_1_256' title='bbox 635 2267 773 2336; x_wconf 90' lang='lat' dir='ltr'><strong>quantum</strong></span> <span class='ocrx_word' id='word_1_257' title='bbox 794 2256 897 2316; x_wconf 88' lang='lat' dir='ltr'><strong>adDei</strong></span> <span class='ocrx_word' id='word_1_258' title='bbox 916 2257 1031 2336; x_wconf 88' lang='lat' dir='ltr'><strong>foedus,</strong></span> <span class='ocrx_word' id='word_1_259' title='bbox 1050 2259 1081 2319; x_wconf 92' lang='lat' dir='ltr'><strong>in</strong></span> <span class='ocrx_word' id='word_1_260' title='bbox 1099 2278 1159 2407; x_wconf 62' lang='lat' dir='ltr'><strong>guo</strong></span> <span class='ocrx_word' id='word_1_261' title='bbox 1181 2255 1325 2337; x_wconf 83' lang='lat' dir='ltr'><strong>pollicitus</strong></span> <span class='ocrx_word' id='word_1_262' title='bbox 1403 2279 1404 2294; x_wconf 57' lang='lat'>¹</span> 
     </span>
    </p>
   </div>
   <div class='ocr_carea' id='block_1_8' title="bbox 205 2332 1403 3184">
    <p class='ocr_par' dir='ltr' id='par_1_8' title="bbox 205 2332 1403 3184">
     <span class='ocr_line' id='line_1_28' title="bbox 206 2332 1327 2415; baseline -0.015 -9"><span class='ocrx_word' id='word_1_263' title='bbox 206 2343 318 2414; x_wconf 80' lang='lat' dir='ltr'><strong>fuerat„</strong></span> <span class='ocrx_word' id='word_1_264' title='bbox 348 2358 378 2398; x_wconf 89' lang='lat' dir='ltr'><strong>se</strong></span> <span class='ocrx_word' id='word_1_265' title='bbox 403 2348 554 2396; x_wconf 89' lang='lat' dir='ltr'><strong>aeternum</strong></span> <span class='ocrx_word' id='word_1_266' title='bbox 578 2332 642 2393; x_wconf 92' lang='lat' dir='ltr'><strong>fore</strong></span> <span class='ocrx_word' id='word_1_267' title='bbox 668 2353 786 2393; x_wconf 91' lang='lat' dir='ltr'><strong>suornm</strong></span> <span class='ocrx_word' id='word_1_268' title='bbox 812 2333 1048 2415; x_wconf 70' lang='lat' dir='ltr'><strong>gubernatorem.</strong></span> <span class='ocrx_word' id='word_1_269' title='bbox 1133 2355 1200 2394; x_wconf 90' lang='lat' dir='ltr'><strong>num</strong></span> <span class='ocrx_word' id='word_1_270' title='bbox 1229 2343 1327 2392; x_wconf 87' lang='lat' dir='ltr'><strong>autem</strong></span> 
     </span>
     <span class='ocr_line' id='line_1_29' title="bbox 206 2408 1326 2502; baseline -0.012 -24"><span class='ocrx_word' id='word_1_271' title='bbox 206 2442 248 2502; x_wconf 83' lang='lat' dir='ltr'><strong>po</strong></span> <span class='ocrx_word' id='word_1_272' title='bbox 271 2419 334 2477; x_wconf 91' lang='lat' dir='ltr'><strong>ulus</strong></span> <span class='ocrx_word' id='word_1_273' title='bbox 354 2433 472 2488; x_wconf 61' lang='lat' dir='ltr'><strong>excusso</strong></span> <span class='ocrx_word' id='word_1_274' title='bbox 492 2409 551 2470; x_wconf 89' lang='lat' dir='ltr'><strong>Dei</strong></span> <span class='ocrx_word' id='word_1_275' title='bbox 575 2412 645 2492; x_wconf 88' lang='lat' dir='ltr'><strong>iugo</strong></span> <span class='ocrx_word' id='word_1_276' title='bbox 669 2408 827 2474; x_wconf 82' lang='lat' dir='ltr'><strong>infeliciter</strong></span> <span class='ocrx_word' id='word_1_277' title='bbox 852 2431 885 2470; x_wconf 91' lang='lat' dir='ltr'><strong>ac</strong></span> <span class='ocrx_word' id='word_1_278' title='bbox 905 2411 1044 2477; x_wconf 84' lang='lat' dir='ltr'><strong>damnatis</strong></span> <span class='ocrx_word' id='word_1_279' title='bbox 1069 2409 1202 2490; x_wconf 85' lang='lat' dir='ltr'><strong>auspiciis</strong></span> <span class='ocrx_word' id='word_1_280' title='bbox 1226 2428 1326 2488; x_wconf 87' lang='lat' dir='ltr'><strong>regem</strong></span> 
     </span>
     <span class='ocr_line' id='line_1_30' title="bbox 205 2485 1403 2576; baseline -0.013 -17"><span class='ocrx_word' id='word_1_281' title='bbox 205 2498 263 2559; x_wconf 82' lang='lat' dir='ltr'><strong>sibi</strong></span> <span class='ocrx_word' id='word_1_282' title='bbox 287 2491 461 2576; x_wconf 88' lang='lat' dir='ltr'><strong>postulasset</strong></span> <span class='ocrx_word' id='word_1_283' title='bbox 486 2487 525 2566; x_wconf 87' lang='lat' dir='ltr'><strong>(l.</strong></span> <span class='ocrx_word' id='word_1_284' title='bbox 545 2485 623 2548; x_wconf 87' lang='lat' dir='ltr'><strong>Sam.</strong></span> <span class='ocrx_word' id='word_1_285' title='bbox 642 2491 671 2561; x_wconf 89' lang='lat'><strong>8,</strong></span> <span class='ocrx_word' id='word_1_286' title='bbox 691 2487 748 2562; x_wconf 86' lang='lat'><strong>5.),</strong></span> <span class='ocrx_word' id='word_1_287' title='bbox 779 2503 932 2560; x_wconf 80' lang='lat' dir='ltr'><strong>concessus</strong></span> <span class='ocrx_word' id='word_1_288' title='bbox 962 2499 1004 2548; x_wconf 87' lang='lat' dir='ltr'><strong>est</strong></span> <span class='ocrx_word' id='word_1_289' title='bbox 1027 2488 1096 2547; x_wconf 89' lang='lat' dir='ltr'><strong>Saul</strong></span> <span class='ocrx_word' id='word_1_290' title='bbox 1126 2487 1162 2548; x_wconf 94' lang='lat' dir='ltr'><strong>ad</strong></span> <span class='ocrx_word' id='word_1_291' title='bbox 1194 2485 1325 2566; x_wconf 83' lang='lat' dir='ltr'><strong>exiguum</strong></span> <span class='ocrx_word' id='word_1_292' title='bbox 1402 2553 1403 2570; x_wconf 13' lang='grc' dir='ltr'>χ</span> 
     </span>
     <span class='ocr_line' id='line_1_31' title="bbox 207 2560 1326 2651; baseline -0.01 -18"><span class='ocrx_word' id='word_1_293' title='bbox 207 2587 332 2651; x_wconf 85' lang='lat' dir='ltr'><strong>tempus.</strong></span> <span class='ocrx_word' id='word_1_294' title='bbox 371 2567 432 2627; x_wconf 85' lang='lat' dir='ltr'><strong>sed</strong></span> <span class='ocrx_word' id='word_1_295' title='bbox 451 2566 532 2625; x_wconf 88' lang='lat' dir='ltr'><strong>Deus</strong></span> <span class='ocrx_word' id='word_1_296' title='bbox 551 2565 646 2624; x_wconf 89' lang='lat' dir='ltr'><strong>statim</strong></span> <span class='ocrx_word' id='word_1_297' title='bbox 668 2584 791 2643; x_wconf 91' lang='lat' dir='ltr'><strong>regnum</strong></span> <span class='ocrx_word' id='word_1_298' title='bbox 810 2586 909 2639; x_wconf 90' lang='lat' dir='ltr'><strong>suum,</strong></span> <span class='ocrx_word' id='word_1_299' title='bbox 934 2565 1011 2644; x_wconf 89' lang='lat' dir='ltr'><strong>quod</strong></span> <span class='ocrx_word' id='word_1_300' title='bbox 1031 2584 1116 2626; x_wconf 83' lang='lat' dir='ltr'><strong>verae</strong></span> <span class='ocrx_word' id='word_1_301' title='bbox 1143 2560 1326 2623; x_wconf 85' lang='lat' dir='ltr'><strong>beatitudinis</strong></span> 
     </span>
     <span class='ocr_line' id='line_1_32' title="bbox 207 2636 1327 2730; baseline -0.007 -24"><span class='ocrx_word' id='word_1_302' title='bbox 207 2651 313 2730; x_wconf 86' lang='lat' dir='ltr'><strong>pignus</strong></span> <span class='ocrx_word' id='word_1_303' title='bbox 333 2645 422 2716; x_wconf 88' lang='lat' dir='ltr'><strong>foret,</strong></span> <span class='ocrx_word' id='word_1_304' title='bbox 434 2640 582 2728; x_wconf 64' lang='lat' dir='ltr'><strong>,stabilivit</strong></span> <span class='ocrx_word' id='word_1_305' title='bbox 600 2640 633 2697; x_wconf 92' lang='lat' dir='ltr'><strong>in</strong></span> <span class='ocrx_word' id='word_1_306' title='bbox 651 2640 875 2700; x_wconf 90' lang='lat' dir='ltr'><strong>manuDavidis.</strong></span> <span class='ocrx_word' id='word_1_307' title='bbox 915 2641 1045 2700; x_wconf 85' lang='lat' dir='ltr'><strong>Sciamus</strong></span> <span class='ocrx_word' id='word_1_308' title='bbox 1065 2661 1148 2722; x_wconf 89' lang='lat' dir='ltr'><strong>ergo,</strong></span> <span class='ocrx_word' id='word_1_309' title='bbox 1169 2638 1216 2698; x_wconf 93' lang='lat' dir='ltr'><strong>bic</strong></span> <span class='ocrx_word' id='word_1_310' title='bbox 1233 2636 1327 2698; x_wconf 90' lang='lat' dir='ltr'><strong>notari</strong></span> 
     </span>
     <span class='ocr_line' id='line_1_33' title="bbox 207 2715 1327 2796; baseline -0.012 -11"><span class='ocrx_word' id='word_1_311' title='bbox 207 2722 370 2788; x_wconf 89' lang='lat' dir='ltr'><strong>secundum</strong></span> <span class='ocrx_word' id='word_1_312' title='bbox 411 2715 491 2796; x_wconf 92' lang='lat' dir='ltr'><strong>opuli</strong></span> <span class='ocrx_word' id='word_1_313' title='bbox 511 2727 626 2788; x_wconf 87' lang='lat' dir='ltr'><strong>statum,</strong></span> <span class='ocrx_word' id='word_1_314' title='bbox 648 2715 737 2794; x_wconf 92' lang='lat' dir='ltr'><strong>qualis</strong></span> <span class='ocrx_word' id='word_1_315' title='bbox 758 2736 772 2775; x_wconf 91' lang='lat' dir='ltr'><strong>a</strong></span> <span class='ocrx_word' id='word_1_316' title='bbox 792 2715 924 2776; x_wconf 87' lang='lat' dir='ltr'><strong>Domino</strong></span> <span class='ocrx_word' id='word_1_317' title='bbox 945 2718 1095 2782; x_wconf 88' lang='lat' dir='ltr'><strong>ordinatus</strong></span> <span class='ocrx_word' id='word_1_318' title='bbox 1116 2729 1167 2778; x_wconf 82' lang='lat' dir='ltr'><strong>est.</strong></span> <span class='ocrx_word' id='word_1_319' title='bbox 1206 2715 1327 2776; x_wconf 86' lang='lat' dir='ltr'><strong>Interim</strong></span> 
     </span>
     <span class='ocr_line' id='line_1_34' title="bbox 206 2740 1329 2873; baseline -0.008 -15"><span class='ocrx_word' id='word_1_320' title='bbox 206 2800 326 2865; x_wconf 80' lang='lat' dir='ltr'><strong>additur</strong></span> <span class='ocrx_word' id='word_1_321' title='bbox 345 2796 379 2858; x_wconf 91' lang='lat' dir='ltr'><strong>ab</strong></span> <span class='ocrx_word' id='word_1_322' title='bbox 389 2740 575 2873; x_wconf 67' lang='lat' dir='ltr'><strong>brangelista</strong></span> <span class='ocrx_word' id='word_1_323' title='bbox 595 2791 751 2850; x_wconf 86' lang='lat' dir='ltr'><strong>humanum</strong></span> <span class='ocrx_word' id='word_1_324' title='bbox 766 2791 900 2865; x_wconf 88' lang='lat' dir='ltr'><strong>dedecus,</strong></span> <span class='ocrx_word' id='word_1_325' title='bbox 921 2794 1001 2873; x_wconf 91' lang='lat' dir='ltr'><strong>quod</strong></span> <span class='ocrx_word' id='word_1_326' title='bbox 1020 2793 1097 2852; x_wconf 85' lang='lat' dir='ltr'><strong>illam</strong></span> <span class='ocrx_word' id='word_1_327' title='bbox 1111 2793 1222 2858; x_wconf 85' lang='lat' dir='ltr'><strong>divinae</strong></span> <span class='ocrx_word' id='word_1_328' title='bbox 1236 2791 1329 2850; x_wconf 85' lang='lat' dir='ltr'><strong>bene·</strong></span> 
     </span>
     <span class='ocr_line' id='line_1_35' title="bbox 208 2865 1328 2954; baseline -0.008 -18"><span class='ocrx_word' id='word_1_329' title='bbox 208 2874 347 2948; x_wconf 84' lang='lat' dir='ltr'><strong>dictionis</strong></span> <span class='ocrx_word' id='word_1_330' title='bbox 366 2871 491 2954; x_wconf 88' lang='lat' dir='ltr'><strong>gloriam</strong></span> <span class='ocrx_word' id='word_1_331' title='bbox 512 2867 727 2946; x_wconf 82' lang='lat' dir='ltr'><strong>quodammodo</strong></span> <span class='ocrx_word' id='word_1_332' title='bbox 749 2865 868 2926; x_wconf 88' lang='lat' dir='ltr'><strong>foedare</strong></span> <span class='ocrx_word' id='word_1_333' title='bbox 887 2871 992 2948; x_wconf 88' lang='lat' dir='ltr'><strong>possit:</strong></span> <span class='ocrx_word' id='word_1_334' title='bbox 1017 2890 1124 2951; x_wconf 86' lang='lat' dir='ltr'><strong>nempe</strong></span> <span class='ocrx_word' id='word_1_335' title='bbox 1143 2869 1222 2949; x_wconf 88' lang='lat' dir='ltr'><strong>quod</strong></span> <span class='ocrx_word' id='word_1_336' title='bbox 1244 2865 1328 2928; x_wconf 90' lang='lat' dir='ltr'><strong>Salo·</strong></span> 
     </span>
     <span class='ocr_line' id='line_1_36' title="bbox 209 2941 1328 3030; baseline -0.009 -17"><span class='ocrx_word' id='word_1_337' title='bbox 209 2971 329 3014; x_wconf 89' lang='lat' dir='ltr'><strong>monem</strong></span> <span class='ocrx_word' id='word_1_338' title='bbox 359 2947 462 3030; x_wconf 87' lang='lat' dir='ltr'><strong>genuit</strong></span> <span class='ocrx_word' id='word_1_339' title='bbox 485 2943 581 3003; x_wconf 88' lang='lat' dir='ltr'><strong>David</strong></span> <span class='ocrx_word' id='word_1_340' title='bbox 614 2961 648 3002; x_wconf 80' lang='lat' dir='ltr'><strong>er</strong></span> <span class='ocrx_word' id='word_1_341' title='bbox 670 2941 832 3018; x_wconf 86' lang='lat' dir='ltr'><strong>Bathseba,</strong></span> <span class='ocrx_word' id='word_1_342' title='bbox 864 2966 949 3023; x_wconf 92' lang='lat' dir='ltr'><strong>quam</strong></span> <span class='ocrx_word' id='word_1_343' title='bbox 977 2948 1082 3007; x_wconf 89' lang='lat' dir='ltr'><strong>marito</strong></span> <span class='ocrx_word' id='word_1_344' title='bbox 1114 2947 1253 3008; x_wconf 85' lang='lat' dir='ltr'><strong>scelerate</strong></span> <span class='ocrx_word' id='word_1_345' title='bbox 1283 2966 1328 3003; x_wconf 91' lang='lat' dir='ltr'><strong>ra·</strong></span> 
     </span>
     <span class='ocr_line' id='line_1_37' title="bbox 231 3019 1327 3101; baseline -0.008 -13"><span class='ocrx_word' id='word_1_346' title='bbox 231 3039 330 3100; x_wconf 90' lang='lat' dir='ltr'><strong>uerat,</strong></span> <span class='ocrx_word' id='word_1_347' title='bbox 356 3038 388 3086; x_wconf 88' lang='lat' dir='ltr'><strong>et</strong></span> <span class='ocrx_word' id='word_1_348' title='bbox 406 3023 487 3083; x_wconf 92' lang='lat' dir='ltr'><strong>cuius</strong></span> <span class='ocrx_word' id='word_1_349' title='bbox 514 3019 655 3079; x_wconf 80' lang='lat' dir='ltr'><strong>fruendae</strong></span> <span class='ocrx_word' id='word_1_350' title='bbox 675 3041 758 3078; x_wconf 87' lang='lat' dir='ltr'><strong>causa</strong></span> <span class='ocrx_word' id='word_1_351' title='bbox 780 3019 888 3099; x_wconf 80' lang='lat' dir='ltr'><strong>perfide</strong></span> <span class='ocrx_word' id='word_1_352' title='bbox 907 3022 1056 3084; x_wconf 80' lang='lat' dir='ltr'><strong>innoxium</strong></span> <span class='ocrx_word' id='word_1_353' title='bbox 1075 3022 1224 3083; x_wconf 90' lang='lat' dir='ltr'><strong>bominem</strong></span> <span class='ocrx_word' id='word_1_354' title='bbox 1244 3021 1327 3101; x_wconf 89' lang='lat' dir='ltr'><strong>iugu-</strong></span> 
     </span>
     <span class='ocr_line' id='line_1_38' title="bbox 209 3052 1329 3184; baseline -0.01 -18"><span class='ocrx_word' id='word_1_355' title='bbox 209 3052 329 3166; x_wconf 84' lang='lat' dir='ltr'><strong>landum</strong></span> <span class='ocrx_word' id='word_1_356' title='bbox 348 3099 517 3184; x_wconf 85' lang='lat' dir='ltr'><strong>prodiderat</strong></span> <span class='ocrx_word' id='word_1_357' title='bbox 536 3095 663 3155; x_wconf 87' lang='lat' dir='ltr'><strong>bostium</strong></span> <span class='ocrx_word' id='word_1_358' title='bbox 683 3095 793 3177; x_wconf 89' lang='lat' dir='ltr'><strong>gladiis.</strong></span> <span class='ocrx_word' id='word_1_359' title='bbox 838 3098 920 3158; x_wconf 85' lang='lat' dir='ltr'><strong>Haec</strong></span> <span class='ocrx_word' id='word_1_360' title='bbox 945 3099 1020 3160; x_wconf 84' lang='lat' dir='ltr'><strong>cirea</strong></span> <span class='ocrx_word' id='word_1_361' title='bbox 1035 3097 1124 3182; x_wconf 73' lang='lat' dir='ltr'><strong>&#39;regni</strong></span> <span class='ocrx_word' id='word_1_362' title='bbox 1144 3099 1259 3158; x_wconf 75' lang='lat' dir='ltr'><strong>exordia</strong></span> <span class='ocrx_word' id='word_1_363' title='bbox 1278 3099 1329 3156; x_wconf 87' lang='lat' dir='ltr'><strong>de-</strong></span> 
     </span>
    </p>
   </div>
   <div class='ocr_carea' id='block_1_9' title="bbox 106 3172 1328 3262">
    <p class='ocr_par' dir='ltr' id='par_1_9' title="bbox 106 3172 1328 3262">
     <span class='ocr_line' id='line_1_39' title="bbox 106 3172 1328 3262; baseline -0.007 -20"><span class='ocrx_word' id='word_1_364' title='bbox 106 3215 112 3232; x_wconf 55' lang='lat' dir='ltr'><strong>s</strong></span> <span class='ocrx_word' id='word_1_365' title='bbox 175 3247 182 3262; x_wconf 53' lang='grc'><strong>,</strong></span> <span class='ocrx_word' id='word_1_366' title='bbox 209 3181 342 3242; x_wconf 79' lang='lat' dir='ltr'><strong>fortuitas</strong></span> <span class='ocrx_word' id='word_1_367' title='bbox 363 3179 458 3238; x_wconf 88' lang='lat' dir='ltr'><strong>facere</strong></span> <span class='ocrx_word' id='word_1_368' title='bbox 476 3173 587 3245; x_wconf 86' lang='lat' dir='ltr'><strong>debuit,</strong></span> <span class='ocrx_word' id='word_1_369' title='bbox 607 3193 644 3231; x_wconf 87' lang='lat' dir='ltr'><strong>ne</strong></span> <span class='ocrx_word' id='word_1_370' title='bbox 664 3173 765 3232; x_wconf 90' lang='lat' dir='ltr'><strong>Iudaei</strong></span> <span class='ocrx_word' id='word_1_371' title='bbox 785 3172 816 3232; x_wconf 94' lang='lat' dir='ltr'><strong>in</strong></span> <span class='ocrx_word' id='word_1_372' title='bbox 836 3194 923 3234; x_wconf 89' lang='lat' dir='ltr'><strong>carne</strong></span> <span class='ocrx_word' id='word_1_373' title='bbox 934 3175 1140 3257; x_wconf 80' lang='lat' dir='ltr'><strong>gloriarentur.</strong></span> <span class='ocrx_word' id='word_1_374' title='bbox 1179 3175 1328 3241; x_wconf 77' lang='lat' dir='ltr'><strong>&#39;l&#39;estatum</strong></span> 
     </span>
    </p>
   </div>
   <div class='ocr_carea' id='block_1_10' title="bbox 166 3249 1401 4398">
    <p class='ocr_par' dir='ltr' id='par_1_10' title="bbox 166 3249 1401 4398">
     <span class='ocr_line' id='line_1_40' title="bbox 166 3249 1329 3336; baseline -0.007 -18"><span class='ocrx_word' id='word_1_375' title='bbox 166 3327 169 3336; x_wconf 37' lang='grc'>,</span> <span class='ocrx_word' id='word_1_376' title='bbox 210 3270 307 3318; x_wconf 87' lang='lat' dir='ltr'><strong>autem</strong></span> <span class='ocrx_word' id='word_1_377' title='bbox 329 3251 597 3324; x_wconf 88' lang='lat' dir='ltr'><strong>essevolnitDeus,</strong></span> <span class='ocrx_word' id='word_1_378' title='bbox 618 3266 649 3310; x_wconf 87' lang='lat' dir='ltr'><strong>se</strong></span> <span class='ocrx_word' id='word_1_379' title='bbox 667 3249 698 3308; x_wconf 86' lang='lat' dir='ltr'><strong>in</strong></span> <span class='ocrx_word' id='word_1_380' title='bbox 716 3251 871 3310; x_wconf 89' lang='lat' dir='ltr'><strong>statuendo</strong></span> <span class='ocrx_word' id='word_1_381' title='bbox 892 3252 943 3313; x_wconf 93' lang='lat' dir='ltr'><strong>illo</strong></span> <span class='ocrx_word' id='word_1_382' title='bbox 964 3273 1057 3335; x_wconf 87' lang='lat' dir='ltr'><strong>regno</strong></span> <span class='ocrx_word' id='word_1_383' title='bbox 1077 3252 1149 3314; x_wconf 92' lang='lat' dir='ltr'><strong>nihil</strong></span> <span class='ocrx_word' id='word_1_384' title='bbox 1168 3251 1329 3330; x_wconf 84' lang='lat' dir='ltr'><strong>rependere</strong></span> 
     </span>
     <span class='ocr_line' id='line_1_41' title="bbox 209 3326 1329 3410; baseline -0.006 -17"><span class='ocrx_word' id='word_1_385' title='bbox 209 3334 362 3396; x_wconf 90' lang='lat' dir='ltr'><strong>hominum</strong></span> <span class='ocrx_word' id='word_1_386' title='bbox 381 3329 499 3390; x_wconf 85' lang='lat' dir='ltr'><strong>meritis.</strong></span> <span class='ocrx_word' id='word_1_387' title='bbox 539 3326 695 3388; x_wconf 88' lang='lat' dir='ltr'><strong>Caeterum</strong></span> <span class='ocrx_word' id='word_1_388' title='bbox 713 3327 745 3386; x_wconf 90' lang='lat' dir='ltr'><strong>in</strong></span> <span class='ocrx_word' id='word_1_389' title='bbox 764 3328 963 3406; x_wconf 89' lang='lat' dir='ltr'><strong>successione,</strong></span> <span class='ocrx_word' id='word_1_390' title='bbox 991 3352 1078 3410; x_wconf 85' lang='lat' dir='ltr'><strong>quam</strong></span> <span class='ocrx_word' id='word_1_391' title='bbox 1096 3329 1235 3390; x_wconf 89' lang='lat' dir='ltr'><strong>describit</strong></span> <span class='ocrx_word' id='word_1_392' title='bbox 1252 3328 1329 3388; x_wconf 88' lang='lat' dir='ltr'><strong>Mat-</strong></span> 
     </span>
     <span class='ocr_line' id='line_1_42' title="bbox 210 3403 1401 3486; baseline -0.006 -16"><span class='ocrx_word' id='word_1_393' title='bbox 210 3412 328 3483; x_wconf 87' lang='lat' dir='ltr'><strong>thaeus,</strong></span> <span class='ocrx_word' id='word_1_394' title='bbox 351 3421 411 3468; x_wconf 89' lang='lat' dir='ltr'><strong>tres</strong></span> <span class='ocrx_word' id='word_1_395' title='bbox 435 3425 519 3486; x_wconf 87' lang='lat' dir='ltr'><strong>reges</strong></span> <span class='ocrx_word' id='word_1_396' title='bbox 539 3403 627 3464; x_wconf 90' lang='lat' dir='ltr'><strong>fuisse</strong></span> <span class='ocrx_word' id='word_1_397' title='bbox 653 3404 775 3464; x_wconf 89' lang='lat' dir='ltr'><strong>omissos</strong></span> <span class='ocrx_word' id='word_1_398' title='bbox 800 3417 915 3465; x_wconf 84' lang='lat' dir='ltr'><strong>constat</strong></span> <span class='ocrx_word' id='word_1_399' title='bbox 938 3427 974 3466; x_wconf 84' lang='lat' dir='ltr'><strong>ex</strong></span> <span class='ocrx_word' id='word_1_400' title='bbox 992 3428 1071 3468; x_wconf 84' lang='lat' dir='ltr'><strong>sacra</strong></span> <span class='ocrx_word' id='word_1_401' title='bbox 1095 3405 1223 3470; x_wconf 86' lang='lat' dir='ltr'><strong>historia.</strong></span> <span class='ocrx_word' id='word_1_402' title='bbox 1261 3404 1328 3463; x_wconf 87' lang='lat' dir='ltr'><strong>Hoc</strong></span> <span class='ocrx_word' id='word_1_403' title='bbox 1400 3419 1401 3424; x_wconf 74' lang='grc'>’</span> 
     </span>
     <span class='ocr_line' id='line_1_43' title="bbox 210 3481 1328 3568; baseline -0.006 -21"><span class='ocrx_word' id='word_1_404' title='bbox 210 3489 263 3568; x_wconf 91' lang='lat' dir='ltr'><strong>qui</strong></span> <span class='ocrx_word' id='word_1_405' title='bbox 283 3485 433 3545; x_wconf 89' lang='lat' dir='ltr'><strong>oblivione</strong></span> <span class='ocrx_word' id='word_1_406' title='bbox 453 3481 560 3541; x_wconf 91' lang='lat' dir='ltr'><strong>factum</strong></span> <span class='ocrx_word' id='word_1_407' title='bbox 582 3500 643 3541; x_wconf 83' lang='lat' dir='ltr'><strong>esse</strong></span> <span class='ocrx_word' id='word_1_408' title='bbox 660 3482 770 3554; x_wconf 88' lang='lat' dir='ltr'><strong>dicunt,</strong></span> <span class='ocrx_word' id='word_1_409' title='bbox 789 3482 907 3551; x_wconf 86' lang='lat' dir='ltr'><strong>minime</strong></span> <span class='ocrx_word' id='word_1_410' title='bbox 927 3496 994 3543; x_wconf 89' lang='lat' dir='ltr'><strong>sunt</strong></span> <span class='ocrx_word' id='word_1_411' title='bbox 1013 3483 1164 3544; x_wconf 87' lang='lat' dir='ltr'><strong>audiendi:</strong></span> <span class='ocrx_word' id='word_1_412' title='bbox 1184 3502 1239 3542; x_wconf 89' lang='lat' dir='ltr'><strong>nec</strong></span> <span class='ocrx_word' id='word_1_413' title='bbox 1258 3501 1328 3559; x_wconf 92' lang='lat' dir='ltr'><strong>pro-</strong></span> 
     </span>
     <span class='ocr_line' id='line_1_44' title="bbox 210 3556 1401 3639; baseline -0.008 -13"><span class='ocrx_word' id='word_1_414' title='bbox 210 3562 318 3626; x_wconf 88' lang='lat' dir='ltr'><strong>babilis</strong></span> <span class='ocrx_word' id='word_1_415' title='bbox 343 3572 387 3622; x_wconf 89' lang='lat' dir='ltr'><strong>est</strong></span> <span class='ocrx_word' id='word_1_416' title='bbox 412 3579 514 3618; x_wconf 91' lang='lat' dir='ltr'><strong>eorum</strong></span> <span class='ocrx_word' id='word_1_417' title='bbox 538 3556 632 3632; x_wconf 89' lang='lat' dir='ltr'><strong>ratio,</strong></span> <span class='ocrx_word' id='word_1_418' title='bbox 665 3558 715 3637; x_wconf 88' lang='lat' dir='ltr'><strong>qui</strong></span> <span class='ocrx_word' id='word_1_419' title='bbox 745 3557 884 3639; x_wconf 88' lang='lat' dir='ltr'><strong>indignos</strong></span> <span class='ocrx_word' id='word_1_420' title='bbox 909 3559 995 3620; x_wconf 89' lang='lat' dir='ltr'><strong>fuisse</strong></span> <span class='ocrx_word' id='word_1_421' title='bbox 1020 3560 1134 3633; x_wconf 87' lang='lat' dir='ltr'><strong>dicunt,</strong></span> <span class='ocrx_word' id='word_1_422' title='bbox 1164 3558 1266 3638; x_wconf 88' lang='lat' dir='ltr'><strong>quibus</strong></span> <span class='ocrx_word' id='word_1_423' title='bbox 1297 3556 1328 3616; x_wconf 92' lang='lat' dir='ltr'><strong>in</strong></span> <span class='ocrx_word' id='word_1_424' title='bbox 1400 3605 1401 3610; x_wconf 12' lang='grc' dir='ltr'><strong>κ</strong></span> 
     </span>
     <span class='ocr_line' id='line_1_45' title="bbox 213 3633 1329 3720; baseline -0.008 -19"><span class='ocrx_word' id='word_1_425' title='bbox 213 3639 322 3706; x_wconf 83' lang='lat' dir='ltr'><strong>Christi</strong></span> <span class='ocrx_word' id='word_1_426' title='bbox 349 3635 521 3720; x_wconf 87' lang='lat' dir='ltr'><strong>genealogia</strong></span> <span class='ocrx_word' id='word_1_427' title='bbox 541 3633 658 3694; x_wconf 89' lang='lat' dir='ltr'><strong>daretur</strong></span> <span class='ocrx_word' id='word_1_428' title='bbox 682 3635 773 3694; x_wconf 90' lang='lat' dir='ltr'><strong>locus.</strong></span> <span class='ocrx_word' id='word_1_429' title='bbox 819 3634 957 3696; x_wconf 86' lang='lat' dir='ltr'><strong>Id&#39;enim</strong></span> <span class='ocrx_word' id='word_1_430' title='bbox 982 3647 1165 3717; x_wconf 85' lang='lat' dir='ltr'><strong>competeret</strong></span> <span class='ocrx_word' id='word_1_431' title='bbox 1189 3635 1274 3693; x_wconf 88' lang='lat' dir='ltr'><strong>etiam</strong></span> <span class='ocrx_word' id='word_1_432' title='bbox 1299 3634 1329 3693; x_wconf 91' lang='lat' dir='ltr'><strong>in</strong></span> 
     </span>
     <span class='ocr_line' id='line_1_46' title="bbox 211 3711 1330 3796; baseline -0.012 -15"><span class='ocrx_word' id='word_1_433' title='bbox 211 3715 376 3796; x_wconf 87' lang='lat' dir='ltr'><strong>complures</strong></span> <span class='ocrx_word' id='word_1_434' title='bbox 396 3713 478 3784; x_wconf 90' lang='lat' dir='ltr'><strong>alios,</strong></span> <span class='ocrx_word' id='word_1_435' title='bbox 497 3731 570 3790; x_wconf 84' lang='lat' dir='ltr'><strong>quos</strong></span> <span class='ocrx_word' id='word_1_436' title='bbox 588 3723 685 3772; x_wconf 89' lang='lat' dir='ltr'><strong>tamen</strong></span> <span class='ocrx_word' id='word_1_437' title='bbox 698 3711 860 3772; x_wconf 84' lang='lat' dir='ltr'><strong>Matthaeus</strong></span> <span class='ocrx_word' id='word_1_438' title='bbox 880 3714 934 3792; x_wconf 92' lang='lat' dir='ltr'><strong>piis</strong></span> <span class='ocrx_word' id='word_1_439' title='bbox 955 3725 985 3772; x_wconf 90' lang='lat' dir='ltr'><strong>ct</strong></span> <span class='ocrx_word' id='word_1_440' title='bbox 1002 3715 1109 3774; x_wconf 89' lang='lat' dir='ltr'><strong>sanctis</strong></span> <span class='ocrx_word' id='word_1_441' title='bbox 1128 3711 1330 3772; x_wconf 82' lang='lat' dir='ltr'><strong>indifferenter</strong></span> 
     </span>
     <span class='ocr_line' id='line_1_47' title="bbox 212 3787 1329 3871; baseline -0.004 -24"><span class='ocrx_word' id='word_1_442' title='bbox 212 3797 359 3868; x_wconf 53' lang='lat' dir='ltr'><strong>admiscet„</strong></span> <span class='ocrx_word' id='word_1_443' title='bbox 400 3788 504 3848; x_wconf 87' lang='lat' dir='ltr'><strong>Verius</strong></span> <span class='ocrx_word' id='word_1_444' title='bbox 525 3808 595 3868; x_wconf 88' lang='lat' dir='ltr'><strong>ergo</strong></span> <span class='ocrx_word' id='word_1_445' title='bbox 618 3801 676 3862; x_wconf 90' lang='lat' dir='ltr'><strong>cst,</strong></span> <span class='ocrx_word' id='word_1_446' title='bbox 697 3811 783 3868; x_wconf 80' lang='lat' dir='ltr'><strong>quum</strong></span> <span class='ocrx_word' id='word_1_447' title='bbox 805 3810 906 3871; x_wconf 89' lang='lat' dir='ltr'><strong>regum</strong></span> <span class='ocrx_word' id='word_1_448' title='bbox 926 3790 1145 3868; x_wconf 88' lang='lat' dir='ltr'><strong>quatuordecim</strong></span> <span class='ocrx_word' id='word_1_449' title='bbox 1166 3787 1329 3867; x_wconf 90' lang='lat' dir='ltr'><strong>catalogum</strong></span> 
     </span>
     <span class='ocr_line' id='line_1_48' title="bbox 211 3863 1329 3939; baseline -0.009 -7"><span class='ocrx_word' id='word_1_450' title='bbox 211 3870 301 3934; x_wconf 87' lang='lat' dir='ltr'><strong>vellet</strong></span> <span class='ocrx_word' id='word_1_451' title='bbox 320 3867 483 3939; x_wconf 80' lang='lat' dir='ltr'><strong>conficere,</strong></span> <span class='ocrx_word' id='word_1_452' title='bbox 509 3885 569 3924; x_wconf 88' lang='lat' dir='ltr'><strong>non</strong></span> <span class='ocrx_word' id='word_1_453' title='bbox 594 3863 680 3924; x_wconf 90' lang='lat' dir='ltr'><strong>fuisse</strong></span> <span class='ocrx_word' id='word_1_454' title='bbox 707 3864 788 3925; x_wconf 84' lang='lat' dir='ltr'><strong>valde</strong></span> <span class='ocrx_word' id='word_1_455' title='bbox 813 3867 959 3925; x_wconf 89' lang='lat' dir='ltr'><strong>curiosum</strong></span> <span class='ocrx_word' id='word_1_456' title='bbox 985 3865 1159 3926; x_wconf 84' lang='lat' dir='ltr'><strong>in&#39;delectu</strong></span> <span class='ocrx_word' id='word_1_457' title='bbox 1183 3863 1329 3936; x_wconf 88' lang='lat' dir='ltr'><strong>habendo,</strong></span> 
     </span>
     <span class='ocr_line' id='line_1_49' title="bbox 167 3941 1329 4029; baseline -0.01 -20"><span class='ocrx_word' id='word_1_458' title='bbox 167 3969 168 3974; x_wconf 72' lang='grc'>’</span> <span class='ocrx_word' id='word_1_459' title='bbox 213 3949 280 4029; x_wconf 86' lang='lat' dir='ltr'><strong>quia</strong></span> <span class='ocrx_word' id='word_1_460' title='bbox 299 3949 364 4016; x_wconf 83' lang='lat' dir='ltr'><strong>satis</strong></span> <span class='ocrx_word' id='word_1_461' title='bbox 389 3941 513 4003; x_wconf 87' lang='lat' dir='ltr'><strong>babebat</strong></span> <span class='ocrx_word' id='word_1_462' title='bbox 537 3941 727 4024; x_wconf 85' lang='lat' dir='ltr'><strong>genealogiae</strong></span> <span class='ocrx_word' id='word_1_463' title='bbox 753 3953 920 4002; x_wconf 86' lang='lat' dir='ltr'><strong>contextum</strong></span> <span class='ocrx_word' id='word_1_464' title='bbox 944 3942 1102 4002; x_wconf 87' lang='lat' dir='ltr'><strong>lectoribus</strong></span> <span class='ocrx_word' id='word_1_465' title='bbox 1127 3959 1239 4022; x_wconf 87' lang='lat' dir='ltr'><strong>ponere</strong></span> <span class='ocrx_word' id='word_1_466' title='bbox 1262 3953 1329 3998; x_wconf 89' lang='lat' dir='ltr'><strong>ante</strong></span> 
     </span>
     <span class='ocr_line' id='line_1_50' title="bbox 212 4016 1330 4152; baseline -0.011 -66"><span class='ocrx_word' id='word_1_467' title='bbox 212 4025 315 4086; x_wconf 90' lang='lat' dir='ltr'><strong>oculos</strong></span> <span class='ocrx_word' id='word_1_468' title='bbox 336 4019 480 4101; x_wconf 87' lang='lat' dir='ltr'><strong>usquead</strong></span> <span class='ocrx_word' id='word_1_469' title='bbox 500 4018 584 4097; x_wconf 85' lang='lat' dir='ltr'><strong>regni</strong></span> <span class='ocrx_word' id='word_1_470' title='bbox 603 4018 699 4078; x_wconf 84' lang='lat' dir='ltr'><strong>finem.</strong></span> <span class='ocrx_word' id='word_1_471' title='bbox 739 4017 832 4100; x_wconf 84' lang='lat' dir='ltr'><strong>Quod</strong></span> <span class='ocrx_word' id='word_1_472' title='bbox 842 4033 939 4079; x_wconf 86' lang='lat' dir='ltr'><strong>autem</strong></span> <span class='ocrx_word' id='word_1_473' title='bbox 958 4020 1099 4080; x_wconf 87' lang='lat' dir='ltr'><strong>tredecim</strong></span> <span class='ocrx_word' id='word_1_474' title='bbox 1112 4018 1206 4078; x_wconf 91' lang='lat' dir='ltr'><strong>solum</strong></span> <span class='ocrx_word' id='word_1_475' title='bbox 1226 4016 1330 4152; x_wconf 72' lang='lat' dir='ltr'><strong>legun-</strong></span> 
     </span>
     <span class='ocr_line' id='line_1_51' title="bbox 212 4093 1330 4173; baseline -0.009 -13"><span class='ocrx_word' id='word_1_476' title='bbox 212 4113 276 4173; x_wconf 79' lang='lat' dir='ltr'><strong>tur,</strong></span> <span class='ocrx_word' id='word_1_477' title='bbox 296 4100 480 4159; x_wconf 89' lang='lat' dir='ltr'><strong>librariorum</strong></span> <span class='ocrx_word' id='word_1_478' title='bbox 500 4097 570 4155; x_wconf 89' lang='lat' dir='ltr'><strong>vitio</strong></span> <span class='ocrx_word' id='word_1_479' title='bbox 592 4107 622 4154; x_wconf 89' lang='lat' dir='ltr'><strong>et</strong></span> <span class='ocrx_word' id='word_1_480' title='bbox 639 4097 749 4156; x_wconf 89' lang='lat' dir='ltr'><strong>incuria</strong></span> <span class='ocrx_word' id='word_1_481' title='bbox 769 4117 830 4156; x_wconf 89' lang='lat' dir='ltr'><strong>esse</strong></span> <span class='ocrx_word' id='word_1_482' title='bbox 849 4095 972 4170; x_wconf 88' lang='lat' dir='ltr'><strong>sactum,</strong></span> <span class='ocrx_word' id='word_1_483' title='bbox 995 4096 1150 4164; x_wconf 81' lang='lat' dir='ltr'><strong>verisimile</strong></span> <span class='ocrx_word' id='word_1_484' title='bbox 1171 4106 1223 4156; x_wconf 88' lang='lat' dir='ltr'><strong>est.</strong></span> <span class='ocrx_word' id='word_1_485' title='bbox 1273 4093 1330 4172; x_wconf 79' lang='lat' dir='ltr'><strong>&#39;pi-</strong></span> 
     </span>
     <span class='ocr_line' id='line_1_52' title="bbox 234 4171 1331 4253; baseline -0.005 -19"><span class='ocrx_word' id='word_1_486' title='bbox 234 4176 336 4236; x_wconf 89' lang='lat' dir='ltr'><strong>hanins</strong></span> <span class='ocrx_word' id='word_1_487' title='bbox 357 4176 432 4234; x_wconf 90' lang='lat' dir='ltr'><strong>libro</strong></span> <span class='ocrx_word' id='word_1_488' title='bbox 453 4173 547 4253; x_wconf 90' lang='lat' dir='ltr'><strong>primo</strong></span> <span class='ocrx_word' id='word_1_489' title='bbox 568 4185 670 4232; x_wconf 88' lang='lat' dir='ltr'><strong>contra</strong></span> <span class='ocrx_word' id='word_1_490' title='bbox 690 4174 838 4248; x_wconf 84' lang='lat' dir='ltr'><strong>haereses,</strong></span> <span class='ocrx_word' id='word_1_491' title='bbox 858 4195 969 4232; x_wconf 88' lang='lat' dir='ltr'><strong>causam</strong></span> <span class='ocrx_word' id='word_1_492' title='bbox 989 4172 1122 4246; x_wconf 88' lang='lat' dir='ltr'><strong>adducit,</strong></span> <span class='ocrx_word' id='word_1_493' title='bbox 1143 4171 1222 4249; x_wconf 88' lang='lat' dir='ltr'><strong>quod</strong></span> <span class='ocrx_word' id='word_1_494' title='bbox 1242 4191 1331 4250; x_wconf 89' lang='lat' dir='ltr'><strong>quum</strong></span> 
     </span>
     <span class='ocr_line' id='line_1_53' title="bbox 213 4199 1332 4331; baseline -0.003 -23"><span class='ocrx_word' id='word_1_495' title='bbox 213 4199 258 4310; x_wconf 80' lang='lat' dir='ltr'><strong>lis</strong></span> <span class='ocrx_word' id='word_1_496' title='bbox 278 4254 405 4331; x_wconf 91' lang='lat' dir='ltr'><strong>positum</strong></span> <span class='ocrx_word' id='word_1_497' title='bbox 424 4264 501 4328; x_wconf 76' lang='lat' dir='ltr'><strong>esset</strong></span> <span class='ocrx_word' id='word_1_498' title='bbox 519 4249 679 4310; x_wconf 88' lang='lat' dir='ltr'><strong>lechoniae</strong></span> <span class='ocrx_word' id='word_1_499' title='bbox 697 4272 822 4324; x_wconf 89' lang='lat' dir='ltr'><strong>nomen,</strong></span> <span class='ocrx_word' id='word_1_500' title='bbox 846 4250 975 4310; x_wconf 88' lang='lat' dir='ltr'><strong>secundo</strong></span> <span class='ocrx_word' id='word_1_501' title='bbox 1001 4248 1067 4308; x_wconf 91' lang='lat' dir='ltr'><strong>loco</strong></span> <span class='ocrx_word' id='word_1_502' title='bbox 1094 4249 1176 4329; x_wconf 89' lang='lat' dir='ltr'><strong>quasi</strong></span> <span class='ocrx_word' id='word_1_503' title='bbox 1194 4267 1332 4326; x_wconf 88' lang='lat' dir='ltr'><strong>superva-</strong></span> 
     </span>
     <span class='ocr_line' id='line_1_54' title="bbox 214 4323 1332 4398; baseline 0 -12"><span class='ocrx_word' id='word_1_504' title='bbox 214 4345 299 4388; x_wconf 87' lang='lat' dir='ltr'><strong>cuum</strong></span> <span class='ocrx_word' id='word_1_505' title='bbox 324 4328 435 4398; x_wconf 84' lang='lat' dir='ltr'><strong>indocti</strong></span> <span class='ocrx_word' id='word_1_506' title='bbox 461 4329 581 4392; x_wconf 89' lang='lat' dir='ltr'><strong>eradere</strong></span> <span class='ocrx_word' id='word_1_507' title='bbox 606 4327 666 4392; x_wconf 87' lang='lat' dir='ltr'><strong>ausi</strong></span> <span class='ocrx_word' id='word_1_508' title='bbox 691 4339 767 4390; x_wconf 90' lang='lat' dir='ltr'><strong>suot.</strong></span> <span class='ocrx_word' id='word_1_509' title='bbox 811 4325 846 4387; x_wconf 95' lang='lat' dir='ltr'><strong>Id</strong></span> <span class='ocrx_word' id='word_1_510' title='bbox 866 4345 935 4391; x_wconf 81' lang='lat' dir='ltr'><strong>vero</strong></span> <span class='ocrx_word' id='word_1_511' title='bbox 960 4345 1022 4387; x_wconf 91' lang='lat' dir='ltr'><strong>oon</strong></span> <span class='ocrx_word' id='word_1_512' title='bbox 1048 4325 1180 4388; x_wconf 86' lang='lat' dir='ltr'><strong>debuisse</strong></span> <span class='ocrx_word' id='word_1_513' title='bbox 1197 4323 1262 4384; x_wconf 87' lang='lat' dir='ltr'><strong>fieri</strong></span> <span class='ocrx_word' id='word_1_514' title='bbox 1279 4323 1332 4386; x_wconf 84' lang='lat' dir='ltr'><strong>ad-</strong></span> 
     </span>
    </p>
   </div>
   <div class='ocr_carea' id='block_1_11' title="bbox 1124 4434 1234 4496">
    <p class='ocr_par' dir='ltr' id='par_1_11' title="bbox 1124 4434 1234 4496">
     <span class='ocr_line' id='line_1_55' title="bbox 1124 4434 1128 4452; baseline 0 0"><span class='ocrx_word' id='word_1_515' title='bbox 1124 4434 1128 4452; x_wconf 85' lang='lat' dir='ltr'><strong>t</strong></span> 
     </span>
     <span class='ocr_line' id='line_1_56' title="bbox 1224 4461 1234 4496; baseline 0 0"><span class='ocrx_word' id='word_1_516' title='bbox 1224 4461 1234 4496; x_wconf 68' lang='lat' dir='ltr'><strong>h</strong></span> 
     </span>
    </p>
   </div>
   <div class='ocr_carea' id='block_1_12' title="bbox 0 0 1434 4756">
    <p class='ocr_par' dir='ltr' id='par_1_12' title="bbox 0 0 1434 4756">
     <span class='ocr_line' id='line_1_57' title="bbox 0 0 1434 4756; baseline 0 0"><span class='ocrx_word' id='word_1_517' title='bbox 0 0 1434 4756; x_wconf 95' lang='lat' dir='ltr'><strong> </strong></span> 
     </span>
    </p>
   </div>
  </div>
 </body>
</html>
