2816 4746
170 243 210 306 34
262 245 269 264 =
491 219 505 354 ’χ
545 193 922 292 10.cnuvm1v1rn'

78 400 85 410 ’
171 382 311 460 „nanum
342 381 549 462 nec'poteram
569 346 851 468 mihiipersuaderm
877 376 946 456 quin
973 376 1014 436 ita
1038 396 1071 436 se
1096 397 1142 439 res
1167 377 1297 440 haberet
1381 391 1384 396 '

168 460 354 535 „Precemur
386 455 528 533 obsecro,
547 477 619 516 nam
635 469 757 515 omnmo
778 453 875 535 magni
895 452 1006 531 aliquid
1026 453 1170 536 geritur.'’
1208 455 1298 537 Atqui

166 538 225 598 boc
250 538 315 618 ipso
346 499 394 594 die
420 533 524 594 accidit
547 532 596 592 ille
621 531 696 618 apud
717 531 850 609 Druydas
877 529 1016 620 [Druna]
1043 533 1200 595 acerrimus
1226 533 1297 594 cont

74 625 77 636 '
168 615 282 688 Ilictus,
303 611 340 671 de
360 631 420 692 quo
441 611 554 689 aliquot
572 620 639 690 post
659 606 763 667 diebus
781 605 921 666 Genevae
943 609 998 666 furt
1017 611 1225 698 renuntiatum.

245 763 362 844 (1563.)
391 761 703 842 Annocnnsequeute
722 778 829 839 nentpe
848 759 958 819 LXIII.
983 760 1024 821 sie
1050 761 1213 824 exacerbati
1232 777 1298 824 sunt

169 846 231 904 eius
251 841 365 916 morbi,
389 851 423 900 ut
449 840 535 923 plane
562 839 600 898 sit
618 835 793 896 incredibile
808 837 844 896 in
866 837 1040 916 corpusculo
1060 849 1119 898 tam
1140 840 1297 915 imbecillo,

167 931 217 980 tot
235 917 386 980 laboribus
408 917 556 989 exhausto,
576 927 624 974 tot
644 913 770 992 denique
791 913 903 974 morbis
924 915 1037 988 attrito,
1055 926 1114 980 tarn
1136 916 1243 978 fortem
1263 941 1296 980 ac

170 1015 348 1080 generosum
367 994 494 1054 animum
522 990 670 1055 contineri
695 989 804 1050 diutius
829 991 973 1070 potuisse,
998 991 1143 1070 siquidem
1165 1011 1202 1052 n’e
1227 1007 1296 1054 tuuc

169 1073 286 1155 quidem
306 1071 409 1132 adduci
430 1067 536 1148 potuit,
555 1080 589 1126 ut
607 1066 662 1126 sibi
682 1077 824 1147 parceret.
864 1068 928 1126 Imo
949 1068 1114 1146 siquando,
1152 1069 1297 1130 uod'nun-

154 1173 157 1182 ’
189 1171 256 1210 uam
280 1148 337 1208 nisi
361 1146 477 1227 penitus
509 1146 614 1205 invitus
642 1143 727 1217 iecit,
760 1142 878 1223 publico
899 1165 952 1204 suo
979 1162 1100 1204 munere
1120 1089 1295 1222 abstinebat,

168 1171 248 1288 dorni
287 1226 399 1284 interea
436 1218 483 1280 rel
523 1219 745 1282 consulentibus
775 1239 820 1280 res
845 1221 988 1294 ondebat,
1027 1220 1073 1282 vel
1109 1231 1295 1284 amanuenses

168 1301 306 1365 dictando
338 1297 500 1360 indefessus
529 1299 592 1378 ipse
618 1296 781 1378 IatIgabat„
838 1309 909 1376 tque
930 1298 991 1356 eius
1012 1298 1055 1356 rei
1074 1297 1160 1358 fidem
1184 1301 1296 1360 faciunt

166 1391 229 1440 tum
250 1379 336 1437 binae
362 1374 428 1446 Illae
454 1377 576 1435 maxime
600 1375 694 1454 seriae
719 1373 754 1432 ad
774 1369 908 1434 Polonns
929 1373 1143 1436 admonitiones
1163 1377 1295 1439 adiersus

80 1473 84 1480 '
166 1453 228 1518 blas
251 1455 352 1512 hemos
372 1451 438 1511 illos
458 1472 556 1512 sacrae
578 1451 692 1510 Trradis
713 1450 826 1513 hostes:
851 1461 913 1509 tum
939 1451 1025 1510 etiam
1052 1452 1130 1530 quod
1159 1453 1295 1516 fratribus

168 1553 204 1592 ex
223 1477 345 1610 Xynodo
361 1527 552 1608 Lugdunensi
569 1528 607 1588 ad
627 1547 658 1588 se
679 1527 770 1586 missis
790 1527 906 1586 abunde
924 1539 988 1586 ‘tum
1009 1547 1081 1600 voce
1100 1540 1161 1588 tum
1181 1531 1295 1610 scriptis

166 1606 334 1686 respondit,
367 1604 446 1686 quod
470 1605 704 1666 Commentarios
735 1601 923 1682 in'quatuor
949 1604 1039 1664 Musis
1070 1605 1163 1666 libros
1190 1607 1295 1670 latinos

168 1684 277 1758 edidit,
317 1683 399 1762 quod
432 1681 554 1764 gallicos
587 1685 621 1740 ex
653 1681 748 1740 latinis
776 1680 917 1760 ipsosmet
946 1679 1031 1753 lecit,
1062 1683 1142 1772 qqod
1170 1684 1295 1763 denique

169 1761 422 1834 Gemmedtarium
447 1761 485 1818 in=
506 1757 612 1830 librum
638 1758 763 1830 Iosuae,
790 1756 841 1834 qui
868 1755 923 1814 luit
949 1756 1065 1816 ultimus
1089 1761 1178 1837 rpsius
1199 1760 1300 1840 labor,

166 1827 223 1900 iani
242 1851 306 1898 tum
326 1837 484 1909 inchoavit,
504 1855 592 1916 quem
613 1833 729 1902 taudem
749 1833 837 1896 etiam
857 1833 1048 1894 moribundus
1068 1834 1200 1918 absolvit.
1258 1909 1267 1919 .

191 1967 200 1987 l
237 1984 352 2072 (1564.)
372 1988 476 2048 Annus
496 2001 593 2049 autem
612 1987 718 2045 LXIV.
746 2007 832 2066 supra
856 1986 1135 2080 sesquimillesimum
1149 1990 1211 2082 'ipsi
1228 1993 1293 2084 qui.
1397 2042 1399 2053 ,

1388 1580 1404 2001 l

1390 2082 1402 2474 l

166 2067 232 2127 dem
252 2078 412 2160 perpetuae
433 2065 592 2135 felicitatis,
617 2064 703 2123 nobis
728 2075 825 2123 autem
846 2062 934 2144 louge
954 2085 1070 2124 maxrmr
1089 2078 1294 2148 rustrsumrqne

167 2143 277 2206 dolans
310 2143 425 2202 initium
458 2143 522 2201 Iuit.
572 2141 723 2220 Siquidem
749 2141 801 2198 vt.
826 2140 913 2198 Febr.
939 2142 1082 2203 asthmata
1106 2163 1208 2204 vocem
1234 2147 1293 2207 eius

161 2219 375 2301 ¹praepedIente
400 2217 660 2280 ultimamhabuit
685 2218 876 2290 concionem,
899 2229 937 2278 et
960 2218 996 2280 ab
1019 2238 1054 2277 eo
1075 2230 1134 2279 tem
1158 2241 1224 2296 ore,
1257 2243 1294 2283 eo

166 2309 288 2377 excepto
322 2295 402 2376 quod
434 2296 589 2374 aliquoties
620 2294 657 2354 ad
689 2293 937 2375 congregationis
974 2307 1091 2355 coetum
1146 2310 1293 2376 eportatus

164 2375 260 2454 (quod
278 2373 323 2432 illi
343 2373 446 2432 ultimo
467 2373 567 2432 Martii
587 2371 774 2431 novissimum
800 2371 920 2448 accidit)
953 2372 1074 2451 paucula
1098 2373 1186 2436 verba
1213 2373 1293 2448 fecit,

165 2451 247 2511 omni
268 2450 394 2510 docendi
414 2469 535 2509 munere
548 2447 696 2510 abstinuit
735 2447 829 2526 Ipsius
850 2447 946 2507 morbi
966 2448 1185 2510 incredibilibus
1205 2453 1293 2512 animi

166 2529 358 2608 corporisque
384 2527 533 2587 laboribus
559 2526 704 2588 contracti
728 2524 799 2584 varii
829 2523 1064 2604 multiplicesque
1092 2525 1225 2600 suerunt,
1250 2531 1292 2590 uti

165 2624 215 2664 sua
236 2605 358 2684 quadam
379 2604 416 2662 ad
435 2605 564 2682 medicos
585 2601 843 2682 Monspessulanos
870 2601 921 2680 [de
938 2601 1142 2682 Moumellier]
1169 2607 1291 2684 epistola

166 2680 253 2740 edita‘
269 2701 320 2739 eos
345 2680 408 2758 ipse
433 2690 596 2758 percenset.
646 2679 856 2755 Praeterquam
881 2679 957 2736 enim
982 2679 1062 2756 quod
1085 2685 1212 2759 corpore
1237 2682 1292 2744 fuit

164 2768 267 2815 natura
285 2754 445 2827 imbecillo,
465 2755 623 2813 macilento
644 2766 675 2812 et
691 2754 727 2812 ad
742 2754 841 2812 tabem
853 2751 932 2813 ultro
952 2755 1122 2832 inclinante,
1143 2757 1292 2821 dormiens

165 2851 260 2912 paene
291 2830 446 2914 vigilabat,
478 2851 611 2910 magnam
642 2829 711 2887 anni
743 2841 857 2907 partem
889 2831 1113 2905 concionando,
1143 2833 1289 2910 docendo,

124 2967 133 2976 ,
166 2907 304 2968 dictando
326 2906 524 2967 consumebat.
569 2905 628 2963 Per
653 2906 923 2964 decem‘minimum
944 2923 1035 2966 annes
1055 2909 1180 2986 prandio
1201 2911 1290 2972 absti-

164 2989 244 3063 nuit,
269 2996 304 3043 ut
322 2981 434 3043 nullum
455 2982 578 3041 omnino
599 2981 697 3040 cibum
718 2992 798 3040 extra
817 2993 921 3040 statam
941 3002 1051 3042 coenae
1072 2985 1173 3045 horam
1193 3011 1291 3048 sume·
1323 3025 1330 3041 ι

164 3073 226 3137 ret,
258 3072 292 3120 ut
318 3080 383 3119 eum
403 3059 565 3120 mirumsit
585 3057 714 3138 phthisin
736 3057 868 3140 elsugere
888 3070 948 3117 tam
969 3059 1018 3118 diu
1043 3060 1181 3138 potuisse.
1222 3067 1292 3128 Fuit

156 3149 261 3198 *autem
283 3137 309 3196 ei
335 3136 518 3196 hemicranea
542 3135 705 3204 familiaris,
737 3135 783 3194 cui
814 3135 876 3195 sola
902 3135 950 3196 illa
980 3135 1076 3196 inedia
1108 3141 1292 3215 medebatur,

164 3214 239 3274 adeo
264 3223 297 3273 ut
327 3219 642 3293 nonnunquam'tutas
666 3210 793 3270 XXXVI
818 3211 904 3272 horas
930 3212 997 3275 cito
1021 3214 1189 3276 abstineret.
1229 3219 1290 3279 Sed

165 3301 196 3350 et
214 3291 319 3369 partim
338 3291 373 3348 'ex
392 3291 471 3350 vocis
491 3289 700 3361 contentione,
726 3289 846 3368 partim,
872 3289 951 3370 quod
971 3309 1037 3350 sero
1057 3291 1144 3350 nimis
1160 3296 1291 3356 animad-

163 3385 277 3429 versum
308 3378 366 3440 est,
398 3386 432 3426 ex
456 3365 615 3426 immodico
641 3365 722 3426 alo‘e's
747 3388 818 3439 usu,
847 3370 974 3446 primum·
996 3367 1030 3428 in
1052 3366 1293 3434 haemorrhoidas

164 3461 272 3524 easque
291 3443 408 3504 tandem
428 3443 589 3517 ulcerosas,
622 3443 728 3502 deinde
749 3444 877 3522 qulnque
907 3455 975 3502 ante
1000 3456 1125 3504 mortem
1150 3451 1233 3508 annis
1260 3451 1290 3508 in

164 3521 313 3601 sanguiniS
333 3520 562 3581 exscreationem
587 3520 741 3600 aliquoties
772 3520 883 3579 incidit.
923 3520 1075 3594 Quartana
1098 3541 1169 3583 vero
1196 3525 1291 3606 ipsum

164 3595 333 3670 deserente,
364 3609 566 3656 successerunt
589 3599 620 3657 in
646 3598 747 3658 dextro
773 3618 858 3656 crure
877 3597 1024 3688 podagra,
1058 3597 1146 3658 culici
1164 3602 1292 3662 subinde

163 3683 349 3734 recurrentes
370 3671 498 3748 dolores,
520 3673 647 3734 calculus
667 3673 804 3752 denique,
825 3691 917 3752 quem*
932 3673 1043 3752 alioqui
1064 3697 1214 3757 nunquam
1234 3680 1291 3738 nisi

163 3750 276 3830 aliquot
303 3761 371 3809 ante
398 3763 523 3810 mortem
548 3751 694 3810 mensibus
720 3763 859 3812 senserat.
900 3750 1008 3810 Medici
1029 3771 1221 3834 quaecunque
1241 3777 1291 3814 re-

162 3827 258 3887 media
277 3837 416 3906 poterant
435 3825 627 3901 adhibebant,
648 3847 703 3887 nec
724 3828 872 3907 quisquam
892 3826 1044 3887 hominum
1066 3828 1134 3903 luit,
1154 3832 1206 3912 qui
1225 3853 1292 3892 me-

164 3904 297 3965 dicorum
327 3916 482 3983 praecepta
513 3904 675 3964 accuratius
705 3903 884 3964 observaret:
920 3904 1109 3983 raeteroquiu
1141 3910 1221 3986 quod
1253 3909 1291 3970 ad

163 3981 251 4040 animi
274 3979 391 4039 labores
416 3981 519 4040 attInet
538 3981 710 4041 valetudinis
735 3979 1015 4060 negligentissimus,
1047 3982 1120 4042 adeo
1147 3997 1179 4043 ut
1205 3985 1291 4044 illum

162 4071 201 4114 ne
221 4056 490 4136 acerrimiquidem
521 4058 721 4128 hemicraneae
747 4057 864 4117 dolores
889 4078 1016 4136 unquam
1040 4079 1056 4118 a
1081 4061 1289 4122 concionando

161 4131 377 4209 prothuerint.
427 4130 489 4192 Tot
516 4147 612 4193 autem
643 4133 759 4193 morbis
779 4155 948 4214 oppressum
980 4155 1068 4192 nemo
1093 4157 1131 4196 ne
1153 4139 1290 4200 voculam

162 4207 281 4340 quidem
301 4209 410 4270 audivit
425 4211 606 4270 emittentem
628 4211 707 4284 forti,
728 4212 835 4269 nedum
857 4211 1025 4270 Christiano
1045 4211 1107 4272 viro
1126 4215 1289 4297 indignam.

192 4294 292 4342 autum
322 4283 425 4347 oculos
455 4288 486 4346 in
519 4287 634 4348 eoelum
663 4286 815 4363 attollens,
848 4287 1061 4366 „Usquequ0,
1082 4290 1290 4370 inquiebat,

161 4358 359 4435 „Dominel”
389 4363 448 4425 hoc
474 4365 550 4426 euim
577 4366 663 4427 etiam
688 4364 786 4428 valens
811 4373 950 4444 tanquam
978 4364 1141 4444 symbolum
1169 4371 1200 4428 in
1232 4389 1288 4428 ore
