2786 4742
382 247 634 306 Arosrommm
651 255 852 308 mamrorro.
903 268 907 294 t
1087 235 1095 254 ⁸
1128 251 1187 318 att

18 447 20 458 ,
56 390 94 452 ad
119 389 281 472 implendas
308 389 537 471 promissiones,
568 408 644 469 quae
673 389 744 450 olim
774 391 910 454 Patribus
941 392 1026 456 datae
1057 391 1186 468 fuerant
1246 437 1247 444 κ

57 469 192 528 adhom.
204 475 252 538 15,
271 473 299 532 8.
337 467 430 546 Atqui
449 465 574 546 speciale
595 465 698 526 foedos
718 457 870 559 pepigerat
888 467 969 540 Deus
989 492 1054 536 cum
1074 491 1188 553 genere
1219 501 1220 504 ¹

54 545 202 604 Abrahae.
239 545 309 604 Non
329 543 379 604 abs
398 563 431 602 re
452 563 526 624 ergo,
544 542 679 624 Christos
698 545 783 603 initio
803 545 860 604 Dei
880 546 1050 622 gratiamin
1071 549 1194 630 populo·

57 621 155 680 electo
176 619 332 694 continuit,
353 620 448 679 donec
468 631 612 678 maturum
634 619 747 679 adesset
767 621 827 680 eius
847 621 1039 700 publicandae
1057 635 1184 705 tempus.

56 699 86 756 A
110 697 327 756 resurrectione
351 717 422 758 vero
451 695 688 756 benedictionem
714 697 843 756 secundo
869 697 936 758 loco
961 700 1129 777 promissam
1153 704 1196 762 in.

56 773 90 832 in
112 793 215 832 omnes
235 784 337 854 gentes
358 762 477 848 esfudil,
501 773 569 851 quia
590 783 620 832 et
638 783 709 832 tunc
729 772 824 832 velum
844 766 953 854 templi
969 773 1087 836 scissum
1108 791 1188 856 erat,¹

58 862 90 910 et
110 850 218 910 dissidii
237 849 359 913 maceria
373 850 475 910 diruta.
514 841 595 930 Ergo
616 849 639 908 si
659 849 707 908 eui
719 851 835 910 ridetur
854 872 955 930 parum
976 849 1100 911 hmnana
1114 853 1187 916 haee

56 926 241 1006 prohibitio,
276 927 345 987 llum
377 927 510 986 Christus
549 937 653 1006 gentes
683 925 836 1007 Evangelii
864 927 1092 1007 participatione
1123 951 1186 992 non

24 1031 27 1038 ¹
57 1003 211 1084 dignator,
242 1005 265 1062 is
290 1025 355 1064 cum
375 1002 443 1063 Deo
469 1001 582 1080 litiget,
613 1006 664 1082 qui
695 1001 840 1082 reliquum
866 1004 1006 1064 rorandum
1032 1004 1188 1066 excludens

57 1103 125 1139 cum
144 1079 209 1140 solo
230 1077 366 1141 Abrahae
384 1079 496 1150 semine
516 1079 620 1140 foedus
639 1101 723 1140 suum
743 1080 880 1156 sancivit,
899 1081 978 1142 unde
998 1079 1056 1142 hoc
1077 1080 1190 1147 Christi

56 1157 226 1216 mandatum
246 1156 404 1237 dependet.
813 1221 815 1230 s
946 1159 950 1174 '
1071 1175 1073 1182 ⁴

134 1239 164 1297 6.
200 1233 301 1292 Potius
318 1229 362 1298 orl,
377 1253 441 1308 ooes
454 1229 596 1308 perdam.
634 1231 780 1304 Priorem,
800 1245 834 1294 ut
853 1233 921 1308 dixi,
940 1232 1039 1312 locum
1060 1234 1114 1294 assi
1138 1247 1196 1296 nat.
1278 1261 1280 1266 ·

55 1311 191 1382 Iudaeis,
225 1311 292 1388 quia
310 1309 502 1390 primogeniti
522 1319 618 1368 erant:
650 1309 709 1370 imo
730 1311 797 1390 quia
817 1323 888 1370 tune
907 1311 986 1390 ipsos
1006 1309 1085 1372 solos
1137 1327 1188 1374 eus

56 1389 89 1448 in
110 1409 160 1448 sna
184 1385 293 1446 familia
318 1388 472 1462 censebat,
501 1407 591 1463 quum
616 1384 664 1444 alii
691 1399 788 1448 esseut
812 1388 951 1447 extranei.
985 1388 1028 1446 Et
1052 1387 1189 1450 nominat

57 1485 129 1526 oves
154 1461 300 1542 perditas,
329 1474 391 1522 tum
421 1475 455 1521 ut
485 1462 687 1522 misericordia
711 1465 779 1526 tacti
804 1465 926 1525 alacrius
957 1475 987 1522 et
1017 1464 1190 1540 ardentiore

57 1539 157 1602 studio
177 1537 233 1622 illis
247 1551 417 1598 succurrant
426 1537 576 1618 Apostoli,
594 1549 657 1596 tum
668 1549 702 1610 ut
720 1519 812 1600 sciaul
830 1541 860 1599 in
880 1543 1043 1620 praesentia
1064 1539 1189 1620 uberem

27 1659 31 1668 -
56 1615 371 1678 laborandi'materiam
387 1616 442 1676 sibi
456 1627 629 1695 suppetere:
651 1626 797 1675 ettamen
817 1617 872 1678 sub
892 1617 968 1677 illins
979 1617 1074 1698 gentis
1094 1617 1113 1676 fi
1136 1640 1189 1682 ura

57 1694 164 1754 docuit
178 1691 322 1764 Christus,
342 1692 434 1772 qualis
454 1691 491 1752 sit
510 1691 601 1766 totius
620 1691 746 1752 humani.
759 1693 876 1774 generis
896 1695 1037 1754 conditio.
1076 1637 1190 1772 Iuiaei,

57 1770 111 1851 qui
140 1769 208 1828 Deo
231 1769 400 1849 'propinqui
430 1780 460 1829 et
491 1767 635 1849 foederati
667 1780 765 1843 erant,
796 1770 931 1852 adeoque
958 1769 1083 1854 legitimi
1110 1773 1189 1834 ritae
1258 1763 1259 1772 ¹

56 1859 196 1908 aeternae
208 1844 358 1920 haeredes,
377 1845 484 1938 perditi
498 1857 596 1904 tamen
609 1845 755 1918 dicuntur,
774 1845 870 1908 donec
890 1847 1053 1908 salutem-in
1066 1849 1189 1911 Christo
1296 1873 1297 1876 ¹

54 1933 244 2003 recuperent.
284 1920 365 1995 Quid
384 1924 474 2004 igitur
497 1921 583 1982 nobis
602 1921 640 1982 sit
659 1921 821 1997 residuum,
847 1925 897 2004 qui
917 1924 1008 2006 longe
1032 1925 1190 1988 interiores

55 2002 175 2070 honore
193 1997 307 2058 sumus?
348 1999 506 2062 Caeterum
526 2001 620 2058 ovium
643 2019 752 2060 nomen
778 2001 915 2080 reprobis
935 2023 1055 2082 quoque
1071 2003 1190 2080 tribuit,

56 2077 111 2158 qui
130 2097 185 2158 pro
207 2077 250 2135 rie
270 2095 304 2134 ex
322 2095 414 2158 grege
432 2075 493 2135 Dei
513 2097 574 2135 non
594 2088 693 2147 erant,
714 2077 780 2154 quia
800 2077 835 2136 ad
855 2087 951 2137 totum
992 2079 1115 2157 opulom
1156 2101 1190 2143 te·

54 2153 143 2215 tebat
160 2095 298 2236 arloptio:
325 2152 411 2212 sicuti
430 2150 499 2210 alibi
518 2149 594 2210 filios
612 2151 698 2230 regni
718 2164 816 2225 vocat,
841 2154 891 2232 qui
908 2166 960 2213 tan
983 2175 1027 2214 em
1047 2103 1189 2247 perfidiae

56 2250 129 2292 suae
149 2225 235 2307 culpa
253 2227 408 2288 abdicandi
427 2236 511 2286 erant
529 2226 647 2297 (Matth.
658 2232 687 2296 8,
708 2232 776 2300 12).
815 2228 851 2286 In
871 2251 993 2302 summa,
1013 2251 1112 2290 ovium
1132 2253 1189 2293 noa

55 2309 138 2367 mine
157 2303 445 2384 Iudaeoshpostolis
465 2303 653 2362 commendat
673 2300 818 2376 Christus,
839 2317 871 2362 ut
890 2305 946 2366 illis
964 2321 1046 2366 'snam
1061 2323 1189 2387 ‘operam

54 2383 209 2455 addicant,
236 2380 303 2459 quia
323 2401 384 2439 non
404 2389 544 2459 poterant
562 2380 593 2437 in
613 2397 705 2460 grege
724 2376 784 2436 Dei
808 2399 971 2462 agnoscere
1001 2383 1056 2444 nisi
1082 2384 1190 2464 quiin

54 2459 136 2530 ovile
155 2456 417 2540 aggregatiserant.

135 2541 163 2601 7.
192 2530 375 2608 Praedicare,
394 2529 517 2590 dicentes
527 2543 579 2590 etc.
608 2530 686 2604 ¹Hoc
697 2541 740 2590 est
752 2530 832 2610 quod
844 2531 900 2592 dixi
913 2533 1112 2611 praeconium,
1127 2549 1188 2612 quo

57 2611 135 2694 erigi
175 2608 257 2691 opoli
269 2609 382 2692 animos
400 2607 638 2669 voluitChristus
658 2605 689 2666 in
709 2627 791 2688 spem
811 2609 1192 2690 propinquaeredemptio-

55 2691 114 2752 nis.
152 2633 212 2748 iro
232 2707 353 2762 regnum
370 2684 513 2746 coelorum
531 2685 624 2744 Lucas
645 2685 862 2777 ponitregnem
871 2685 942 2758 Dei,
963 2685 1068 2749 eodem
1087 2707 1204 2746 sensusx
1241 2749 1261 2768 l

55 2785 166 2845 nempe
186 2775 220 2824 ut
238 2765 347 2822 scirent
370 2762 487 2836 Iudaei,
506 2763 632 2842 primum
652 2783 682 2822 se
703 2761 839 2822 divinitus
860 2763 989 2838 restitui,
1009 2783 1072 2836 non
1092 2762 1190 2824 homi-

55 2865 130 2904 num
149 2841 309 2901 beneficio:
334 2839 441 2918 deinde
460 2838 577 2900 felicem
601 2839 654 2899 sub
675 2837 742 2899 Deo
762 2847 958 2921 regee‘orum
977 2839 1043 2923 sore
1067 2852 1189 2901 statum:

56 2913 168 2992 tertio,
191 2937 253 2977 non
278 2929 427 2976 terrenam
451 2937 484 2976 ac
508 2917 647 2978 caducam
671 2916 855 2987 felicitatem,
872 2915 931 2981 illis
960 2917 1109 2997 promitti,
1136 2917 1191 2981 sed

57 2995 218 3058 coelestem
239 3004 271 3052 et
289 3014 439 3073 nunquam
459 2993 626 3054 finiendam.
1068 3037 1071 3046 .

110 3149 113 3154 1
135 3077 164 3136 8.
202 3069 342 3149 Infirmos
358 3077 470 3131 sonore.
509 3071 602 3130 Sicuti
623 3047 769 3162 potestal'e
790 3091 842 3153 eos¹
866 3069 1019 3144 instruxit,
1044 3069 1087 3131 sic
1105 3067 1190 3133 iubet

56 3147 161 3210 fideles
182 3158 212 3207 et
235 3147 370 3207 liberales
390 3165 452 3206 csse
473 3147 534 3206 eius
559 3148 725 3221 ministros,
751 3167 874 3228 eamque
897 3170 930 3208 su
955 3146 1080 3226 primere
1099 3157 1190 3228 vetat,

56 3244 134 3307 quae
153 3224 184 3284 in
204 3240 360 3284 commune
373 3223 503 3314 omninpu
523 3223 636 3283 boou'm
655 3224 733 3303 apud
752 3225 831 3305 ipsos
851 3236 914 3284 erat
929 3169 1072 3304 leposita.
1111 3223 1192 3286 Cae-

55 3317 155 3364 terum
175 3299 321 3360 miraculis
340 3299 401 3359 istis
422 3299 571 3380 designat,
616 3321 734 3360 uorsum
754 3323 770 3361 a
789 3301 878 3361 Patre
903 3302 1006 3362 missus
1026 3299 1131 3375 suerit,
1159 3314 1192 3363 et

58 3378 191 3459 quisnam
211 3377 250 3436 sit
260 3375 412 3458 Evangelii
432 3377 477 3436 sui
497 3376 572 3436 finis.
641 3395 716 3456 eque
737 3379 812 3437 enirn
832 3389 946 3452 temere
965 3389 1099 3438 mortuos
1113 3377 1192 3437 exci-
1278 3405 1286 3430 ι

56 3469 123 3516 tare
143 3465 174 3513 et
193 3463 331 3534 aegrotos
351 3473 453 3512 sanare
473 3453 570 3533 potius
587 3451 685 3526 iubet,
706 3475 791 3534 quam
810 3454 921 3515 morbis
940 3475 1026 3516 sanos
1046 3445 1192 3548 affligere,

57 3543 109 3592 aut
128 3542 256 3590 mortem
275 3529 410 3610 infligere
421 3527 594 3590 viventibus.
631 3528 805 3612 Analogiam
827 3551 898 3612 ergo
920 3543 950 3591 et
968 3530 1190 3592 similitudmem

56 3607 170 3668 habent
188 3603 325 3666 miracola
345 3626 410 3664 cum
431 3605 531 3667 officio
553 3605 673 3680 Christi,
693 3619 725 3665 ut
759 3607 877 3682 ciamus,
896 3607 1011 3668 venisse
1025 3607 1111 3667 nobis
1132 3604 1192 3664 bo-

56 3705 166 3745 norum
186 3683 317 3744 omnium
336 3693 503 3757 auctorem,
527 3683 578 3762 qui
599 3703 653 3742 nos
673 3703 689 3743 a
710 3630 835 3744 Salariae
853 3686 1021 3764 mortisque
1035 3679 1191 3762 tyrannide
1283 3751 1287 3765 Ι
1381 3731 1382 3760 ἢ

56 3762 184 3896 liberet}
208 3757 259 3839 qui
288 3769 375 3822 sanet
397 3760 518 3822 morbos
542 3771 661 3820 nostros
688 3771 718 3820 et
736 3760 819 3836 vitia,
850 3772 881 3820 et
903 3759 1027 3822 miseriis
1052 3757 1192 3818 omnibus
1218 3809 1221 3816 .

57 3859 77 3899 o
101 3858 148 3897 em
182 3847 252 3896 erat.
1066 3850 1068 3858 '

79 3859 98 3918 p
139 3912 275 3972 Gratuita
292 3915 450 3990 accepistis.
492 3911 563 3985 Quo
583 3911 721 3973 libentius
732 3913 961 3987 communicent,
981 3929 1056 3990 quae
1074 3909 1106 3970 in
1121 3909 1199 3970 illos·

10 4039 16 4048 .
58 3989 338 4062 contuleratdona,
370 3989 530 4072 significat,
562 4009 625 4049 non
647 3989 678 4048 in
699 3991 838 4070 privatam
857 4011 937 4051 suam
957 3987 1082 4070 gloriam
1101 3981 1191 4046 luisse

59 4067 115 4127 illis
136 4067 261 4141 credita,
286 4067 339 4126 sed
359 4079 392 4126 ut
411 4065 556 4148 gratuitae
574 4066 632 4126 Dei
651 4066 863 4129 beneficentiae
884 4065 1003 4146 quidam
1022 4065 1081 4124 sint
1099 4061 1191 4125 veluti

57 4142 187 4205 canales:
206 4143 265 4204 acsi
284 4144 412 4217 diceret,
437 4142 576 4224 Cogitate
601 4142 681 4202 unde
706 4143 789 4204 vobis
814 4141 987 4223 provenerit
1012 4140 1084 4201 haec
1102 4151 1192 4221 pote·

57 4233 131 4293 stas,
162 4219 247 4280 sicuti
272 4220 355 4280 nullo
375 4230 473 4281 vestro
492 4220 599 4280 merito
625 4240 660 4279 ex
685 4239 764 4281 mera
783 4219 842 4280 Dei
860 4219 954 4301 gratia
981 4217 1081 4293 fluxit,
1110 4237 1191 4279 nune

10 4311 12 4370 t
56 4308 159 4362 vestro
188 4295 351 4356 ministerio
365 4297 471 4389 'gratis
494 4296 531 4355 ad
556 4296 628 4356 alios
649 4313 769 4358 manare
796 4296 890 4356 de'eet.
940 4294 1072 4370 Scimus,
1101 4314 1190 4374 qoam
1284 4347 1285 4354 ,

10 4373 12 4424 ἰ
56 4391 147 4456 aegre
165 4372 313 4452 impertiat
323 4393 446 4456 quisque
465 4367 543 4460 aliis,
558 4371 706 4456 quodtibi
724 4373 873 4456 peculiare
886 4391 949 4438 cate
960 4381 1062 4454 putat:
1083 4371 1191 4436 deinde
