<?xml version="1.0" encoding="UTF-8"?>
<!DOCTYPE html PUBLIC "-//W3C//DTD XHTML 1.0 Transitional//EN"
    "http://www.w3.org/TR/xhtml1/DTD/xhtml1-transitional.dtd">
<html xmlns="http://www.w3.org/1999/xhtml" xml:lang="en" lang="en">
 <head>
  <title>
</title>
<meta http-equiv="Content-Type" content="text/html;charset=utf-8" />
  <meta name='ocr-system' content='tesseract 3.04.00' />
  <meta name='ocr-capabilities' content='ocr_page ocr_carea ocr_par ocr_line ocrx_word'/>
</head>
<body>
  <div class='ocr_page' id='page_1' title='image "./innovumtestamen01tholgoog_0158.png"; bbox 0 0 2824 4756; ppageno 0'>
   <div class='ocr_carea' id='block_1_1' title="bbox 60 223 1224 1300">
    <p class='ocr_par' dir='ltr' id='par_1_1' title="bbox 94 223 1220 533">
     <span class='ocr_line' id='line_1_1' title="bbox 400 223 1217 334; baseline -0.001 -40"><span class='ocrx_word' id='word_1_1' title='bbox 400 229 550 318; x_wconf 68' lang='lat' dir='ltr'><strong>(Sl-22.</strong></span> <span class='ocrx_word' id='word_1_2' title='bbox 570 227 715 292; x_wconf 78' lang='lat' dir='ltr'><strong>Simeonis</strong></span> <span class='ocrx_word' id='word_1_3' title='bbox 733 229 921 334; x_wconf 34' lang='lat' dir='ltr'><strong>prophetia.)</strong></span> <span class='ocrx_word' id='word_1_4' title='bbox 947 223 949 228; x_wconf 39' lang='lat'><strong><em>¹</em></strong></span> <span class='ocrx_word' id='word_1_5' title='bbox 1020 239 1025 245; x_wconf 85' lang='lat'><em>&#39;</em></span> <span class='ocrx_word' id='word_1_6' title='bbox 1179 237 1217 302; x_wconf 70' lang='grc' dir='ltr'><strong>’Π</strong></span> 
     </span>
     <span class='ocr_line' id='line_1_2' title="bbox 96 361 1220 456; baseline 0.001 -17"><span class='ocrx_word' id='word_1_7' title='bbox 96 375 218 450; x_wconf 86' lang='lat' dir='ltr'><strong>solatio,</strong></span> <span class='ocrx_word' id='word_1_8' title='bbox 238 394 316 456; x_wconf 87' lang='lat' dir='ltr'><strong>qnae</strong></span> <span class='ocrx_word' id='word_1_9' title='bbox 333 373 511 436; x_wconf 87' lang='lat' dir='ltr'><strong>rem-sensui</strong></span> <span class='ocrx_word' id='word_1_10' title='bbox 530 371 789 434; x_wconf 78' lang='lat' dir='ltr'><strong>nostr&#39;nndiosam</strong></span> <span class='ocrx_word' id='word_1_11' title='bbox 805 375 933 456; x_wconf 78' lang='lat' dir='ltr'><strong>mitigata</strong></span> <span class='ocrx_word' id='word_1_12' title='bbox 957 374 1016 438; x_wconf 90' lang='lat' dir='ltr'><strong>hoc</strong></span> <span class='ocrx_word' id='word_1_13' title='bbox 1036 363 1114 440; x_wconf 89' lang='lat' dir='ltr'><strong>enim</strong></span> <span class='ocrx_word' id='word_1_14' title='bbox 1133 361 1220 440; x_wconf 89' lang='lat' dir='ltr'><strong>triste</strong></span> 
     </span>
     <span class='ocr_line' id='line_1_3' title="bbox 94 439 1220 533; baseline 0.004 -20"><span class='ocrx_word' id='word_1_15' title='bbox 94 468 139 516; x_wconf 85' lang='lat' dir='ltr'><strong>est</strong></span> <span class='ocrx_word' id='word_1_16' title='bbox 159 455 275 525; x_wconf 83' lang='lat' dir='ltr'><strong>auditu,</strong></span> <span class='ocrx_word' id='word_1_17' title='bbox 295 439 319 512; x_wconf 91' lang='lat' dir='ltr'><strong>si</strong></span> <span class='ocrx_word' id='word_1_18' title='bbox 338 451 410 511; x_wconf 88' lang='lat' dir='ltr'><strong>nihil</strong></span> <span class='ocrx_word' id='word_1_19' title='bbox 429 451 507 510; x_wconf 82' lang='lat' dir='ltr'><strong>aliud</strong></span> <span class='ocrx_word' id='word_1_20' title='bbox 526 451 663 524; x_wconf 78' lang='lat' dir='ltr'><strong>addatur,</strong></span> <span class='ocrx_word' id='word_1_21' title='bbox 687 450 838 522; x_wconf 51' lang='lat' dir='ltr'><strong>¹Christ-nm</strong></span> <span class='ocrx_word' id='word_1_22' title='bbox 858 471 919 510; x_wconf 90' lang='lat' dir='ltr'><strong>esse</strong></span> <span class='ocrx_word' id='word_1_23' title='bbox 938 451 1062 532; x_wconf 79' lang='lat' dir='ltr'>lapidem</span> <span class='ocrx_word' id='word_1_24' title='bbox 1081 457 1220 533; x_wconf 84' lang='lat' dir='ltr'><strong>scandali,</strong></span> 
     </span>
    </p>

    <p class='ocr_par' dir='ltr' id='par_1_2' title="bbox 60 525 1224 1300">
     <span class='ocr_line' id='line_1_4' title="bbox 117 525 1218 610; baseline 0.002 -20"><span class='ocrx_word' id='word_1_25' title='bbox 117 533 145 590; x_wconf 94' lang='lat' dir='ltr'><strong>ui</strong></span> <span class='ocrx_word' id='word_1_26' title='bbox 166 549 216 591; x_wconf 85' lang='lat' dir='ltr'><strong>sua</strong></span> <span class='ocrx_word' id='word_1_27' title='bbox 233 528 357 588; x_wconf 74' lang='lat' dir='ltr'><strong>‘duritie</strong></span> <span class='ocrx_word' id='word_1_28' title='bbox 386 547 518 604; x_wconf 81' lang='lat' dir='ltr'><strong>magnam</strong></span> <span class='ocrx_word' id='word_1_29' title='bbox 550 527 702 586; x_wconf 89' lang='lat' dir='ltr'><strong>hominum</strong></span> <span class='ocrx_word' id='word_1_30' title='bbox 733 539 848 606; x_wconf 85' lang='lat' dir='ltr'><strong>partem</strong></span> <span class='ocrx_word' id='word_1_31' title='bbox 877 525 991 610; x_wconf 71' lang='lat' dir='ltr'><strong>franget</strong></span> <span class='ocrx_word' id='word_1_32' title='bbox 1013 554 1047 594; x_wconf 86' lang='lat' dir='ltr'><strong>ac</strong></span> <span class='ocrx_word' id='word_1_33' title='bbox 1073 545 1218 598; x_wconf 71' lang='lat' dir='ltr'><strong>conteret</strong></span> 
     </span>
     <span class='ocr_line' id='line_1_5' title="bbox 94 555 1219 690; baseline -0.006 -23"><span class='ocrx_word' id='word_1_34' title='bbox 94 555 177 690; x_wconf 66' lang='lat' dir='ltr'><strong>hrgo</strong></span> <span class='ocrx_word' id='word_1_35' title='bbox 199 607 235 666; x_wconf 96' lang='lat' dir='ltr'><strong>ad</strong></span> <span class='ocrx_word' id='word_1_36' title='bbox 257 607 397 666; x_wconf 82' lang='lat' dir='ltr'><strong>diversum</strong></span> <span class='ocrx_word' id='word_1_37' title='bbox 419 608 479 665; x_wconf 81' lang='lat' dir='ltr'><strong>eius</strong></span> <span class='ocrx_word' id='word_1_38' title='bbox 500 603 631 664; x_wconf 81' lang='lat' dir='ltr'><strong>officium</strong></span> <span class='ocrx_word' id='word_1_39' title='bbox 650 623 705 664; x_wconf 89' lang='lat' dir='ltr'><strong>nos</strong></span> <span class='ocrx_word' id='word_1_40' title='bbox 725 613 843 662; x_wconf 88' lang='lat' dir='ltr'><strong>revocat</strong></span> <span class='ocrx_word' id='word_1_41' title='bbox 863 603 1026 683; x_wconf 71' lang='lat' dir='ltr'><strong>Scriptura,</strong></span> <span class='ocrx_word' id='word_1_42' title='bbox 1050 611 1129 688; x_wconf 80' lang='lat' dir='ltr'><strong>quad</strong></span> <span class='ocrx_word' id='word_1_43' title='bbox 1149 607 1219 669; x_wconf 55' lang='lat' dir='ltr'><strong>sima</strong></span> 
     </span>
     <span class='ocr_line' id='line_1_6' title="bbox 96 678 1219 766; baseline 0.003 -22"><span class='ocrx_word' id='word_1_44' title='bbox 96 685 163 744; x_wconf 89' lang='lat' dir='ltr'><strong>data</strong></span> <span class='ocrx_word' id='word_1_45' title='bbox 187 685 219 743; x_wconf 90' lang='lat' dir='ltr'><strong>in</strong></span> <span class='ocrx_word' id='word_1_46' title='bbox 240 705 276 742; x_wconf 90' lang='lat' dir='ltr'><strong>eo</strong></span> <span class='ocrx_word' id='word_1_47' title='bbox 297 682 446 741; x_wconf 89' lang='lat' dir='ltr'><strong>hominum</strong></span> <span class='ocrx_word' id='word_1_48' title='bbox 471 681 546 740; x_wconf 90' lang='lat' dir='ltr'><strong>salus</strong></span> <span class='ocrx_word' id='word_1_49' title='bbox 571 683 724 752; x_wconf 75' lang='lat' dir='ltr'><strong>consistat,</strong></span> <span class='ocrx_word' id='word_1_50' title='bbox 754 681 829 739; x_wconf 75' lang='lat' dir='ltr'><strong>sic‘ut</strong></span> <span class='ocrx_word' id='word_1_51' title='bbox 849 678 953 739; x_wconf 85' lang='lat' dir='ltr'><strong>Irsaias</strong></span> <span class='ocrx_word' id='word_1_52' title='bbox 980 683 1064 742; x_wconf 89' lang='lat' dir='ltr'><strong>etiam</strong></span> <span class='ocrx_word' id='word_1_53' title='bbox 1089 687 1219 766; x_wconf 83' lang='lat' dir='ltr'><strong>loquitur</strong></span> 
     </span>
     <span class='ocr_line' id='line_1_7' title="bbox 94 755 1220 838; baseline 0.004 -21"><span class='ocrx_word' id='word_1_54' title='bbox 94 765 136 834; x_wconf 70' lang='lat' dir='ltr'><strong>ts,</strong></span> <span class='ocrx_word' id='word_1_55' title='bbox 156 761 234 837; x_wconf 60' lang='lat' dir='ltr'><strong>aa),</strong></span> <span class='ocrx_word' id='word_1_56' title='bbox 259 757 418 818; x_wconf 89' lang='lat' dir='ltr'><strong>Dominum</strong></span> <span class='ocrx_word' id='word_1_57' title='bbox 443 757 620 817; x_wconf 86' lang='lat' dir='ltr'><strong>exercituum</strong></span> <span class='ocrx_word' id='word_1_58' title='bbox 640 755 841 830; x_wconf 71' lang='lat' dir='ltr'><strong>sanctificate,</strong></span> <span class='ocrx_word' id='word_1_59' title='bbox 863 757 902 816; x_wconf 90' lang='lat' dir='ltr'><strong>sit</strong></span> <span class='ocrx_word' id='word_1_60' title='bbox 927 758 988 836; x_wconf 88' lang='lat' dir='ltr'><strong>ipse</strong></span> <span class='ocrx_word' id='word_1_61' title='bbox 1007 760 1220 838; x_wconf 73' lang='lat' dir='ltr'><strong>timor‘vester,</strong></span> 
     </span>
     <span class='ocr_line' id='line_1_8' title="bbox 96 833 1219 910; baseline 0.003 -14"><span class='ocrx_word' id='word_1_62' title='bbox 96 851 129 896; x_wconf 89' lang='lat' dir='ltr'><strong>et</strong></span> <span class='ocrx_word' id='word_1_63' title='bbox 154 839 213 906; x_wconf 82' lang='lat' dir='ltr'><strong>crit</strong></span> <span class='ocrx_word' id='word_1_64' title='bbox 236 835 321 896; x_wconf 79' lang='lat' dir='ltr'><strong>vohis</strong></span> <span class='ocrx_word' id='word_1_65' title='bbox 338 835 375 893; x_wconf 84' lang='lat' dir='ltr'><strong>in</strong></span> <span class='ocrx_word' id='word_1_66' title='bbox 400 835 590 896; x_wconf 73' lang='lat' dir='ltr'><strong>sanctuarium</strong></span> <span class='ocrx_word' id='word_1_67' title='bbox 612 833 661 893; x_wconf 82' lang='lat' dir='ltr'><strong>rel</strong></span> <span class='ocrx_word' id='word_1_68' title='bbox 686 854 783 893; x_wconf 89' lang='lat' dir='ltr'><strong>arcem</strong></span> <span class='ocrx_word' id='word_1_69' title='bbox 815 833 967 892; x_wconf 83' lang='lat' dir='ltr'><strong>munitam.</strong></span> <span class='ocrx_word' id='word_1_70' title='bbox 1020 834 1129 910; x_wconf 78' lang='lat' dir='ltr'><strong>Clarius</strong></span> <span class='ocrx_word' id='word_1_71' title='bbox 1148 859 1219 900; x_wconf 79' lang='lat' dir='ltr'><strong>vern</strong></span> 
     </span>
     <span class='ocr_line' id='line_1_9' title="bbox 96 909 1220 992; baseline 0.002 -20"><span class='ocrx_word' id='word_1_72' title='bbox 96 915 214 988; x_wconf 85' lang='lat' dir='ltr'><strong>Petrus,</strong></span> <span class='ocrx_word' id='word_1_73' title='bbox 234 913 282 972; x_wconf 81' lang='lat' dir='ltr'><strong>Ad</strong></span> <span class='ocrx_word' id='word_1_74' title='bbox 303 931 388 991; x_wconf 89' lang='lat' dir='ltr'><strong>quem</strong></span> <span class='ocrx_word' id='word_1_75' title='bbox 409 911 579 972; x_wconf 86' lang='lat' dir='ltr'><strong>accedentes</strong></span> <span class='ocrx_word' id='word_1_76' title='bbox 599 911 723 990; x_wconf 86' lang='lat' dir='ltr'><strong>lapidem</strong></span> <span class='ocrx_word' id='word_1_77' title='bbox 735 910 842 983; x_wconf 81' lang='lat' dir='ltr'><strong>virum,</strong></span> <span class='ocrx_word' id='word_1_78' title='bbox 862 909 898 970; x_wconf 91' lang='lat' dir='ltr'><strong>ab</strong></span> <span class='ocrx_word' id='word_1_79' title='bbox 920 909 1220 992; x_wconf 78' lang='lat' dir='ltr'><strong>hominibus·quidem</strong></span> 
     </span>
     <span class='ocr_line' id='line_1_10' title="bbox 98 983 1222 1070; baseline 0 -22"><span class='ocrx_word' id='word_1_80' title='bbox 98 991 302 1070; x_wconf 88' lang='lat' dir='ltr'><strong>reprobatum,</strong></span> <span class='ocrx_word' id='word_1_81' title='bbox 334 1011 350 1047; x_wconf 91' lang='lat' dir='ltr'><strong>a</strong></span> <span class='ocrx_word' id='word_1_82' title='bbox 376 988 443 1048; x_wconf 86' lang='lat' dir='ltr'><strong>Deo</strong></span> <span class='ocrx_word' id='word_1_83' title='bbox 471 999 568 1046; x_wconf 89' lang='lat' dir='ltr'><strong>autem</strong></span> <span class='ocrx_word' id='word_1_84' title='bbox 594 987 718 1046; x_wconf 91' lang='lat' dir='ltr'><strong>electum</strong></span> <span class='ocrx_word' id='word_1_85' title='bbox 745 999 776 1047; x_wconf 87' lang='lat' dir='ltr'><strong>et</strong></span> <span class='ocrx_word' id='word_1_86' title='bbox 798 983 1136 1064; x_wconf 78' lang='lat' dir='ltr'><strong>bonorificeevectum,</strong></span> <span class='ocrx_word' id='word_1_87' title='bbox 1152 989 1222 1070; x_wconf 60' lang='lat' dir='ltr'><strong>apsi</strong></span> 
     </span>
     <span class='ocr_line' id='line_1_11' title="bbox 96 1063 1222 1146; baseline -0.001 -21"><span class='ocrx_word' id='word_1_88' title='bbox 96 1078 231 1146; x_wconf 90' lang='lat' dir='ltr'><strong>tanquam</strong></span> <span class='ocrx_word' id='word_1_89' title='bbox 241 1065 368 1146; x_wconf 57' lang='lat' dir='ltr'><strong>elapides</strong></span> <span class='ocrx_word' id='word_1_90' title='bbox 392 1065 449 1126; x_wconf 80' lang='lat' dir='ltr'><strong>rivi</strong></span> <span class='ocrx_word' id='word_1_91' title='bbox 473 1063 773 1144; x_wconf 84' lang='lat' dir='ltr'><strong>superaedificamini·</strong></span> <span class='ocrx_word' id='word_1_92' title='bbox 818 1064 893 1124; x_wconf 84' lang='lat' dir='ltr'><strong>Nam</strong></span> <span class='ocrx_word' id='word_1_93' title='bbox 918 1064 959 1123; x_wconf 89' lang='lat' dir='ltr'><strong>sic</strong></span> <span class='ocrx_word' id='word_1_94' title='bbox 983 1065 1117 1124; x_wconf 90' lang='lat' dir='ltr'><strong>continet</strong></span> <span class='ocrx_word' id='word_1_95' title='bbox 1143 1066 1222 1124; x_wconf 87' lang='lat' dir='ltr'><strong>Sc&#39;ri-</strong></span> 
     </span>
     <span class='ocr_line' id='line_1_12' title="bbox 95 1139 1224 1224; baseline -0.002 -23"><span class='ocrx_word' id='word_1_96' title='bbox 95 1156 192 1223; x_wconf 87' lang='lat' dir='ltr'><strong>ptura,</strong></span> <span class='ocrx_word' id='word_1_97' title='bbox 211 1139 292 1202; x_wconf 83' lang='lat' dir='ltr'><strong>Ecce</strong></span> <span class='ocrx_word' id='word_1_98' title='bbox 310 1163 390 1222; x_wconf 91' lang='lat' dir='ltr'><strong>pono</strong></span> <span class='ocrx_word' id='word_1_99' title='bbox 410 1143 439 1200; x_wconf 87' lang='lat' dir='ltr'><strong>in</strong></span> <span class='ocrx_word' id='word_1_100' title='bbox 462 1140 679 1222; x_wconf 56' lang='lat' dir='ltr'><strong>Sionsslapidem</strong></span> <span class='ocrx_word' id='word_1_101' title='bbox 700 1141 877 1224; x_wconf 82' lang='lat' dir='ltr'><strong>angularem,</strong></span> <span class='ocrx_word' id='word_1_102' title='bbox 898 1139 1066 1223; x_wconf 88' lang='lat' dir='ltr'><strong>probatum,</strong></span> <span class='ocrx_word' id='word_1_103' title='bbox 1088 1141 1224 1216; x_wconf 79' lang='lat' dir='ltr'><strong>electum,</strong></span> 
     </span>
     <span class='ocr_line' id='line_1_13' title="bbox 60 1214 1224 1300; baseline -0.003 -21"><span class='ocrx_word' id='word_1_104' title='bbox 60 1271 61 1274; x_wconf 64' lang='grc'>,</span> <span class='ocrx_word' id='word_1_105' title='bbox 94 1221 273 1300; x_wconf 85' lang='lat' dir='ltr'><strong>pretiosum:</strong></span> <span class='ocrx_word' id='word_1_106' title='bbox 294 1219 355 1296; x_wconf 75' lang='lat' dir='ltr'><strong>‘qui</strong></span> <span class='ocrx_word' id='word_1_107' title='bbox 376 1218 532 1278; x_wconf 78' lang='lat' dir='ltr'><strong>crediderit</strong></span> <span class='ocrx_word' id='word_1_108' title='bbox 551 1218 581 1276; x_wconf 82' lang='lat' dir='ltr'><strong>in</strong></span> <span class='ocrx_word' id='word_1_109' title='bbox 603 1237 655 1292; x_wconf 90' lang='lat' dir='ltr'><strong>eo,</strong></span> <span class='ocrx_word' id='word_1_110' title='bbox 679 1237 739 1278; x_wconf 91' lang='lat' dir='ltr'><strong>non</strong></span> <span class='ocrx_word' id='word_1_111' title='bbox 764 1218 901 1300; x_wconf 74' lang='lat' dir='ltr'><strong>pudehet</strong></span> <span class='ocrx_word' id='word_1_112' title='bbox 941 1214 1035 1278; x_wconf 84' lang='lat' dir='ltr'><strong>Vobis</strong></span> <span class='ocrx_word' id='word_1_113' title='bbox 1061 1232 1132 1300; x_wconf 73' lang='lat' dir='ltr'><strong>ergo</strong></span> <span class='ocrx_word' id='word_1_114' title='bbox 1159 1229 1224 1277; x_wconf 78' lang='lat' dir='ltr'><strong>cr&#39;e-</strong></span> 
     </span>
    </p>
   </div>
   <div class='ocr_carea' id='block_1_2' title="bbox 98 1287 1331 1376">
    <p class='ocr_par' dir='ltr' id='par_1_3' title="bbox 98 1287 1331 1376">
     <span class='ocr_line' id='line_1_14' title="bbox 98 1287 1331 1376; baseline -0.002 -20"><span class='ocrx_word' id='word_1_115' title='bbox 98 1296 399 1375; x_wconf 76' lang='lat' dir='ltr'><strong>dentibuspretiosus</strong></span> <span class='ocrx_word' id='word_1_116' title='bbox 424 1307 488 1354; x_wconf 81' lang='lat' dir='ltr'><strong>est:</strong></span> <span class='ocrx_word' id='word_1_117' title='bbox 519 1315 580 1354; x_wconf 90' lang='lat' dir='ltr'><strong>non</strong></span> <span class='ocrx_word' id='word_1_118' title='bbox 601 1295 793 1364; x_wconf 72' lang='lat' dir='ltr'><strong>‚credentibus</strong></span> <span class='ocrx_word' id='word_1_119' title='bbox 818 1307 930 1368; x_wconf 88' lang='lat' dir='ltr'><strong>autem,</strong></span> <span class='ocrx_word' id='word_1_120' title='bbox 950 1291 1033 1376; x_wconf 77' lang='lat' dir='ltr'><strong>&#39;lapis</strong></span> <span class='ocrx_word' id='word_1_121' title='bbox 1057 1315 1144 1376; x_wconf 70' lang='lat' dir='ltr'><strong>quiem</strong></span> <span class='ocrx_word' id='word_1_122' title='bbox 1175 1312 1224 1362; x_wconf 88' lang='lat' dir='ltr'><strong>re-·</strong></span> <span class='ocrx_word' id='word_1_123' title='bbox 1327 1287 1331 1306; x_wconf 70' lang='lat'>⁸</span> 
     </span>
    </p>
   </div>
   <div class='ocr_carea' id='block_1_3' title="bbox 21 1369 1292 2598">
    <p class='ocr_par' dir='ltr' id='par_1_4' title="bbox 22 1369 1292 2068">
     <span class='ocr_line' id='line_1_15' title="bbox 119 1369 1223 1450; baseline 0.003 -18"><span class='ocrx_word' id='word_1_124' title='bbox 119 1369 314 1434; x_wconf 74' lang='lat' dir='ltr'><strong>rohaierunt·</strong></span> <span class='ocrx_word' id='word_1_125' title='bbox 330 1369 620 1446; x_wconf 48' lang='lat' dir='ltr'><strong>aedificantemetc&#39;.</strong></span> <span class='ocrx_word' id='word_1_126' title='bbox 651 1371 689 1450; x_wconf 88' lang='grc' dir='ltr'><strong>(Ι.</strong></span> <span class='ocrx_word' id='word_1_127' title='bbox 716 1372 794 1430; x_wconf 86' lang='lat' dir='ltr'><strong>Petr.</strong></span> <span class='ocrx_word' id='word_1_128' title='bbox 818 1379 852 1445; x_wconf 77' lang='lat'><strong>2,</strong></span> <span class='ocrx_word' id='word_1_129' title='bbox 877 1377 970 1438; x_wconf 82' lang='grc'>4-8,</span> <span class='ocrx_word' id='word_1_130' title='bbox 1002 1374 1058 1432; x_wconf 92' lang='lat' dir='ltr'><strong>les.</strong></span> <span class='ocrx_word' id='word_1_131' title='bbox 1081 1371 1137 1445; x_wconf 75' lang='lat'><strong>28,</strong></span> <span class='ocrx_word' id='word_1_132' title='bbox 1163 1372 1223 1448; x_wconf 82' lang='lat'><strong>16.)</strong></span> 
     </span>
     <span class='ocr_line' id='line_1_16' title="bbox 98 1395 1223 1532; baseline 0 -24"><span class='ocrx_word' id='word_1_133' title='bbox 98 1395 179 1532; x_wconf 73' lang='lat' dir='ltr'><strong>ldrgo</strong></span> <span class='ocrx_word' id='word_1_134' title='bbox 206 1469 245 1507; x_wconf 90' lang='lat' dir='ltr'><strong>ne</strong></span> <span class='ocrx_word' id='word_1_135' title='bbox 267 1447 415 1507; x_wconf 82' lang='lat' dir='ltr'><strong>Christum</strong></span> <span class='ocrx_word' id='word_1_136' title='bbox 441 1447 525 1506; x_wconf 87' lang='lat' dir='ltr'><strong>nobis</strong></span> <span class='ocrx_word' id='word_1_137' title='bbox 552 1447 765 1507; x_wconf 72' lang='lat' dir='ltr'><strong>formidabilem</strong></span> <span class='ocrx_word' id='word_1_138' title='bbox 785 1450 887 1514; x_wconf 86' lang='lat' dir='ltr'><strong>reddat</strong></span> <span class='ocrx_word' id='word_1_139' title='bbox 907 1449 1036 1532; x_wconf 79' lang='lat' dir='ltr'><strong>elogium</strong></span> <span class='ocrx_word' id='word_1_140' title='bbox 1055 1449 1142 1522; x_wconf 86' lang='lat' dir='ltr'><strong>illud,</strong></span> <span class='ocrx_word' id='word_1_141' title='bbox 1163 1467 1223 1528; x_wconf 85' lang='lat' dir='ltr'><strong>quo</strong></span> 
     </span>
     <span class='ocr_line' id='line_1_17' title="bbox 97 1521 1225 1606; baseline -0.003 -20"><span class='ocrx_word' id='word_1_142' title='bbox 97 1521 375 1586; x_wconf 74' lang='lat' dir='ltr'><strong>vocatur‘Chr&#39;istus</strong></span> <span class='ocrx_word' id='word_1_143' title='bbox 402 1524 472 1602; x_wconf 90' lang='lat' dir='ltr'><strong>lapis</strong></span> <span class='ocrx_word' id='word_1_144' title='bbox 498 1525 640 1600; x_wconf 76' lang='lat' dir='ltr'><strong>scandali,</strong></span> <span class='ocrx_word' id='word_1_145' title='bbox 662 1525 757 1584; x_wconf 81' lang='lat' dir='ltr'><strong>statim</strong></span> <span class='ocrx_word' id='word_1_146' title='bbox 779 1546 794 1583; x_wconf 89' lang='lat' dir='ltr'><strong>e</strong></span> <span class='ocrx_word' id='word_1_147' title='bbox 815 1525 939 1606; x_wconf 80' lang='lat' dir='ltr'><strong>regione</strong></span> <span class='ocrx_word' id='word_1_148' title='bbox 960 1538 1109 1600; x_wconf 86' lang='lat' dir='ltr'><strong>occurrat,</strong></span> <span class='ocrx_word' id='word_1_149' title='bbox 1128 1527 1225 1606; x_wconf 85' lang='lat' dir='ltr'><strong>ipsunt</strong></span> 
     </span>
     <span class='ocr_line' id='line_1_18' title="bbox 98 1599 1259 1683; baseline 0.002 -22"><span class='ocrx_word' id='word_1_150' title='bbox 98 1600 338 1683; x_wconf 77' lang='lat' dir='ltr'><strong>quoquerocari</strong></span> <span class='ocrx_word' id='word_1_151' title='bbox 358 1599 481 1680; x_wconf 83' lang='lat' dir='ltr'><strong>lapidem</strong></span> <span class='ocrx_word' id='word_1_152' title='bbox 502 1601 680 1681; x_wconf 78' lang='lat' dir='ltr'><strong>angularem,</strong></span> <span class='ocrx_word' id='word_1_153' title='bbox 700 1622 759 1682; x_wconf 88' lang='lat' dir='ltr'><strong>quo</strong></span> <span class='ocrx_word' id='word_1_154' title='bbox 778 1601 938 1661; x_wconf 83' lang='lat' dir='ltr'><strong>sustinetur</strong></span> <span class='ocrx_word' id='word_1_155' title='bbox 956 1604 1072 1683; x_wconf 90' lang='lat' dir='ltr'><strong>piorum</strong></span> <span class='ocrx_word' id='word_1_156' title='bbox 1093 1603 1225 1662; x_wconf 89' lang='lat' dir='ltr'><strong>omnium</strong></span> <span class='ocrx_word' id='word_1_157' title='bbox 1254 1653 1259 1663; x_wconf 85' lang='lat'>.</span> 
     </span>
     <span class='ocr_line' id='line_1_19' title="bbox 98 1675 1225 1761; baseline -0.002 -21"><span class='ocrx_word' id='word_1_158' title='bbox 98 1679 186 1750; x_wconf 83' lang='lat' dir='ltr'><strong>salus.</strong></span> <span class='ocrx_word' id='word_1_159' title='bbox 226 1675 291 1740; x_wconf 84' lang='lat' dir='ltr'><strong>Imo</strong></span> <span class='ocrx_word' id='word_1_160' title='bbox 312 1681 471 1752; x_wconf 85' lang='lat' dir='ltr'><strong>succurrat,</strong></span> <span class='ocrx_word' id='word_1_161' title='bbox 492 1677 572 1737; x_wconf 86' lang='lat' dir='ltr'><strong>illud</strong></span> <span class='ocrx_word' id='word_1_162' title='bbox 585 1699 646 1738; x_wconf 91' lang='lat' dir='ltr'><strong>esse</strong></span> <span class='ocrx_word' id='word_1_163' title='bbox 672 1678 867 1751; x_wconf 88' lang='lat' dir='ltr'><strong>accidentale,</strong></span> <span class='ocrx_word' id='word_1_164' title='bbox 894 1678 953 1758; x_wconf 25' lang='lat' dir='ltr'><strong>hoe·</strong></span> <span class='ocrx_word' id='word_1_165' title='bbox 974 1699 1044 1740; x_wconf 89' lang='lat' dir='ltr'><strong>vero</strong></span> <span class='ocrx_word' id='word_1_166' title='bbox 1065 1680 1225 1761; x_wconf 84' lang='lat' dir='ltr'><strong>genuinum</strong></span> 
     </span>
     <span class='ocr_line' id='line_1_20' title="bbox 22 1753 1247 1836; baseline 0 -22"><span class='ocrx_word' id='word_1_167' title='bbox 22 1815 23 1820; x_wconf 8' lang='grc' dir='ltr'>χ</span> <span class='ocrx_word' id='word_1_168' title='bbox 94 1767 130 1814; x_wconf 66' lang='lat' dir='ltr'><strong>vet</strong></span> <span class='ocrx_word' id='word_1_169' title='bbox 150 1755 317 1834; x_wconf 83' lang='lat' dir='ltr'><strong>proprium.</strong></span> <span class='ocrx_word' id='word_1_170' title='bbox 367 1753 477 1816; x_wconf 89' lang='lat' dir='ltr'><strong>Notatu</strong></span> <span class='ocrx_word' id='word_1_171' title='bbox 506 1767 655 1834; x_wconf 87' lang='lat' dir='ltr'><strong>praeterea</strong></span> <span class='ocrx_word' id='word_1_172' title='bbox 681 1755 801 1836; x_wconf 80' lang='lat' dir='ltr'><strong>dignum</strong></span> <span class='ocrx_word' id='word_1_173' title='bbox 826 1759 883 1826; x_wconf 83' lang='lat' dir='ltr'><strong>est,</strong></span> <span class='ocrx_word' id='word_1_174' title='bbox 914 1757 1079 1834; x_wconf 81' lang='lat' dir='ltr'><strong>quod&#39;non</strong></span> <span class='ocrx_word' id='word_1_175' title='bbox 1100 1767 1247 1833; x_wconf 68' lang='lat' dir='ltr'><strong>uocatur-</strong></span> 
     </span>
     <span class='ocr_line' id='line_1_21' title="bbox 99 1827 1292 1911; baseline 0.002 -21"><span class='ocrx_word' id='word_1_176' title='bbox 99 1832 236 1893; x_wconf 87' lang='lat' dir='ltr'><strong>Christus</strong></span> <span class='ocrx_word' id='word_1_177' title='bbox 261 1831 375 1909; x_wconf 88' lang='lat' dir='ltr'><strong>piorum</strong></span> <span class='ocrx_word' id='word_1_178' title='bbox 403 1830 525 1911; x_wconf 73' lang='lat' dir='ltr'><strong>fultura,</strong></span> <span class='ocrx_word' id='word_1_179' title='bbox 549 1832 600 1892; x_wconf 89' lang='lat' dir='ltr'><strong>scd</strong></span> <span class='ocrx_word' id='word_1_180' title='bbox 621 1833 810 1892; x_wconf 88' lang='lat' dir='ltr'><strong>resurrectio:</strong></span> <span class='ocrx_word' id='word_1_181' title='bbox 837 1852 874 1891; x_wconf 90' lang='lat' dir='ltr'><strong>ne</strong></span> <span class='ocrx_word' id='word_1_182' title='bbox 896 1852 934 1890; x_wconf 90' lang='lat' dir='ltr'><strong>ue</strong></span> <span class='ocrx_word' id='word_1_183' title='bbox 959 1832 1036 1896; x_wconf 89' lang='lat' dir='ltr'><strong>enim</strong></span> <span class='ocrx_word' id='word_1_184' title='bbox 1061 1834 1085 1897; x_wconf 89' lang='lat' dir='ltr'><strong>is</strong></span> <span class='ocrx_word' id='word_1_185' title='bbox 1106 1845 1150 1894; x_wconf 88' lang='lat' dir='ltr'><strong>est</strong></span> <span class='ocrx_word' id='word_1_186' title='bbox 1168 1833 1226 1892; x_wconf 89' lang='lat' dir='ltr'><strong>ho·</strong></span> <span class='ocrx_word' id='word_1_187' title='bbox 1288 1827 1292 1840; x_wconf 66' lang='lat'><strong><em>¹</em></strong></span> 
     </span>
     <span class='ocr_line' id='line_1_22' title="bbox 98 1851 1227 1992; baseline -0.001 -24"><span class='ocrx_word' id='word_1_188' title='bbox 98 1910 212 1968; x_wconf 88' lang='lat' dir='ltr'><strong>minum</strong></span> <span class='ocrx_word' id='word_1_189' title='bbox 232 1918 337 1979; x_wconf 90' lang='lat' dir='ltr'><strong>status,</strong></span> <span class='ocrx_word' id='word_1_190' title='bbox 357 1907 386 1968; x_wconf 91' lang='lat' dir='ltr'><strong>in</strong></span> <span class='ocrx_word' id='word_1_191' title='bbox 407 1921 466 1986; x_wconf 87' lang='lat' dir='ltr'><strong>quo</strong></span> <span class='ocrx_word' id='word_1_192' title='bbox 486 1908 679 1968; x_wconf 83' lang='lat' dir='ltr'><strong>illis&#39;manere</strong></span> <span class='ocrx_word' id='word_1_193' title='bbox 700 1910 840 1990; x_wconf 82' lang='lat' dir='ltr'><strong>expediat.</strong></span> <span class='ocrx_word' id='word_1_194' title='bbox 877 1851 958 1971; x_wconf 67' lang='lat' dir='ltr'><strong>hate*</strong></span> <span class='ocrx_word' id='word_1_195' title='bbox 980 1929 1051 1992; x_wconf 84' lang='lat' dir='ltr'><strong>ergo</strong></span> <span class='ocrx_word' id='word_1_196' title='bbox 1071 1928 1227 1992; x_wconf 84' lang='lat' dir='ltr'><strong>resurgere</strong></span> 
     </span>
     <span class='ocr_line' id='line_1_23' title="bbox 98 1987 1219 2068; baseline 0 -22"><span class='ocrx_word' id='word_1_197' title='bbox 98 2005 114 2046; x_wconf 84' lang='lat' dir='ltr'><strong>a</strong></span> <span class='ocrx_word' id='word_1_198' title='bbox 133 1996 232 2045; x_wconf 86' lang='lat' dir='ltr'><strong>morte</strong></span> <span class='ocrx_word' id='word_1_199' title='bbox 253 1995 383 2062; x_wconf 85' lang='lat' dir='ltr'><strong>oportet,</strong></span> <span class='ocrx_word' id='word_1_200' title='bbox 403 1987 603 2063; x_wconf 73' lang='lat' dir='ltr'><strong>quamlvivere</strong></span> <span class='ocrx_word' id='word_1_201' title='bbox 623 1987 772 2068; x_wconf 87' lang='lat' dir='ltr'><strong>incipiant.</strong></span> <span class='ocrx_word' id='word_1_202' title='bbox 972 1999 973 2004; x_wconf 78' lang='grc'>’</span> <span class='ocrx_word' id='word_1_203' title='bbox 1216 2005 1219 2015; x_wconf 85' lang='grc'><em>“</em></span> 
     </span>
    </p>

    <p class='ocr_par' dir='ltr' id='par_1_5' title="bbox 21 2062 1261 2598">
     <span class='ocr_line' id='line_1_24' title="bbox 174 2062 1228 2136; baseline 0.001 -16"><span class='ocrx_word' id='word_1_204' title='bbox 174 2062 343 2125; x_wconf 73' lang='grc' dir='ltr'><strong>35.··Τιιαηι</strong></span> <span class='ocrx_word' id='word_1_205' title='bbox 353 2063 723 2136; x_wconf 65' lang='lat' dir='ltr'><strong>onimompenetrglndius.</strong></span> <span class='ocrx_word' id='word_1_206' title='bbox 743 2062 992 2124; x_wconf 87' lang='lat' dir='ltr'><strong>Haecadmonitio</strong></span> <span class='ocrx_word' id='word_1_207' title='bbox 1007 2062 1042 2123; x_wconf 88' lang='lat' dir='ltr'><strong>ad</strong></span> <span class='ocrx_word' id='word_1_208' title='bbox 1054 2063 1228 2124; x_wconf 85' lang='lat' dir='ltr'><strong>confirman-</strong></span> 
     </span>
     <span class='ocr_line' id='line_1_25' title="bbox 99 2138 1228 2217; baseline 0.003 -20"><span class='ocrx_word' id='word_1_209' title='bbox 99 2139 166 2197; x_wconf 92' lang='lat' dir='ltr'><strong>dum</strong></span> <span class='ocrx_word' id='word_1_210' title='bbox 180 2149 298 2203; x_wconf 83' lang='lat' dir='ltr'><strong>sanctae</strong></span> <span class='ocrx_word' id='word_1_211' title='bbox 315 2139 434 2217; x_wconf 83' lang='lat' dir='ltr'><strong>virginis</strong></span> <span class='ocrx_word' id='word_1_212' title='bbox 445 2138 683 2198; x_wconf 83' lang='lat' dir='ltr'><strong>animum&#39;valere</strong></span> <span class='ocrx_word' id='word_1_213' title='bbox 693 2139 805 2213; x_wconf 86' lang='lat' dir='ltr'><strong>debuit,</strong></span> <span class='ocrx_word' id='word_1_214' title='bbox 819 2159 856 2206; x_wconf 85' lang='lat' dir='ltr'><strong>nc</strong></span> <span class='ocrx_word' id='word_1_215' title='bbox 868 2140 997 2200; x_wconf 86' lang='lat' dir='ltr'><strong>moerori</strong></span> <span class='ocrx_word' id='word_1_216' title='bbox 1014 2140 1228 2216; x_wconf 80' lang='lat' dir='ltr'><strong>succumberet,</strong></span> 
     </span>
     <span class='ocr_line' id='line_1_26' title="bbox 21 2215 1227 2296; baseline 0.001 -22"><span class='ocrx_word' id='word_1_217' title='bbox 21 2237 23 2282; x_wconf 79' lang='lat' dir='ltr'>j</span> <span class='ocrx_word' id='word_1_218' title='bbox 99 2215 281 2274; x_wconf 86' lang='lat' dir='ltr'><strong>ubiventum</strong></span> <span class='ocrx_word' id='word_1_219' title='bbox 303 2225 378 2274; x_wconf 89' lang='lat' dir='ltr'><strong>esset</strong></span> <span class='ocrx_word' id='word_1_220' title='bbox 398 2215 432 2272; x_wconf 91' lang='lat' dir='ltr'><strong>ad</strong></span> <span class='ocrx_word' id='word_1_221' title='bbox 452 2225 511 2271; x_wconf 91' lang='lat' dir='ltr'><strong>tam</strong></span> <span class='ocrx_word' id='word_1_222' title='bbox 532 2235 612 2273; x_wconf 91' lang='lat' dir='ltr'><strong>acres</strong></span> <span class='ocrx_word' id='word_1_223' title='bbox 633 2235 841 2296; x_wconf 82' lang='lat' dir='ltr'><strong>pugnas,quae</strong></span> <span class='ocrx_word' id='word_1_224' title='bbox 854 2215 897 2274; x_wconf 89' lang='lat' dir='ltr'><strong>illi</strong></span> <span class='ocrx_word' id='word_1_225' title='bbox 914 2217 1035 2275; x_wconf 83' lang='lat' dir='ltr'><strong>luerunt</strong></span> <span class='ocrx_word' id='word_1_226' title='bbox 1049 2217 1227 2276; x_wconf 87' lang='lat' dir='ltr'><strong>subeundae.</strong></span> 
     </span>
     <span class='ocr_line' id='line_1_27' title="bbox 21 2289 1261 2372; baseline -0.004 -19"><span class='ocrx_word' id='word_1_227' title='bbox 21 2297 22 2320; x_wconf 68' lang='lat'>¹</span> <span class='ocrx_word' id='word_1_228' title='bbox 93 2293 269 2353; x_wconf 75' lang='lat' dir='ltr'><strong>&#39;Caeterum&#39;</strong></span> <span class='ocrx_word' id='word_1_229' title='bbox 283 2291 336 2348; x_wconf 90' lang='lat' dir='ltr'><strong>etsi</strong></span> <span class='ocrx_word' id='word_1_230' title='bbox 355 2291 440 2349; x_wconf 82' lang='lat' dir='ltr'><strong>variis</strong></span> <span class='ocrx_word' id='word_1_231' title='bbox 460 2289 672 2350; x_wconf 81' lang='lat' dir='ltr'><strong>tentationibus</strong></span> <span class='ocrx_word' id='word_1_232' title='bbox 699 2294 804 2372; x_wconf 83' lang='lat' dir='ltr'><strong>agitata</strong></span> <span class='ocrx_word' id='word_1_233' title='bbox 826 2291 881 2349; x_wconf 84' lang='lat' dir='ltr'><strong>fuit</strong></span> <span class='ocrx_word' id='word_1_234' title='bbox 901 2304 930 2350; x_wconf 88' lang='lat' dir='ltr'><strong>et</strong></span> <span class='ocrx_word' id='word_1_235' title='bbox 948 2302 1045 2350; x_wconf 85' lang='lat' dir='ltr'><strong>vexata</strong></span> <span class='ocrx_word' id='word_1_236' title='bbox 1067 2294 1126 2350; x_wconf 91' lang='lat' dir='ltr'><strong>eius</strong></span> <span class='ocrx_word' id='word_1_237' title='bbox 1146 2293 1229 2365; x_wconf 80' lang='lat' dir='ltr'><strong>fides,</strong></span> <span class='ocrx_word' id='word_1_238' title='bbox 1258 2343 1261 2348; x_wconf 89' lang='lat'><em>.</em></span> 
     </span>
     <span class='ocr_line' id='line_1_28' title="bbox 96 2365 1228 2430; baseline -0.003 -1"><span class='ocrx_word' id='word_1_239' title='bbox 96 2368 275 2430; x_wconf 69' lang='lat' dir='ltr'><strong>&#39;acerrimum</strong></span> <span class='ocrx_word' id='word_1_240' title='bbox 293 2377 390 2424; x_wconf 90' lang='lat' dir='ltr'><strong>tamen</strong></span> <span class='ocrx_word' id='word_1_241' title='bbox 412 2365 455 2423; x_wconf 90' lang='lat' dir='ltr'><strong>illi</strong></span> <span class='ocrx_word' id='word_1_242' title='bbox 475 2385 541 2423; x_wconf 89' lang='lat' dir='ltr'><strong>cum</strong></span> <span class='ocrx_word' id='word_1_243' title='bbox 559 2367 648 2425; x_wconf 74' lang='lat' dir='ltr'><strong>&#39;cruce</strong></span> <span class='ocrx_word' id='word_1_244' title='bbox 668 2380 815 2426; x_wconf 88' lang='lat' dir='ltr'><strong>certamen</strong></span> <span class='ocrx_word' id='word_1_245' title='bbox 837 2367 904 2425; x_wconf 84' lang='lat' dir='ltr'><strong>suit:</strong></span> <span class='ocrx_word' id='word_1_246' title='bbox 927 2366 1228 2427; x_wconf 68' lang='lat' dir='ltr'><strong>Christusmxstinctus</strong></span> 
     </span>
     <span class='ocr_line' id='line_1_29' title="bbox 98 2439 1229 2520; baseline -0.004 -16"><span class='ocrx_word' id='word_1_247' title='bbox 98 2445 194 2504; x_wconf 83' lang='lat' dir='ltr'><strong>videri</strong></span> <span class='ocrx_word' id='word_1_248' title='bbox 215 2453 341 2520; x_wconf 85' lang='lat' dir='ltr'><strong>poterat.</strong></span> <span class='ocrx_word' id='word_1_249' title='bbox 385 2441 447 2499; x_wconf 86' lang='lat' dir='ltr'><strong>Etsi</strong></span> <span class='ocrx_word' id='word_1_250' title='bbox 472 2452 569 2498; x_wconf 86' lang='lat' dir='ltr'><strong>autem</strong></span> <span class='ocrx_word' id='word_1_251' title='bbox 594 2461 732 2501; x_wconf 88' lang='lat' dir='ltr'><strong>moerore</strong></span> <span class='ocrx_word' id='word_1_252' title='bbox 749 2439 902 2519; x_wconf 51' lang='lat' dir='ltr'><strong>&#39;nunquam</strong></span> <span class='ocrx_word' id='word_1_253' title='bbox 921 2441 1058 2520; x_wconf 89' lang='lat' dir='ltr'><strong>absorpta</strong></span> <span class='ocrx_word' id='word_1_254' title='bbox 1078 2441 1146 2515; x_wconf 86' lang='lat' dir='ltr'><strong>suit,</strong></span> <span class='ocrx_word' id='word_1_255' title='bbox 1166 2461 1229 2500; x_wconf 88' lang='lat' dir='ltr'><strong>nnn</strong></span> 
     </span>
     <span class='ocr_line' id='line_1_30' title="bbox 98 2516 1230 2598; baseline -0.002 -18"><span class='ocrx_word' id='word_1_256' title='bbox 98 2533 202 2580; x_wconf 86' lang='lat' dir='ltr'><strong>tamen</strong></span> <span class='ocrx_word' id='word_1_257' title='bbox 223 2537 336 2576; x_wconf 84' lang='lat' dir='ltr'><strong>saxeum</strong></span> <span class='ocrx_word' id='word_1_258' title='bbox 360 2517 415 2575; x_wconf 85' lang='lat' dir='ltr'><strong>luit</strong></span> <span class='ocrx_word' id='word_1_259' title='bbox 436 2516 496 2574; x_wconf 91' lang='lat' dir='ltr'><strong>eius</strong></span> <span class='ocrx_word' id='word_1_260' title='bbox 520 2527 639 2596; x_wconf 87' lang='lat' dir='ltr'><strong>pectus,</strong></span> <span class='ocrx_word' id='word_1_261' title='bbox 670 2518 740 2596; x_wconf 85' lang='lat' dir='ltr'><strong>quin</strong></span> <span class='ocrx_word' id='word_1_262' title='bbox 770 2519 897 2598; x_wconf 80' lang='lat' dir='ltr'><strong>graviter</strong></span> <span class='ocrx_word' id='word_1_263' title='bbox 922 2517 1114 2592; x_wconf 73' lang='lat' dir='ltr'><strong>sauciaretur,</strong></span> <span class='ocrx_word' id='word_1_264' title='bbox 1145 2518 1230 2578; x_wconf 88' lang='lat' dir='ltr'><strong>sicuti</strong></span> 
     </span>
    </p>
   </div>
   <div class='ocr_carea' id='block_1_4' title="bbox 100 2591 1319 2672">
    <p class='ocr_par' dir='ltr' id='par_1_6' title="bbox 100 2591 1319 2672">
     <span class='ocr_line' id='line_1_31' title="bbox 100 2591 1319 2672; baseline -0.005 -14"><span class='ocrx_word' id='word_1_265' title='bbox 100 2593 268 2658; x_wconf 83' lang='lat' dir='ltr'><strong>constantia</strong></span> <span class='ocrx_word' id='word_1_266' title='bbox 290 2593 465 2652; x_wconf 88' lang='lat' dir='ltr'><strong>Sanctorum</strong></span> <span class='ocrx_word' id='word_1_267' title='bbox 487 2612 502 2651; x_wconf 93' lang='lat' dir='ltr'><strong>a</strong></span> <span class='ocrx_word' id='word_1_268' title='bbox 521 2603 642 2672; x_wconf 90' lang='lat' dir='ltr'><strong>stupore</strong></span> <span class='ocrx_word' id='word_1_269' title='bbox 661 2593 782 2652; x_wconf 87' lang='lat' dir='ltr'><strong>multum</strong></span> <span class='ocrx_word' id='word_1_270' title='bbox 805 2593 912 2654; x_wconf 85' lang='lat' dir='ltr'><strong>diflert.</strong></span> <span class='ocrx_word' id='word_1_271' title='bbox 956 2591 1171 2669; x_wconf 77' lang='lat' dir='ltr'><strong>Utretegnntur</strong></span> <span class='ocrx_word' id='word_1_272' title='bbox 1188 2615 1229 2652; x_wconf 77' lang='lat' dir='ltr'><strong>ex</strong></span> <span class='ocrx_word' id='word_1_273' title='bbox 1316 2657 1319 2662; x_wconf 20' lang='grc' dir='ltr'><strong>Δ</strong></span> 
     </span>
    </p>
   </div>
   <div class='ocr_carea' id='block_1_5' title="bbox 33 2667 1290 3670">
    <p class='ocr_par' dir='ltr' id='par_1_7' title="bbox 99 2667 1231 2905">
     <span class='ocr_line' id='line_1_32' title="bbox 99 2667 1231 2746; baseline -0.002 -15"><span class='ocrx_word' id='word_1_274' title='bbox 99 2672 200 2732; x_wconf 79' lang='lat' dir='ltr'><strong>moltis</strong></span> <span class='ocrx_word' id='word_1_275' title='bbox 223 2667 355 2730; x_wconf 71' lang='lat' dir='ltr'><strong>cordibus</strong></span> <span class='ocrx_word' id='word_1_276' title='bbox 374 2671 567 2746; x_wconf 73' lang='lat' dir='ltr'><strong>cogitationes.</strong></span> <span class='ocrx_word' id='word_1_277' title='bbox 619 2669 746 2744; x_wconf 88' lang='lat' dir='ltr'><strong>Quidam</strong></span> <span class='ocrx_word' id='word_1_278' title='bbox 779 2670 835 2730; x_wconf 81' lang='lat' dir='ltr'><strong>hoc</strong></span> <span class='ocrx_word' id='word_1_279' title='bbox 860 2670 1022 2729; x_wconf 89' lang='lat' dir='ltr'><strong>membrum</strong></span> <span class='ocrx_word' id='word_1_280' title='bbox 1048 2679 1231 2734; x_wconf 86' lang='lat' dir='ltr'><strong>connectunt</strong></span> 
     </span>
     <span class='ocr_line' id='line_1_33' title="bbox 102 2747 1231 2828; baseline -0.004 -18"><span class='ocrx_word' id='word_1_281' title='bbox 102 2771 168 2810; x_wconf 89' lang='lat' dir='ltr'><strong>curn</strong></span> <span class='ocrx_word' id='word_1_282' title='bbox 188 2747 237 2808; x_wconf 89' lang='lat' dir='ltr'><strong>illa</strong></span> <span class='ocrx_word' id='word_1_283' title='bbox 258 2748 402 2806; x_wconf 88' lang='lat' dir='ltr'><strong>sententia</strong></span> <span class='ocrx_word' id='word_1_284' title='bbox 422 2749 510 2828; x_wconf 81' lang='lat' dir='ltr'><strong>magis</strong></span> <span class='ocrx_word' id='word_1_285' title='bbox 531 2757 657 2808; x_wconf 82' lang='lat' dir='ltr'><strong>remota:</strong></span> <span class='ocrx_word' id='word_1_286' title='bbox 679 2747 758 2828; x_wconf 90' lang='lat' dir='ltr'><strong>qu&#39;od</strong></span> <span class='ocrx_word' id='word_1_287' title='bbox 780 2747 912 2809; x_wconf 87' lang='lat' dir='ltr'><strong>Christus</strong></span> <span class='ocrx_word' id='word_1_288' title='bbox 931 2748 1043 2828; x_wconf 89' lang='lat' dir='ltr'><strong>positus</strong></span> <span class='ocrx_word' id='word_1_289' title='bbox 1055 2748 1101 2807; x_wconf 80' lang='lat' dir='ltr'><strong>sit</strong></span> <span class='ocrx_word' id='word_1_290' title='bbox 1120 2748 1150 2807; x_wconf 90' lang='lat' dir='ltr'><strong>in</strong></span> <span class='ocrx_word' id='word_1_291' title='bbox 1170 2748 1231 2808; x_wconf 86' lang='lat' dir='ltr'><strong>rui-</strong></span> 
     </span>
     <span class='ocr_line' id='line_1_34' title="bbox 101 2822 1230 2905; baseline 0 -21"><span class='ocrx_word' id='word_1_292' title='bbox 101 2847 184 2899; x_wconf 86' lang='lat' dir='ltr'><strong>nam,</strong></span> <span class='ocrx_word' id='word_1_293' title='bbox 206 2836 261 2884; x_wconf 88' lang='lat' dir='ltr'><strong>ete.</strong></span> <span class='ocrx_word' id='word_1_294' title='bbox 312 2823 484 2884; x_wconf 88' lang='lat' dir='ltr'><strong>Parentbesi</strong></span> <span class='ocrx_word' id='word_1_295' title='bbox 511 2822 680 2899; x_wconf 87' lang='lat' dir='ltr'><strong>includunt,</strong></span> <span class='ocrx_word' id='word_1_296' title='bbox 711 2825 791 2904; x_wconf 88' lang='lat' dir='ltr'><strong>quod</strong></span> <span class='ocrx_word' id='word_1_297' title='bbox 821 2825 950 2905; x_wconf 82' lang='lat' dir='ltr'><strong>proxime</strong></span> <span class='ocrx_word' id='word_1_298' title='bbox 980 2824 1230 2904; x_wconf 77' lang='lat' dir='ltr'><strong>exposuimusde</strong></span> 
     </span>
    </p>

    <p class='ocr_par' dir='ltr' id='par_1_8' title="bbox 33 2891 1290 3670">
     <span class='ocr_line' id='line_1_35' title="bbox 122 2891 1229 2982; baseline -0.002 -20"><span class='ocrx_word' id='word_1_299' title='bbox 122 2905 218 2976; x_wconf 87' lang='lat' dir='ltr'><strong>ladio,</strong></span> <span class='ocrx_word' id='word_1_300' title='bbox 249 2891 298 2960; x_wconf 88' lang='lat' dir='ltr'><strong>sed</strong></span> <span class='ocrx_word' id='word_1_301' title='bbox 326 2921 392 2959; x_wconf 91' lang='lat' dir='ltr'><strong>meo</strong></span> <span class='ocrx_word' id='word_1_302' title='bbox 417 2899 637 2962; x_wconf 74' lang='lat' dir='ltr'><strong>iuditio‘satius</strong></span> <span class='ocrx_word' id='word_1_303' title='bbox 662 2911 706 2962; x_wconf 88' lang='lat' dir='ltr'><strong>est</strong></span> <span class='ocrx_word' id='word_1_304' title='bbox 725 2902 760 2960; x_wconf 93' lang='lat' dir='ltr'><strong>ad</strong></span> <span class='ocrx_word' id='word_1_305' title='bbox 785 2913 881 2961; x_wconf 84' lang='lat' dir='ltr'><strong>totum</strong></span> <span class='ocrx_word' id='word_1_306' title='bbox 905 2899 1088 2982; x_wconf 80' lang='lat' dir='ltr'><strong>complexum</strong></span> <span class='ocrx_word' id='word_1_307' title='bbox 1108 2902 1229 2960; x_wconf 78' lang='lat' dir='ltr'><strong>referre.</strong></span> 
     </span>
     <span class='ocr_line' id='line_1_36' title="bbox 102 2923 1290 3070; baseline -0.005 -29"><span class='ocrx_word' id='word_1_308' title='bbox 102 2923 252 3041; x_wconf 74' lang='lat' dir='ltr'><strong>l&#39;artieula</strong></span> <span class='ocrx_word' id='word_1_309' title='bbox 271 2997 343 3038; x_wconf 82' lang='lat' dir='ltr'><strong>vero</strong></span> <span class='ocrx_word' id='word_1_310' title='bbox 363 2991 394 3035; x_wconf 80' lang='lat' dir='ltr'><strong>ut</strong></span> <span class='ocrx_word' id='word_1_311' title='bbox 413 2999 475 3038; x_wconf 92' lang='lat' dir='ltr'><strong>non</strong></span> <span class='ocrx_word' id='word_1_312' title='bbox 497 2975 542 3037; x_wconf 91' lang='lat' dir='ltr'><strong>hic</strong></span> <span class='ocrx_word' id='word_1_313' title='bbox 562 2987 606 3036; x_wconf 82' lang='lat' dir='ltr'><strong>est</strong></span> <span class='ocrx_word' id='word_1_314' title='bbox 621 2978 745 3070; x_wconf 87' lang='lat' dir='ltr'><strong>proprie</strong></span> <span class='ocrx_word' id='word_1_315' title='bbox 765 2979 902 3052; x_wconf 84' lang='lat' dir='ltr'><strong>causalis,</strong></span> <span class='ocrx_word' id='word_1_316' title='bbox 918 2978 972 3037; x_wconf 58' lang='lat' dir='ltr'><strong>‘sed</strong></span> <span class='ocrx_word' id='word_1_317' title='bbox 991 2991 1105 3037; x_wconf 87' lang='lat' dir='ltr'><strong>tanturn</strong></span> <span class='ocrx_word' id='word_1_318' title='bbox 1125 2997 1230 3038; x_wconf 85' lang='lat' dir='ltr'><strong>conse·</strong></span> <span class='ocrx_word' id='word_1_319' title='bbox 1287 3048 1290 3056; x_wconf 33' lang='lat'><strong>,</strong></span> 
     </span>
     <span class='ocr_line' id='line_1_37' title="bbox 103 3055 1230 3138; baseline -0.003 -22"><span class='ocrx_word' id='word_1_320' title='bbox 103 3057 253 3138; x_wconf 74' lang='lat' dir='ltr'><strong>quantiam</strong></span> <span class='ocrx_word' id='word_1_321' title='bbox 273 3065 364 3113; x_wconf 82' lang='lat' dir='ltr'><strong>notat</strong></span> <span class='ocrx_word' id='word_1_322' title='bbox 404 3055 478 3114; x_wconf 91' lang='lat' dir='ltr'><strong>Nam</strong></span> <span class='ocrx_word' id='word_1_323' title='bbox 498 3075 587 3132; x_wconf 88' lang='lat' dir='ltr'><strong>quum</strong></span> <span class='ocrx_word' id='word_1_324' title='bbox 609 3067 738 3115; x_wconf 78' lang='lat' dir='ltr'><strong>exoritur</strong></span> <span class='ocrx_word' id='word_1_325' title='bbox 756 3055 803 3115; x_wconf 87' lang='lat' dir='ltr'><strong>lux</strong></span> <span class='ocrx_word' id='word_1_326' title='bbox 812 3055 972 3137; x_wconf 83' lang='lat' dir='ltr'><strong>Evangelii,</strong></span> <span class='ocrx_word' id='word_1_327' title='bbox 992 3066 1023 3115; x_wconf 90' lang='lat' dir='ltr'><strong>et</strong></span> <span class='ocrx_word' id='word_1_328' title='bbox 1040 3055 1147 3114; x_wconf 86' lang='lat' dir='ltr'><strong>deinde</strong></span> <span class='ocrx_word' id='word_1_329' title='bbox 1166 3065 1230 3114; x_wconf 87' lang='lat' dir='ltr'><strong>su&#39;r-</strong></span> 
     </span>
     <span class='ocr_line' id='line_1_38' title="bbox 102 3130 1230 3216; baseline -0.003 -22"><span class='ocrx_word' id='word_1_330' title='bbox 102 3146 177 3216; x_wconf 84' lang='lat' dir='ltr'><strong>gunt</strong></span> <span class='ocrx_word' id='word_1_331' title='bbox 197 3132 456 3214; x_wconf 88' lang='lat' dir='ltr'><strong>persequutiones,</strong></span> <span class='ocrx_word' id='word_1_332' title='bbox 485 3130 570 3191; x_wconf 90' lang='lat' dir='ltr'><strong>simul</strong></span> <span class='ocrx_word' id='word_1_333' title='bbox 595 3144 751 3213; x_wconf 86' lang='lat' dir='ltr'><strong>emergunt</strong></span> <span class='ocrx_word' id='word_1_334' title='bbox 770 3132 903 3193; x_wconf 90' lang='lat' dir='ltr'><strong>cordium</strong></span> <span class='ocrx_word' id='word_1_335' title='bbox 930 3131 1053 3191; x_wconf 81' lang='lat' dir='ltr'><strong>affectus</strong></span> <span class='ocrx_word' id='word_1_336' title='bbox 1074 3142 1230 3204; x_wconf 81' lang='lat' dir='ltr'><strong>antea&#39;oc·</strong></span> 
     </span>
     <span class='ocr_line' id='line_1_39' title="bbox 94 3206 1231 3282; baseline -0.002 -12"><span class='ocrx_word' id='word_1_337' title='bbox 94 3210 188 3270; x_wconf 84' lang='lat' dir='ltr'><strong>·culti:</strong></span> <span class='ocrx_word' id='word_1_338' title='bbox 211 3229 277 3268; x_wconf 91' lang='lat' dir='ltr'><strong>nam</strong></span> <span class='ocrx_word' id='word_1_339' title='bbox 296 3206 367 3268; x_wconf 88' lang='lat' dir='ltr'><strong>tales</strong></span> <span class='ocrx_word' id='word_1_340' title='bbox 387 3220 454 3268; x_wconf 90' lang='lat' dir='ltr'><strong>sunt</strong></span> <span class='ocrx_word' id='word_1_341' title='bbox 473 3206 615 3268; x_wconf 89' lang='lat' dir='ltr'><strong>humanae</strong></span> <span class='ocrx_word' id='word_1_342' title='bbox 627 3207 817 3269; x_wconf 86' lang='lat' dir='ltr'><strong>simulationis</strong></span> <span class='ocrx_word' id='word_1_343' title='bbox 837 3209 976 3282; x_wconf 88' lang='lat' dir='ltr'><strong>latebrae,</strong></span> <span class='ocrx_word' id='word_1_344' title='bbox 996 3211 1030 3267; x_wconf 88' lang='lat' dir='ltr'><strong>ut</strong></span> <span class='ocrx_word' id='word_1_345' title='bbox 1049 3207 1133 3268; x_wconf 78' lang='lat' dir='ltr'><strong>facile</strong></span> <span class='ocrx_word' id='word_1_346' title='bbox 1153 3217 1231 3268; x_wconf 80' lang='lat' dir='ltr'><strong>extra</strong></span> 
     </span>
     <span class='ocr_line' id='line_1_40' title="bbox 33 3283 1231 3365; baseline -0.004 -17"><span class='ocrx_word' id='word_1_347' title='bbox 33 3355 35 3360; x_wconf 48' lang='grc'><strong>,</strong></span> <span class='ocrx_word' id='word_1_348' title='bbox 105 3288 256 3349; x_wconf 82' lang='lat' dir='ltr'><strong>Christum</strong></span> <span class='ocrx_word' id='word_1_349' title='bbox 277 3284 395 3343; x_wconf 84' lang='lat' dir='ltr'><strong>lateant.</strong></span> <span class='ocrx_word' id='word_1_350' title='bbox 440 3284 500 3343; x_wconf 87' lang='lat' dir='ltr'><strong>Sed</strong></span> <span class='ocrx_word' id='word_1_351' title='bbox 522 3283 655 3344; x_wconf 87' lang='lat' dir='ltr'><strong>Christus</strong></span> <span class='ocrx_word' id='word_1_352' title='bbox 681 3285 747 3344; x_wconf 86' lang='lat' dir='ltr'><strong>luce</strong></span> <span class='ocrx_word' id='word_1_353' title='bbox 771 3307 822 3346; x_wconf 89' lang='lat' dir='ltr'><strong>sua</strong></span> <span class='ocrx_word' id='word_1_354' title='bbox 847 3285 931 3345; x_wconf 87' lang='lat' dir='ltr'><strong>sucos</strong></span> <span class='ocrx_word' id='word_1_355' title='bbox 950 3305 1052 3344; x_wconf 91' lang='lat' dir='ltr'><strong>omnes</strong></span> <span class='ocrx_word' id='word_1_356' title='bbox 1078 3284 1231 3365; x_wconf 83' lang='lat' dir='ltr'><strong>abstergit,</strong></span> 
     </span>
     <span class='ocr_line' id='line_1_41' title="bbox 104 3359 1231 3444; baseline -0.002 -22"><span class='ocrx_word' id='word_1_357' title='bbox 104 3376 136 3424; x_wconf 91' lang='lat' dir='ltr'><strong>et</strong></span> <span class='ocrx_word' id='word_1_358' title='bbox 153 3361 324 3444; x_wconf 88' lang='lat' dir='ltr'><strong>hypocrisin</strong></span> <span class='ocrx_word' id='word_1_359' title='bbox 346 3360 482 3419; x_wconf 88' lang='lat' dir='ltr'><strong>denudat.</strong></span> <span class='ocrx_word' id='word_1_360' title='bbox 520 3361 593 3420; x_wconf 90' lang='lat' dir='ltr'><strong>Ideo</strong></span> <span class='ocrx_word' id='word_1_361' title='bbox 614 3362 677 3420; x_wconf 89' lang='lat' dir='ltr'><strong>iure</strong></span> <span class='ocrx_word' id='word_1_362' title='bbox 696 3360 740 3420; x_wconf 93' lang='lat' dir='ltr'><strong>illi</strong></span> <span class='ocrx_word' id='word_1_363' title='bbox 759 3361 900 3422; x_wconf 88' lang='lat' dir='ltr'><strong>tribuitur</strong></span> <span class='ocrx_word' id='word_1_364' title='bbox 912 3361 1042 3422; x_wconf 85' lang='lat' dir='ltr'><strong>officium</strong></span> <span class='ocrx_word' id='word_1_365' title='bbox 1062 3361 1130 3436; x_wconf 91' lang='lat' dir='ltr'><strong>hoc,</strong></span> <span class='ocrx_word' id='word_1_366' title='bbox 1152 3359 1231 3440; x_wconf 89' lang='lat' dir='ltr'><strong>quod</strong></span> 
     </span>
     <span class='ocr_line' id='line_1_42' title="bbox 104 3436 1232 3520; baseline -0.004 -20"><span class='ocrx_word' id='word_1_367' title='bbox 104 3441 134 3500; x_wconf 91' lang='lat' dir='ltr'><strong>in</strong></span> <span class='ocrx_word' id='word_1_368' title='bbox 158 3451 293 3520; x_wconf 89' lang='lat' dir='ltr'><strong>apertum</strong></span> <span class='ocrx_word' id='word_1_369' title='bbox 340 3436 449 3498; x_wconf 86' lang='lat' dir='ltr'><strong>roserat</strong></span> <span class='ocrx_word' id='word_1_370' title='bbox 473 3456 577 3497; x_wconf 89' lang='lat' dir='ltr'><strong>arcana</strong></span> <span class='ocrx_word' id='word_1_371' title='bbox 602 3437 707 3498; x_wconf 89' lang='lat' dir='ltr'><strong>cordis.</strong></span> <span class='ocrx_word' id='word_1_372' title='bbox 757 3439 817 3497; x_wconf 90' lang='lat' dir='ltr'><strong>Sed</strong></span> <span class='ocrx_word' id='word_1_373' title='bbox 840 3438 953 3500; x_wconf 86' lang='lat' dir='ltr'><strong>ubiad</strong></span> <span class='ocrx_word' id='word_1_374' title='bbox 979 3438 1141 3498; x_wconf 87' lang='lat' dir='ltr'><strong>doctrinam</strong></span> <span class='ocrx_word' id='word_1_375' title='bbox 1163 3453 1232 3496; x_wconf 82' lang='lat' dir='ltr'><strong>rrux</strong></span> 
     </span>
     <span class='ocr_line' id='line_1_43' title="bbox 105 3459 1232 3596; baseline -0.004 -19"><span class='ocrx_word' id='word_1_376' title='bbox 105 3518 234 3590; x_wconf 85' lang='lat' dir='ltr'><strong>accedit,</strong></span> <span class='ocrx_word' id='word_1_377' title='bbox 261 3459 348 3574; x_wconf 82' lang='lat' dir='ltr'><strong>corda</strong></span> <span class='ocrx_word' id='word_1_378' title='bbox 368 3513 458 3594; x_wconf 87' lang='lat' dir='ltr'><strong>magis</strong></span> <span class='ocrx_word' id='word_1_379' title='bbox 478 3513 513 3572; x_wconf 92' lang='lat' dir='ltr'><strong>ad</strong></span> <span class='ocrx_word' id='word_1_380' title='bbox 533 3513 629 3573; x_wconf 85' lang='lat' dir='ltr'><strong>vivum</strong></span> <span class='ocrx_word' id='word_1_381' title='bbox 649 3514 799 3586; x_wconf 78' lang='lat' dir='ltr'><strong>examinat</strong></span> <span class='ocrx_word' id='word_1_382' title='bbox 842 3515 918 3576; x_wconf 88' lang='lat' dir='ltr'><strong>Narh</strong></span> <span class='ocrx_word' id='word_1_383' title='bbox 943 3515 993 3596; x_wconf 90' lang='lat' dir='ltr'><strong>qui</strong></span> <span class='ocrx_word' id='word_1_384' title='bbox 1018 3527 1146 3574; x_wconf 81' lang='lat' dir='ltr'><strong>externa·</strong></span> <span class='ocrx_word' id='word_1_385' title='bbox 1161 3531 1232 3593; x_wconf 87' lang='lat' dir='ltr'><strong>pro·</strong></span> 
     </span>
     <span class='ocr_line' id='line_1_44' title="bbox 104 3589 1233 3670; baseline -0.004 -18"><span class='ocrx_word' id='word_1_386' title='bbox 104 3593 233 3653; x_wconf 76' lang='lat' dir='ltr'><strong>sessione</strong></span> <span class='ocrx_word' id='word_1_387' title='bbox 255 3590 402 3651; x_wconf 86' lang='lat' dir='ltr'><strong>Christum</strong></span> <span class='ocrx_word' id='word_1_388' title='bbox 423 3589 548 3670; x_wconf 84' lang='lat' dir='ltr'><strong>amplexi</strong></span> <span class='ocrx_word' id='word_1_389' title='bbox 570 3603 669 3668; x_wconf 86' lang='lat' dir='ltr'><strong>erant,</strong></span> <span class='ocrx_word' id='word_1_390' title='bbox 688 3591 863 3650; x_wconf 49' lang='lat' dir='ltr'><strong>¹abhorrent</strong></span> <span class='ocrx_word' id='word_1_391' title='bbox 888 3613 903 3652; x_wconf 93' lang='lat' dir='ltr'><strong>a</strong></span> <span class='ocrx_word' id='word_1_392' title='bbox 929 3591 1050 3652; x_wconf 86' lang='lat' dir='ltr'><strong>serenda</strong></span> <span class='ocrx_word' id='word_1_393' title='bbox 1076 3601 1177 3662; x_wconf 85' lang='lat' dir='ltr'><strong>cruce,</strong></span> <span class='ocrx_word' id='word_1_394' title='bbox 1201 3599 1233 3648; x_wconf 87' lang='lat' dir='ltr'><strong>et</strong></span> 
     </span>
    </p>
   </div>
   <div class='ocr_carea' id='block_1_6' title="bbox 106 3667 1382 3748">
    <p class='ocr_par' dir='ltr' id='par_1_9' title="bbox 106 3667 1382 3748">
     <span class='ocr_line' id='line_1_45' title="bbox 106 3667 1382 3748; baseline -0.005 -18"><span class='ocrx_word' id='word_1_395' title='bbox 106 3671 173 3748; x_wconf 82' lang='lat' dir='ltr'><strong>quia</strong></span> <span class='ocrx_word' id='word_1_396' title='bbox 191 3667 352 3729; x_wconf 81' lang='lat' dir='ltr'><strong>Ecclesia-m</strong></span> <span class='ocrx_word' id='word_1_397' title='bbox 372 3667 472 3727; x_wconf 86' lang='lat' dir='ltr'><strong>vident</strong></span> <span class='ocrx_word' id='word_1_398' title='bbox 489 3667 650 3728; x_wconf 85' lang='lat' dir='ltr'><strong>subiectam</strong></span> <span class='ocrx_word' id='word_1_399' title='bbox 674 3668 760 3730; x_wconf 83' lang='lat' dir='ltr'><strong>variis</strong></span> <span class='ocrx_word' id='word_1_400' title='bbox 783 3669 943 3746; x_wconf 78' lang='lat' dir='ltr'><strong>aerumnis,</strong></span> <span class='ocrx_word' id='word_1_401' title='bbox 972 3670 1128 3730; x_wconf 88' lang='lat' dir='ltr'><strong>stationem</strong></span> <span class='ocrx_word' id='word_1_402' title='bbox 1151 3673 1232 3726; x_wconf 80' lang='lat' dir='ltr'><strong>suam</strong></span> <span class='ocrx_word' id='word_1_403' title='bbox 1278 3681 1297 3736; x_wconf 61' lang='lat' dir='ltr'>sp</span> <span class='ocrx_word' id='word_1_404' title='bbox 1376 3668 1382 3681; x_wconf 71' lang='lat'><strong>¹</strong></span> 
     </span>
    </p>
   </div>
   <div class='ocr_carea' id='block_1_7' title="bbox 36 3747 1307 4442">
    <p class='ocr_par' dir='ltr' id='par_1_10' title="bbox 36 3747 1307 4442">
     <span class='ocr_line' id='line_1_46' title="bbox 105 3747 1165 3807; baseline -0.006 -1"><span class='ocrx_word' id='word_1_405' title='bbox 105 3747 191 3807; x_wconf 80' lang='lat' dir='ltr'><strong>facile</strong></span> <span class='ocrx_word' id='word_1_406' title='bbox 212 3747 359 3804; x_wconf 87' lang='lat' dir='ltr'><strong>deserunt.</strong></span> <span class='ocrx_word' id='word_1_407' title='bbox 1161 3770 1165 3780; x_wconf 34' lang='grc' dir='ltr'><strong>Δ</strong></span> 
     </span>
     <span class='ocr_line' id='line_1_47' title="bbox 182 3815 1233 3896; baseline -0.004 -15"><span class='ocrx_word' id='word_1_408' title='bbox 182 3829 233 3889; x_wconf 84' lang='grc'><strong>36.</strong></span> <span class='ocrx_word' id='word_1_409' title='bbox 257 3821 335 3881; x_wconf 79' lang='lat' dir='ltr'><strong>Erat</strong></span> <span class='ocrx_word' id='word_1_410' title='bbox 352 3819 469 3880; x_wconf 77' lang='lat' dir='ltr'><strong>Hanno</strong></span> <span class='ocrx_word' id='word_1_411' title='bbox 483 3815 681 3896; x_wconf 75' lang='lat' dir='ltr'><strong>prophetissa..</strong></span> <span class='ocrx_word' id='word_1_412' title='bbox 701 3821 784 3882; x_wconf 88' lang='lat' dir='ltr'><strong>Duos</strong></span> <span class='ocrx_word' id='word_1_413' title='bbox 805 3832 918 3882; x_wconf 86' lang='lat' dir='ltr'><strong>tantum</strong></span> <span class='ocrx_word' id='word_1_414' title='bbox 938 3831 1073 3881; x_wconf 85' lang='lat' dir='ltr'><strong>recenset</strong></span> <span class='ocrx_word' id='word_1_415' title='bbox 1091 3819 1194 3891; x_wconf 84' lang='lat' dir='ltr'><strong>Lucas,</strong></span> <span class='ocrx_word' id='word_1_416' title='bbox 1215 3836 1233 3877; x_wconf 84' lang='lat' dir='ltr'><strong>a</strong></span> 
     </span>
     <span class='ocr_line' id='line_1_48' title="bbox 109 3894 1232 3980; baseline -0.007 -20"><span class='ocrx_word' id='word_1_417' title='bbox 109 3899 215 3980; x_wconf 88' lang='lat' dir='ltr'><strong>quihus</strong></span> <span class='ocrx_word' id='word_1_418' title='bbox 240 3909 375 3980; x_wconf 83' lang='lat' dir='ltr'><strong>exceptus</strong></span> <span class='ocrx_word' id='word_1_419' title='bbox 400 3897 490 3957; x_wconf 82' lang='lat' dir='ltr'><strong>suerit</strong></span> <span class='ocrx_word' id='word_1_420' title='bbox 511 3897 658 3958; x_wconf 76' lang='lat' dir='ltr'><strong>Christusr</strong></span> <span class='ocrx_word' id='word_1_421' title='bbox 688 3899 777 3979; x_wconf 89' lang='lat' dir='ltr'><strong>idque</strong></span> <span class='ocrx_word' id='word_1_422' title='bbox 802 3917 839 3958; x_wconf 90' lang='lat' dir='ltr'><strong>eo</strong></span> <span class='ocrx_word' id='word_1_423' title='bbox 865 3898 1004 3970; x_wconf 87' lang='lat' dir='ltr'><strong>consilio,</strong></span> <span class='ocrx_word' id='word_1_424' title='bbox 1035 3908 1069 3955; x_wconf 94' lang='lat' dir='ltr'><strong>ut</strong></span> <span class='ocrx_word' id='word_1_425' title='bbox 1093 3894 1232 3954; x_wconf 85' lang='lat' dir='ltr'><strong>discamus</strong></span> 
     </span>
     <span class='ocr_line' id='line_1_49' title="bbox 107 3965 1283 4058; baseline -0.005 -24"><span class='ocrx_word' id='word_1_426' title='bbox 107 3978 164 4036; x_wconf 89' lang='lat' dir='ltr'><strong>toti</strong></span> <span class='ocrx_word' id='word_1_427' title='bbox 183 3975 295 4035; x_wconf 86' lang='lat' dir='ltr'><strong>mundo</strong></span> <span class='ocrx_word' id='word_1_428' title='bbox 316 3973 465 4055; x_wconf 77' lang='lat' dir='ltr'><strong>praeferre</strong></span> <span class='ocrx_word' id='word_1_429' title='bbox 486 3974 564 4058; x_wconf 89' lang='lat' dir='ltr'><strong>quod</strong></span> <span class='ocrx_word' id='word_1_430' title='bbox 577 3973 634 4032; x_wconf 90' lang='lat' dir='ltr'><strong>Dei</strong></span> <span class='ocrx_word' id='word_1_431' title='bbox 654 3985 707 4048; x_wconf 86' lang='lat' dir='ltr'><strong>est,</strong></span> <span class='ocrx_word' id='word_1_432' title='bbox 725 3973 912 4055; x_wconf 81' lang='lat' dir='ltr'><strong>¹quantumvis</strong></span> <span class='ocrx_word' id='word_1_433' title='bbox 931 3976 968 4033; x_wconf 89' lang='lat' dir='ltr'><strong>sit</strong></span> <span class='ocrx_word' id='word_1_434' title='bbox 988 3972 1132 4052; x_wconf 83' lang='lat' dir='ltr'><strong>exiguum.</strong></span> <span class='ocrx_word' id='word_1_435' title='bbox 1161 3969 1234 4028; x_wconf 85' lang='lat' dir='ltr'><strong>Erat</strong></span> <span class='ocrx_word' id='word_1_436' title='bbox 1278 3965 1283 3984; x_wconf 43' lang='lat' dir='ltr'><strong>i</strong></span> 
     </span>
     <span class='ocr_line' id='line_1_50' title="bbox 107 4043 1234 4132; baseline -0.005 -21"><span class='ocrx_word' id='word_1_437' title='bbox 107 4050 313 4132; x_wconf 84' lang='lat' dir='ltr'><strong>tunc&#39;quidem</strong></span> <span class='ocrx_word' id='word_1_438' title='bbox 333 4051 364 4109; x_wconf 91' lang='lat' dir='ltr'><strong>in</strong></span> <span class='ocrx_word' id='word_1_439' title='bbox 384 4051 485 4110; x_wconf 89' lang='lat' dir='ltr'><strong>scribis</strong></span> <span class='ocrx_word' id='word_1_440' title='bbox 506 4063 535 4110; x_wconf 89' lang='lat' dir='ltr'><strong>et</strong></span> <span class='ocrx_word' id='word_1_441' title='bbox 552 4050 753 4111; x_wconf 61' lang='lat' dir='ltr'><strong>&#39;sacerdotibus</strong></span> <span class='ocrx_word' id='word_1_442' title='bbox 773 4043 894 4132; x_wconf 76' lang='lat' dir='ltr'><strong>magnius</strong></span> <span class='ocrx_word' id='word_1_443' title='bbox 906 4049 1061 4130; x_wconf 88' lang='lat' dir='ltr'><strong>splendor:</strong></span> <span class='ocrx_word' id='word_1_444' title='bbox 1081 4047 1132 4108; x_wconf 87' lang='lat' dir='ltr'><strong>sed</strong></span> <span class='ocrx_word' id='word_1_445' title='bbox 1145 4066 1234 4125; x_wconf 88' lang='lat' dir='ltr'><strong>quum</strong></span> 
     </span>
     <span class='ocr_line' id='line_1_51' title="bbox 36 4119 1307 4216; baseline -0.003 -28"><span class='ocrx_word' id='word_1_446' title='bbox 36 4182 40 4197; x_wconf 64' lang='lat'><strong>,</strong></span> <span class='ocrx_word' id='word_1_447' title='bbox 109 4129 139 4188; x_wconf 91' lang='lat' dir='ltr'><strong>in</strong></span> <span class='ocrx_word' id='word_1_448' title='bbox 161 4129 301 4188; x_wconf 85' lang='lat' dir='ltr'><strong>Simeone</strong></span> <span class='ocrx_word' id='word_1_449' title='bbox 321 4137 351 4186; x_wconf 87' lang='lat' dir='ltr'><strong>et</strong></span> <span class='ocrx_word' id='word_1_450' title='bbox 370 4127 474 4187; x_wconf 77' lang='lat' dir='ltr'><strong>llanna</strong></span> <span class='ocrx_word' id='word_1_451' title='bbox 499 4127 641 4187; x_wconf 87' lang='lat' dir='ltr'><strong>resideret</strong></span> <span class='ocrx_word' id='word_1_452' title='bbox 663 4127 721 4188; x_wconf 89' lang='lat' dir='ltr'><strong>Dei</strong></span> <span class='ocrx_word' id='word_1_453' title='bbox 740 4127 883 4209; x_wconf 89' lang='lat' dir='ltr'><strong>Spiritus,</strong></span> <span class='ocrx_word' id='word_1_454' title='bbox 919 4140 978 4206; x_wconf 88' lang='lat' dir='ltr'><strong>quo</strong></span> <span class='ocrx_word' id='word_1_455' title='bbox 1006 4133 1128 4216; x_wconf 83' lang='lat' dir='ltr'><strong>prorsus</strong></span> <span class='ocrx_word' id='word_1_456' title='bbox 1154 4121 1237 4184; x_wconf 80' lang='lat' dir='ltr'><strong>vacui</strong></span> <span class='ocrx_word' id='word_1_457' title='bbox 1294 4119 1307 4136; x_wconf 63' lang='grc'><strong>“</strong></span> 
     </span>
     <span class='ocr_line' id='line_1_52' title="bbox 109 4201 1297 4286; baseline -0.005 -23"><span class='ocrx_word' id='word_1_458' title='bbox 109 4216 193 4265; x_wconf 88' lang='lat' dir='ltr'><strong>erant</strong></span> <span class='ocrx_word' id='word_1_459' title='bbox 212 4205 376 4286; x_wconf 83' lang='lat' dir='ltr'><strong>principes,</strong></span> <span class='ocrx_word' id='word_1_460' title='bbox 394 4204 460 4283; x_wconf 86' lang='lat' dir='ltr'><strong>plus</strong></span> <span class='ocrx_word' id='word_1_461' title='bbox 481 4203 538 4265; x_wconf 92' lang='lat' dir='ltr'><strong>duo</strong></span> <span class='ocrx_word' id='word_1_462' title='bbox 558 4203 605 4262; x_wconf 89' lang='lat' dir='ltr'><strong>isti</strong></span> <span class='ocrx_word' id='word_1_463' title='bbox 624 4203 680 4264; x_wconf 89' lang='lat' dir='ltr'><strong>soli</strong></span> <span class='ocrx_word' id='word_1_464' title='bbox 698 4216 849 4268; x_wconf 78' lang='lat' dir='ltr'><strong>merentur</strong></span> <span class='ocrx_word' id='word_1_465' title='bbox 867 4213 1064 4277; x_wconf 77' lang='lat' dir='ltr'><strong>reverentiae,</strong></span> <span class='ocrx_word' id='word_1_466' title='bbox 1084 4215 1169 4282; x_wconf 86' lang='lat' dir='ltr'><strong>quam</strong></span> <span class='ocrx_word' id='word_1_467' title='bbox 1188 4201 1235 4258; x_wconf 87' lang='lat' dir='ltr'><strong>in·</strong></span> <span class='ocrx_word' id='word_1_468' title='bbox 1295 4215 1297 4220; x_wconf 86' lang='lat'>·</span> 
     </span>
     <span class='ocr_line' id='line_1_53' title="bbox 110 4277 1284 4362; baseline -0.003 -23"><span class='ocrx_word' id='word_1_469' title='bbox 110 4299 181 4362; x_wconf 84' lang='lat' dir='ltr'><strong>gens</strong></span> <span class='ocrx_word' id='word_1_470' title='bbox 201 4301 305 4340; x_wconf 87' lang='lat' dir='ltr'><strong>eorum</strong></span> <span class='ocrx_word' id='word_1_471' title='bbox 323 4281 420 4356; x_wconf 89' lang='lat' dir='ltr'><strong>turba,</strong></span> <span class='ocrx_word' id='word_1_472' title='bbox 441 4281 491 4360; x_wconf 90' lang='lat' dir='ltr'><strong>qui</strong></span> <span class='ocrx_word' id='word_1_473' title='bbox 510 4292 623 4340; x_wconf 85' lang='lat' dir='ltr'><strong>tantum</strong></span> <span class='ocrx_word' id='word_1_474' title='bbox 643 4281 777 4341; x_wconf 90' lang='lat' dir='ltr'><strong>inanibus</strong></span> <span class='ocrx_word' id='word_1_475' title='bbox 797 4280 883 4339; x_wconf 88' lang='lat' dir='ltr'><strong>larvis</strong></span> <span class='ocrx_word' id='word_1_476' title='bbox 898 4277 1081 4357; x_wconf 81' lang='lat' dir='ltr'><strong>superbiunt</strong></span> <span class='ocrx_word' id='word_1_477' title='bbox 1108 4277 1170 4338; x_wconf 85' lang='lat' dir='ltr'><strong>Har</strong></span> <span class='ocrx_word' id='word_1_478' title='bbox 1189 4297 1236 4336; x_wconf 83' lang='lat' dir='ltr'><strong>ra-</strong></span> <span class='ocrx_word' id='word_1_479' title='bbox 1281 4339 1284 4344; x_wconf 72' lang='grc'><strong>,</strong></span> 
     </span>
     <span class='ocr_line' id='line_1_54' title="bbox 109 4353 1236 4442; baseline -0.004 -24"><span class='ocrx_word' id='word_1_480' title='bbox 109 4357 507 4438; x_wconf 78' lang='lat' dir='ltr'><strong>tione&#39;exprimitur‘llannae</strong></span> <span class='ocrx_word' id='word_1_481' title='bbox 519 4370 607 4435; x_wconf 82' lang='lat' dir='ltr'><strong>aetas,</strong></span> <span class='ocrx_word' id='word_1_482' title='bbox 626 4368 657 4420; x_wconf 90' lang='lat' dir='ltr'><strong>et</strong></span> <span class='ocrx_word' id='word_1_483' title='bbox 669 4357 871 4442; x_wconf 79' lang='lat' dir='ltr'><strong>prophetissae</strong></span> <span class='ocrx_word' id='word_1_484' title='bbox 889 4353 978 4418; x_wconf 86' lang='lat' dir='ltr'><strong>titulo</strong></span> <span class='ocrx_word' id='word_1_485' title='bbox 989 4367 1125 4420; x_wconf 85' lang='lat' dir='ltr'><strong>ornatur:</strong></span> <span class='ocrx_word' id='word_1_486' title='bbox 1145 4355 1236 4418; x_wconf 89' lang='lat' dir='ltr'><strong>tertio</strong></span> 
     </span>
    </p>
   </div>
   <div class='ocr_carea' id='block_1_8' title="bbox 0 0 1435 4756">
    <p class='ocr_par' dir='ltr' id='par_1_11' title="bbox 0 0 1435 4756">
     <span class='ocr_line' id='line_1_55' title="bbox 0 0 1435 4756; baseline 0 0"><span class='ocrx_word' id='word_1_487' title='bbox 0 0 1435 4756; x_wconf 95' lang='lat' dir='ltr'><strong> </strong></span> 
     </span>
    </p>
   </div>
   <div class='ocr_carea' id='block_1_9' title="bbox 126 4643 134 4671">
    <p class='ocr_par' dir='ltr' id='par_1_12' title="bbox 126 4643 134 4671">
     <span class='ocr_line' id='line_1_56' title="bbox 126 4643 134 4671; baseline 0 0"><span class='ocrx_word' id='word_1_488' title='bbox 126 4643 134 4671; x_wconf 94' lang='grc' dir='ltr'><em>Ι</em></span> 
     </span>
    </p>
   </div>
  </div>
 </body>
</html>
