2824 4756
477 119 488 148 Ι

184 231 224 298 eo
371 225 522 292 seculo
543 225 599 292 111.
637 227 713 292 lusu
733 241 879 292 normes
898 241 940 308 ar
958 241 1126 290 arreum
1215 209 1227 302 J

187 375 269 516 gelus
288 393 352 435 rem
375 372 580 434 occultamus
605 370 767 434 humanitus
794 372 923 454 ignotam
946 346 1104 454 praedicit,
1133 371 1241 434 clarum
1266 383 1312 434 est

208 453 346 516 ivinitatis
358 450 520 532 specimen:
537 449 622 586 pund
641 450 711 532 fuga
729 461 759 510 et
778 449 876 510 exsilio
895 461 997 532 tegere
1016 450 1100 510 iubet
1108 451 1198 511 vitam
1217 452 1312 530 pueri,

185 531 318 614 pertinet
337 530 372 588 hd
393 527 486 588 earnis
505 529 534 586 in
560 527 716 602 mitatem,
737 527 783 586 cui
803 526 951 587 subiectus
972 540 1034 587 erat
1056 528 1197 588 Christus.
1235 526 1312 588 Cae·

145 673 147 682 .
185 621 282 674 terum
303 606 376 666 hinc*
391 605 550 676 docemur,
570 603 666 662 Deum
691 624 753 662 non
773 623 832 662 uno
852 623 969 684 semper
987 603 1077 664 modo
1098 624 1213 663 servare
1233 626 1312 678 suos,

187 684 238 746 sed
250 689 337 743 'nune
357 681 661 762 magnifice'exserere
677 681 924 751 virtutemsuam,
946 702 1023 739 nune
1035 700 1106 739 vero
1127 701 1162 739 ex
1181 679 1311 740 obscuris

185 762 249 836 inte
291 759 395 824 mentis
415 756 461 816 vel
487 757 596 817 umbris
619 769 723 816 tenues
749 757 810 815 eius
834 755 971 816 scintillas
996 756 1141 836 prolerre.
1178 758 1239 816 Iam
1259 757 1311 816 ista

185 780 326 899 miralhtis
346 835 420 894 ratio
441 833 574 893 servandi
593 833 646 892 sub
668 853 754 893 cruce
774 831 841 890 Filii
859 833 933 908 Dei,
959 854 1012 892 nos
1034 833 1138 908 docet,
1156 855 1311 923 perperam

186 915 284 975 facere
305 911 354 991 qui
375 922 483 971 certam
503 911 570 968 Deo
590 909 664 972 viam
687 909 898 987 praescribunt.
943 909 1076 970 Sinamus
1097 930 1168 990 ergo
1190 910 1311 990 dispari·

186 990 241 1052 hus
261 992 356 1048 modis
376 987 495 1046 salutem
516 997 645 1045 nostram
666 987 701 1045 ah
723 1006 760 1045 eo
781 986 966 1067 promoveri,
991 1007 1046 1046 nec
1071 1007 1236 1046 recusemus
1257 987 1311 1045 hu-

186 1066 310 1139 miliari,
341 1085 400 1143 quo
425 1061 527 1122 melius
547 1063 607 1141 ipse
628 1061 752 1144 gloriam
771 1084 850 1122 suam
871 1062 1005 1124 illustret
1044 1063 1218 1122 Praesertim
1239 1082 1309 1122 vero
1394 1073 1395 1078 ’

186 1144 306 1204 minime
327 1140 466 1222 fugienda
485 1137 571 1198 nohis
593 1152 636 1199 est
656 1161 740 1212 crux,
766 1139 947 1218 qua-Filium
969 1161 1052 1200 suum
1073 1139 1198 1218 aprima
1219 1159 1310 1218 usque
1388 1205 1391 1215 .

185 1219 310 1282 infantia
331 1215 466 1276 exercuit.
489 1210 605 1277 ”Porro
633 1215 700 1299 suga
723 1217 795 1276 haec
822 1236 886 1295 pars
907 1227 950 1275 est
969 1216 1107 1276 stultitiae
1128 1215 1236 1288 crucis,
1260 1215 1311 1274 sed

187 1316 262 1378 quae
286 1293 400 1354 excellit
424 1311 511 1371 supra
536 1312 669 1352 omnem·
684 1293 785 1352 mundi
810 1293 990 1373 sapientiam.
1042 1293 1085 1351 Ut
1102 1313 1155 1351 suo
1175 1303 1309 1371 tempore

185 1372 311 1454 prodeat
341 1369 466 1428 Iudaeae
496 1380 643 1442 servator,
679 1389 713 1429 ex
742 1389 775 1429 ea
805 1369 908 1450 lugere
940 1371 1072 1450 cogitur,
1104 1381 1133 1428 et
1165 1388 1230 1426 euni
1260 1368 1310 1427 alit
1397 1391 1398 1394 ¹

121 1483 129 1495 ·
182 1451 352 1540 Aegyptus,
382 1465 415 1504 ex
435 1466 491 1524 qua
518 1444 591 1504 nihil
615 1448 696 1527 prius
720 1445 774 1505 nisi
794 1445 941 1506 Ecclesiae
961 1447 1018 1504 Dei
1042 1443 1127 1504 letale
1151 1444 1309 1522 prodierat.

188 1527 263 1602 Quis
289 1544 350 1582 non
375 1521 410 1580 ad
436 1543 509 1602 opus
534 1521 593 1581 Dei
617 1535 675 1583 tam
700 1523 883 1601 inopinatum
912 1521 1059 1602 stupeat?¹
1084 1520 1174 1596 Quod
1200 1521 1308 1600 Ioseph

186 1599 342 1662 confestim
363 1597 548 1678 obtemperat
572 1600 707 1660 mandato
727 1599 852 1678 Augen,
885 1598 952 1658 hinc
979 1601 1076 1658 rursus
1096 1599 1203 1657 somnii
1222 1598 1309 1657 certi-

184 1677 318 1738 tudinem
343 1674 466 1756 uollige:
497 1673 560 1734 talis
581 1676 658 1735 enim
679 1675 813 1754 obsequii
832 1675 963 1735 alacritas
982 1673 1059 1735 clare
1080 1676 1222 1746 ostendit,
1254 1674 1309 1734 mi·

184 1755 264 1816 nime
285 1773 351 1811 eum
373 1752 528 1824 dubitasse,
570 1754 619 1811 uin
634 1752 730 1811 Deum
752 1751 874 1812 haberet
894 1751 979 1832 fugae
992 1750 1185 1844 capessendae
1206 1762 1308 1810 aucto·

184 1851 256 1891 rem.
296 1827 423 1887 Videtur
441 1765 618 1888 tamenlroc
639 1839 725 1908 posse
745 1827 923 1887 diffidentiae
943 1827 1049 1903 tribur,
1091 1827 1149 1885 uod
1169 1841 1228 1900 tam
1248 1828 1306 1886 cito

183 1917 341 1989 properat:
363 1923 459 1984 neque
480 1905 557 1963 enim
577 1904 773 1984 trepidatione
794 1907 885 1963 caruit
905 1916 1049 1964 nocturna
1068 1849 1147 1978 luga.
1186 1904 1244 1962 Sed
1265 1904 1308 1962 la-

186 1984 248 2044 cilis
269 1995 314 2043 est
333 1981 488 2040 excusatio.
527 1981 655 2041 Videbat
681 1979 780 2040 salutis
803 1981 923 2040 modum
949 1981 1004 2040 sihi
1024 1981 1159 2040 divinitus
1180 1979 1310 2040 ordinari

183 2059 325 2124 humilem
347 2070 377 2118 et
396 2056 556 2118 abiectum:
583 2058 624 2118 sas
650 2077 682 2116 er
704 2057 801 2117 o‘sihi
827 2077 888 2118 esse
913 2057 980 2118 colli
1006 2060 1041 2132 it,
1073 2058 1186 2136 trepide
1211 2060 1255 2133 (ut
1275 2057 1305 2114 in

184 2136 293 2196 ultimis
314 2135 450 2214 periculis
475 2135 539 2195 fieri
558 2135 648 2212 solet)
674 2078 772 2216 tiigam
798 2135 954 2214 arriperes
985 2077 1032 2194 lta
1056 2154 1171 2212 semper
1194 2135 1230 2192 ad
1249 2133 1308 2191 Dei
1391 2143 1392 2159 ²

183 2212 399 2295 praedictiones
419 2223 529 2271 metum
549 2225 681 2271 nostrum
702 2223 896 2292 attemperare
908 2213 1057 2271 convenit:
1079 2213 1181 2290 quihus
1201 2211 1224 2269 si
1236 2230 1308 2270 con-

91 2344 97 2354 ,
184 2290 301 2361 sentiat,
322 2309 382 2348 non
403 2308 434 2347 re
458 2289 582 2370 ugnahit
598 2289 674 2348 fidei.
713 2287 786 2348 Esto
804 2289 866 2348 illic
884 2287 974 2348 donec
987 2287 1100 2346 dixero.
1139 2287 1192 2346 His
1211 2285 1308 2346 verbis

184 2366 329 2449 significat
348 2309 489 2448 Angelus,
508 2367 596 2426 vitam
616 2365 699 2445 pueri
720 2366 809 2436 etiam
827 2365 858 2424 iu
877 2377 1028 2446 posterum
1048 2364 1113 2424 sore
1133 2383 1217 2423 curae
1230 2364 1308 2436 Deo,

186 2457 217 2505 et
237 2443 288 2502 hac
301 2442 524 2504 confirmatione
536 2463 610 2522 opus
631 2441 731 2502 hahuit
749 2443 869 2523 Ioseph,
889 2454 922 2501 ut
941 2455 1023 2502 certo
1044 2446 1193 2514 statueret,
1212 2439 1307 2499 Deum

183 2541 247 2580 non
268 2520 357 2578 modo
383 2519 445 2599 sibi
459 2537 521 2580 esse
541 2522 644 2580 ducem
670 2520 798 2594 itineris,
821 2519 873 2579 sed
892 2519 922 2578 in
943 2518 1043 2579 exsilio
1064 2537 1183 2596 quoque
1204 2535 1309 2596 perpe-

184 2607 268 2655 tuum
296 2596 360 2654 sore
386 2596 546 2654 custodem.
593 2597 694 2675 Atque
719 2595 777 2656 hoc
802 2597 892 2655 modo
917 2596 1017 2655 sedare
1044 2595 1137 2654 voluit
1163 2593 1307 2652 Dominus

184 2672 289 2743 multas
310 2692 402 2745 curas,
434 2671 537 2749 quibus
567 2683 698 2731 aestuare
718 2693 771 2731 cor
801 2667 893 2732 san‘cti
912 2672 965 2731 viri
989 2682 1122 2751 poterat,
1143 2682 1177 2729 ut
1195 2671 1309 2750 quietus
1397 2703 1398 2710 κ

182 2758 318 2806 maneret
338 2749 368 2804 iu
387 2747 536 2826 Aegypto.
575 2747 694 2806 Nullum
716 2748 793 2805 enim
813 2748 922 2826 alioqui
941 2759 1120 2807 momentum
1141 2746 1203 2806 sine
1224 2745 1306 2805 variis

183 2813 369 2881 torminibus·
408 2823 585 2895 raetecisset,
618 2844 706 2901 quum
736 2841 767 2881 se
795 2844 862 2881 non.
883 2825 972 2884 modo
1000 2823 1178 2884 haereditate
1206 2822 1309 2882 aDeo

184 2895 292 2958 sanetis
305 2841 440 2957 omnihus
457 2898 611 2976 promissa,
631 2899 681 2957 sed
698 2897 821 2977 templo,
841 2899 995 2972 sacrificiis,
1015 2901 1130 2980 publiea
1150 2899 1217 2958 fidei
1238 2919 1309 2979 pro-

184 2973 312 3034 fessione
333 2975 476 3054 privatum
497 2993 620 3034 cernens
640 2975 719 3032 inter
736 2974 741 2984 '
760 2975 878 3036 essimos
897 2976 955 3034 Dei
976 2977 1087 3050 hostes,
1108 2989 1138 3036 et
1158 2975 1309 3056 profundo

184 3049 425 3184 superstitionum
441 3049 557 3143 gurgite
576 3061 685 3131 ageret.
725 2993 870 3111 desistat
879 3053 996 3132 quidem
1015 3074 1112 3113 seeum
1132 3053 1163 3111 in
1175 3054 1311 3133 ‘persona

184 3127 215 3186 iu
232 3125 315 3201 antis,
341 3127 480 3206 quicquid
506 3147 634 3206 unquam
660 3126 807 3187 honorum
833 3142 1017 3208 speraverant
1042 3130 1158 3206 Patres,
1184 3128 1229 3188 vel
1254 3127 1309 3186 illis
1397 3175 1398 3186 .

183 3200 333 3291 pollicitus
355 3202 583 3278 eratDominus‚
603 3204 654 3263 sed
675 3204 741 3284 q'uia
762 3205 892 3264 nondum
912 3218 1009 3266 tantos
1029 3207 1059 3266 iu
1079 3207 1135 3265 fide
1157 3218 1187 3265 et
1197 3204 1310 3266 Christi
1397 3203 1398 3234 ¹

183 3289 289 3337 notitia
311 3279 422 3339 lecerat
440 3301 495 3360 pro
519 3299 629 3356 ressus,
656 3281 803 3341 contiueri
829 3280 886 3342 hoc
904 3284 1040 3344 mandato
1059 3302 1178 3344 neeesse
1198 3282 1310 3354 hahuit,

182 3352 255 3414 Esto
281 3353 339 3414 illie
361 3299 530 3416 donacelli
550 3356 664 3416 dixero:
691 3358 736 3419 ne*
747 3356 905 3420 molestum
924 3359 966 3420 illi
987 3370 1076 3436 esset,
1101 3359 1194 3441 patria
1214 3369 1310 3432 extor-

128 3448 131 3466 ’
183 3449 247 3490 rem
266 3430 446 3514 interuhegy
470 3433 525 3493 tios
545 3430 694 3514 languere.
1080 3455 1082 3460 ’
1157 3487 1160 3494 .

201 3542 210 3556 ·
259 3513 305 3572 lh·
343 3505 399 3566 Eae
451 3523 553 3586 egypto
576 3513 683 3594 mentri.
728 3511 808 3586 Quia
831 3511 996 3575 Matthaeus
1029 3511 1208 3594 completum
1238 3511 1310 3572 dicit

181 3583 367 3660 vaticinium,
397 3597 538 3676 putarunt
561 3587 660 3663 multi,
691 3587 854 3649 non'aliud
873 3589 1054 3671 Prophetam
1076 3589 1202 3652 voluisse
1221 3607 1310 3667 quam

182 3659 263 3795 quod
283 3661 468 3742 exprimitur:
495 3674 590 3742 atque
608 3663 684 3724 hune
708 3665 763 3724 sihi
788 3665 934 3726 linxerunt
953 3687 1085 3741 sensum,
1103 3667 1192 3728 stulte
1213 3663 1311 3726 iacere
1397 3695 1398 3740 i

202 3737 319 3812 udaeos,
339 3738 408 3796 dum
427 3738 534 3799 Filium
553 3740 612 3801 Dei
631 3753 804 3823 oppugnant
824 3755 853 3804 et
873 3763 912 3823 op
935 3743 1041 3804 rimere
1061 3755 1226 3819 conantur„
1240 3741 1309 3820 quia

181 3811 271 3872 Pater
289 3833 357 3874 eum
376 3833 410 3874 ex
421 3814 559 3896 Aegypto
571 3817 727 3877 vocaverit.
757 3817 849 3898 Atqui
868 3821 898 3880 in
915 3764 996 3881 hunc
1015 3820 1135 3882 modum
1155 3839 1311 3909 perperam

181 3900 361 3969 torquentur
371 3890 538 3970 Prophetae
559 3894 647 3953 verba
668 3894 824 3971 (Hosti,
845 3896 899 3973 1.),
919 3899 998 3956 cuius
1014 3898 1166 3958 consilium
1187 3909 1241 3970 est,
1261 3917 1309 3954 m-
1397 3913 1398 3948 t

180 3965 365 4045 gratitudinis
385 3987 452 4027 reos
473 3966 570 4028 iacere
590 3969 730 4045 Iudaeos,
750 3975 812 4049 qui,
839 3992 854 4031 a
874 3972 968 4052 prima
986 3995 1037 4033 sua
1056 3973 1178 4035 infantia
1198 3986 1229 4032 et
1248 3977 1311 4032 ori·
1397 4001 1398 4010 ¹

182 4041 251 4120 gine
281 4043 378 4102 Deum
403 4045 514 4124 experti
541 4044 605 4124 plus
630 4065 722 4124 quam·
745 4047 905 4130 benignum
930 4061 961 4108 et
989 4050 1154 4111 beneficum
1184 4062 1311 4130 patrem,

181 4117 267 4177 novis
286 4130 387 4178 tamen
406 4120 532 4199 peccatis
546 4121 676 4194 subinde
696 4137 871 4203 provocent
893 4177 901 4212 ,
920 4125 1051 4186 Proinde
1074 4129 1115 4188 sit
1139 4129 1194 4188 hoe
1219 4127 1309 4185 nohis

181 4202 267 4252 extra
284 4197 530 4273 controversiam,
560 4195 657 4258 locum
688 4219 750 4262 nou
781 4201 890 4260 dehere
916 4203 952 4262 ad
979 4203 1128 4264 Christum
1158 4203 1309 4284 restringi.
1397 4215 1398 4220 ’

179 4261 284 4344 Neque
302 4282 401 4332 tamen
421 4296 437 4334 a
458 4273 606 4336 Matthaeo
627 4287 793 4356 torquetur,
813 4278 864 4337 sed
885 4281 957 4338 scite
977 4284 1091 4359 aptatur
1110 4280 1145 4340 ad
1165 4300 1310 4360 praesen·

150 4429 152 4436 y
180 4347 241 4400 teuc
266 4363 388 4410 causam.
428 4351 479 4415 Sic
502 4350 627 4437 intelligi
652 4353 874 4439 deheut'verha
900 4355 1082 4434 Prophetae:
1103 4377 1214 4436 (quum,
1233 4375 1312 4435 puer

673 4495 680 4529 l
