2808 4748
207 279 266 346 126
416 249 568 333 SEllTIO
589 269 625 329 V.
665 269 814 330 aturrus
835 270 910 332 Insn
930 285 1125 334 romonum.
1211 231 1247 270 Ἰ

208 435 282 498 mus,
301 415 354 482 sed
372 417 462 478 timor
481 433 584 475 omnes
603 413 804 476 circumdedit.
844 415 945 492 Quare
963 417 1105 492 ridemus,
1123 431 1239 480 sensum
1258 418 1342 480 hunc

207 498 372 584 ingenitum
391 491 613 568 esseomnibus,
631 504 666 553 ut
684 493 720 553 ad
731 493 789 554 Dei
808 495 1002 574 praesentiam
1022 511 1056 555 ex
1077 507 1219 558 arescant
1238 495 1342 588 Atque

206 579 238 640 id
258 574 345 638 nobis
364 571 438 631 utile
459 579 520 643 est,
549 579 585 629 ut
604 569 742 650 quicquid
768 570 800 632 in
825 569 981 642 uobisest
995 517 1112 632 trullae
1140 571 1342 634 confidentiae

207 654 256 720 vel
274 653 364 714 fastus
384 645 568 718 humilietur,
591 646 682 707 modo
708 647 804 718 statim
829 647 950 707 accedat
974 648 1157 723 consolatio,
1183 669 1258 730 quae
1281 671 1341 712 nos

207 730 350 796 sublevet.
388 725 462 784 ldeo
484 721 618 786 Christus
637 723 723 784 suari
736 733 766 783 et
785 725 877 784 amica
895 726 1091 805 responsione
1108 726 1190 786 Petri
1209 728 1340 787 animum

207 818 334 880 recreat,
352 813 486 870 metuere
504 801 598 880 ipsum
617 810 727 862 venus.
765 799 1021 864 ItaDomiuus·in
1040 802 1207 884 sepulcrum
1223 801 1341 864 demer-

208 887 254 972 git
272 903 352 956 snos,
369 891 404 940 nt
424 875 531 938 deinde
549 876 684 939 vivificet

128 957 131 964 ⁴
284 959 427 1021 Luc-1⁰.
466 949 591 1014 Posthac
607 957 684 1012 eamr
700 951 829 1014 laomim
851 955 958 1030 copies.
1002 954 1064 1016 Pro
1084 975 1144 1036 qno
1164 955 1341 1034 Matthaeus,

86 1095 96 1110 ,
199 1041 324 1122 ficetum
340 1053 391 1095 uos
406 1028 730 1110 plsootmesdoma‘nnm,
750 1033 866 1092 Marcus
875 1051 958 1108 vero,
969 1029 1102 1110 faciam,
1121 1045 1153 1092 nt
1164 1035 1227 1094 stris
1238 1037 1339 1110 ptam.

207 1126 293 1179 rores:
333 1110 450 1187 Quibus
469 1107 565 1169 verbis
591 1107 748 1185 doeemur,
772 1108 895 1168 Petrum
921 1119 958 1168 et¹
975 1108 1049 1172 alios
1074 1120 1137 1170 tres
1161 1131 1224 1171 non
1246 1111 1340 1173 modo

163 1221 166 1226 ¹
208 1193 351 1257 collectos
376 1183 643 1266 subse-discipulos
668 1206 684 1246 a
705 1183 844 1261 Christo,
874 1185 926 1246 sed
951 1195 1064 1246 creatos
1082 1185 1263 1266 Apostolos,
1293 1187 1341 1248 vel

206 1271 315 1334 saltem
331 1265 441 1326 electos
459 1263 491 1321 in
509 1261 631 1342 spemA
653 1261 805 1323 ustulatus.
842 1264 912 1324 Non
926 1281 958 1322 er
980 1282 998 1323 o
1018 1262 1066 1324 hic
1081 1263 1226 1346 generalis
1244 1263 1340 1327 solum

209 1343 388 1410 describitur
406 1337 522 1401 vocatio
542 1337 618 1398 adfi
641 1360 698 1415 em,
718 1339 770 1399 scd
789 1362 802 1400 s
825 1339 922 1402 ceialis
941 1281 979 1401 ad
998 1351 1109 1400 certum
1130 1361 1242 1401 munus.
1283 1341 1340 1400 Fa-

208 1439 278 1486 teor
297 1418 426 1501 quidem,
445 1415 578 1476 nondum
597 1414 654 1476 illis
672 1417 788 1499 iniungi
799 1360 926 1477 docendi
944 1427 1060 1500 partes·
1072 1417 1124 1477 sed
1143 1429 1240 1478 tamen
1251 1418 1340 1480 Chri-

208 1513 270 1564 stus
290 1517 341 1557 eos
360 1493 392 1554 in
416 1510 500 1553 sunm
521 1493 751 1554 contubernium
770 1493 884 1554 asciscit
904 1503 934 1554 ct
952 1486 1088 1574 cooptal‚
1105 1505 1145 1553 ut
1168 1493 1205 1554 ad
1230 1493 1342 1556 docen-

209 1580 280 1638 dum
297 1573 416 1633 tormer.
453 1568 554 1649 Atque
572 1568 1074 1650 hocprudenterronsiderandum‚
1094 1570 1340 1652 quianonomni·
1384 1599 1386 1610 =

208 1655 265 1715 bus
284 1647 481 1732 praecipitur,
505 1658 539 1706 ut
563 1647 735 1729 parentibus
758 1647 868 1707 relictis
894 1659 925 1707 et
947 1647 1073 1729 pristino
1090 1647 1207 1708 vivendi
1231 1667 1340 1731 genere

209 1727 362 1793 Christum
381 1735 542 1805 sequantur
561 1723 701 1805 pedibus,
720 1723 771 1784 sed
792 1723 865 1784 alios
884 1737 1041 1793 contentus
1061 1733 1105 1785 est
1123 1724 1270 1786 Dominus
1291 1725 1340 1785 ha-

207 1807 282 1868 bere
301 1807 333 1864 in
353 1821 444 1895 grege
464 1821 518 1864 suo
539 1811 571 1860 et
587 1800 734 1871 Ecclesia,
759 1797 820 1860 aliis
844 1803 993 1880 propriam
1012 1802 1168 1863 stationem
1192 1799 1340 1863 attribuit:

208 1881 316 1966 quibus
335 1880 427 1962 igitur
445 1877 581 1957 imposita
593 1887 637 1938 est
655 1875 774 1958 publiea
791 1893 928 1958 persona,
947 1879 1052 1954 sciant,
1072 1899 1088 1939 a
1106 1897 1138 1940 se
1157 1877 1269 1958 plusali
1292 1877 1340 1939 uid

209 1958 322 2041 requiri
334 1977 421 2038 quam
441 1952 651 2034 aquibuslibet
670 1953 796 2034 privatis.
836 1952 1029 2016 Ita'Christus
1049 1955 1080 2016 in
1100 1955 1248 2016 communi
1267 1901 1340 2016 dio-

209 2059 276 2100 rum
294 2036 354 2096 vita
372 2031 447 2093 nibil
465 2041 597 2104 mutans,
621 2041 749 2110 quatuor
767 2031 839 2091 istos
860 2029 1019 2113 discipulos
1039 2031 1076 2092 ab
1097 2031 1233 2112 opificio,
1261 2033 1340 2092 unde

134 2147 139 2155 ·
208 2117 342 2177 vixerant
369 2111 529 2183 hactenus,
561 2106 697 2182 abducit,
725 2119 759 2166 ut
790 2127 893 2168 eorum
918 2127 1010 2188 opera
1035 2107 1072 2168 ad
1101 2108 1340 2190 praestantiorem

209 2190 397 2253 functionem
411 2196 519 2246 utatur.
557 2183 654 2246 Porro
667 2205 777 2245 crassos
789 2185 906 2258 idiotas,
925 2185 1086 2246 necminns
1105 2185 1190 2245 rudes
1209 2186 1339 2268 ingenis,
1385 2223 1386 2226 =

210 2289 299 2351 quam
319 2260 473 2326 doctrinae
492 2274 636 2342 expertes,
654 2260 719 2323 sibi
732 2261 867 2324 Christus
887 2259 997 2344 delegit
1013 2283 1087 2344 quos
1108 2262 1260 2344 expoliret,
1280 2263 1338 2322 imo
1385 2325 1386 2341 p

210 2367 286 2428 quos
312 2341 333 2404 S
355 2342 440 2406 initus
463 2338 510 2401 sui
534 2339 625 2424 gratia
649 2350 820 2414 renovaret,
843 2349 877 2398 ut
901 2340 1012 2400 cunctis
1036 2338 1139 2399 mundi
1162 2339 1339 2420 sapientibus

207 2363 436 2518 praecelddrent.
486 2417 532 2478 Ita
556 2416 669 2478 scilicet
690 2415 785 2479 voluit
807 2415 964 2477 humiliare
987 2415 1151 2496 superbiam
1176 2416 1288 2492 carnis,
1312 2427 1339 2475 et

210 2500 327 2584 insigne
357 2494 514 2578 spiritualis
538 2494 649 2578 gratiae
677 2493 828 2574 specimen
852 2493 925 2554 dare
946 2495 977 2553 in
1004 2509 1106 2554 eorum
1137 2510 1278 2574 persona,
1309 2503 1338 2551 ut

211 2579 356 2638 discamus
379 2573 450 2634 fidei
473 2573 573 2632 lumen
602 2582 706 2652 petere
730 2589 747 2630 e
774 2569 876 2646 coelo,
907 2571 1031 2632 scientes
1057 2569 1178 2650 propria
1201 2569 1338 2630 industria
1384 2611 1385 2618 ι

210 2670 275 2714 non
294 2669 383 2733 posse
402 2649 522 2728 acquiri.
560 2648 658 2707 Porro
679 2649 747 2728 quia
771 2667 832 2708 non
852 2647 943 2730 elegit
967 2645 1104 2706 indoctos
1129 2658 1159 2706 et
1181 2645 1286 2722 rudes,
1310 2656 1340 2706 ut

212 2747 330 2808 semper
347 2726 428 2786 tales
445 2723 643 2804 relinqueret,
666 2720 882 2814 inexemplum
907 2723 1028 2782 minime
1051 2721 1168 2784 trahere
1193 2724 1339 2795 convenit,

213 2805 295 2884 quod
315 2802 409 2863 ab·eo
429 2800 538 2862 factum
559 2809 616 2858 cst:
636 2802 725 2878 quasi
737 2799 826 2859 hodie
846 2817 966 2878 quoque
986 2799 1142 2860 ordinandi
1161 2799 1220 2860 sint
1238 2801 1340 2862 Pasto-

212 2900 271 2955 res,
291 2879 343 2958 qui
361 2889 466 2958 postea
486 2875 633 2936 formandi
652 2876 711 2938 sint
729 2875 766 2934 ad
786 2874 1001 2954 exsequendum
1021 2895 1125 2936 munus
1144 2897 1237 2936 suum.
1277 2877 1339 2938 Sci-

210 2971 278 3016 mus
298 2954 396 3030 enim,
420 2973 505 3035 quam
524 2952 657 3036 regulam
676 2950 764 3011 nobis
783 2970 838 3034 per
858 2972 891 3011 os
910 2951 996 3012 Pauli
1016 2947 1207 3034 praescribat,
1233 2971 1271 3014 ne
1313 2951 1340 3013 ui

212 3031 488 3107 scilicetuocentur
506 3029 562 3090 nisi
581 3027 618 3088 ad
643 3026 810 3088 docendum
839 3027 942 3089 idonei
966 3029 1006 3109 (l.
1027 3029 1105 3088 Tim.
1124 3035 1160 3105 3,
1185 3031 1236 3108 2.).
1311 3050 1340 3090 cc

211 3128 284 3171 rero
303 3105 382 3173 tales,
396 3107 466 3168 ideo
486 3105 589 3187 elegit,
609 3105 691 3185 quasi
709 3105 855 3165 inscitiam
869 3105 1029 3167 eruditioni
1040 3106 1218 3186 praeferret:
1240 3125 1341 3186 quem-

212 3183 370 3246 admodum
394 3183 560 3264 phrenetici
587 3183 704 3262 quidam
735 3181 792 3243 sibi
817 3183 848 3242 in
880 3204 931 3244 sua
960 3183 1127 3266 ignorantia
1153 3180 1340 3264 applaudunt,
1383 3221 1384 3238 ι

211 3279 305 3341 seque
324 3263 351 3320 A
374 3260 478 3322 ostolis
497 3270 603 3340 putant
622 3279 659 3319 co
678 3259 853 3340 propiores,
878 3261 1048 3352 quomagis
1073 3279 1090 3320 a
1115 3259 1206 3320 llteris
1233 3260 1339 3336 abhpr·
1383 3269 1384 3302 ἒ

210 3348 288 3398 rent.
358 3336 433 3398 oluit
451 3337 537 3398 initio
558 3335 677 3416 quidem
702 3348 822 3398 contem
843 3336 942 3398 tibrles
963 3335 1090 3418 eligere,
1110 3347 1144 3398 ut
1163 3355 1267 3397 eorum
1294 3359 1338 3398 su·

235 3409 367 3474 ercilium
389 3412 547 3490 deiiceret,
592 3413 622 3473 ni
642 3413 758 3477 coelum
782 3357 908 3474 indoctis
932 3427 1033 3495 patere
1057 3432 1121 3474 non
1144 3417 1265 3494 putant,
1294 3409 1339 3476 sed

211 3433 322 3552 deiude
341 3491 536 3570 piscatoribus
555 3433 684 3550 adiunxit
701 3489 824 3550 Paulum
840 3489 1007 3574 collegam,
1033 3489 1084 3571 qui
1108 3512 1124 3552 a
1148 3490 1272 3570 pueritia
1297 3509 1339 3551 se-

213 3567 285 3628 dulo
304 3565 455 3627 institutus
475 3567 579 3627 iuerat.
617 3567 748 3628 Tametsi
767 3579 865 3628 autem
885 3567 921 3628 dc
941 3569 1056 3628 ratione
1067 3564 1256 3646 metaphorae
1273 3566 1338 3628 sub·

212 3646 294 3707 tilius
314 3643 356 3704 dis
378 3654 462 3704 utare
480 3644 556 3705 nihil
576 3645 693 3719 attinet,
712 3643 782 3724 quia
802 3665 836 3704 ex
855 3664 888 3704 re
908 3645 1055 3726 praesenti
1065 3643 1179 3724 sumpta
1189 3645 1257 3722 fuit,
1276 3653 1339 3723 apte

212 3727 312 3783 taum
332 3664 429 3782 allusit
449 3717 584 3782 Christus
604 3721 640 3782 ad
659 3720 868 3802 piscationem,
909 3741 979 3781 uum
999 3721 1036 3782 de
1055 3723 1135 3786 Euan
1159 3719 1208 3782 elii
1222 3720 1338 3800 praedi·

199 3787 335 3860 datione
355 3808 472 3881 ageret:
493 3797 561 3878 quia
581 3797 758 3858 hominesve
782 3798 791 3857 i
812 3807 842 3857 et
882 3741 992 3858 dantes
1011 3798 1042 3857 in
1062 3741 1184 3875 mundo,
1204 3807 1337 3877 tanquan
1382 3857 1383 3870 ,

213 3875 245 3934 in
263 3887 346 3937 vasto
368 3887 400 3935 et
417 3874 543 3934 confuso
561 3875 634 3934 marl
642 3918 660 3952 „
671 3894 726 3957 per
744 3818 935 3956 brangedium
956 3873 1145 3955 colliguntur.
1184 3873 1337 3936 Caeterum
1382 3875 1383 3911 l

212 3950 351 4031 historia,
378 3971 453 4032 quae
472 3951 568 4033 primo
587 3952 709 4012 Ioannis
734 3951 827 4032 capite
848 3952 992 4026 refertur,
1023 3952 1059 4011 ab
1087 3951 1140 4012 hac
1160 3951 1273 4013 diversa
1291 3957 1336 4010 est

163 4043 165 4056 ¹
212 4027 288 4089 Nam
320 4051 409 4110 quum
433 4028 566 4089 Andreas
595 4048 670 4089 uuus
696 4028 798 4090 fuisset
823 4047 857 4088 ex
881 4026 952 4088 disci
974 4027 1029 4088 ulis
1053 4027 1190 4105 Ioannis,
1220 4029 1257 4088 ab
1292 4026 1337 4086 illo

171 4170 176 4186 s
213 4101 334 4166 Christo
359 4105 482 4183 traditus
508 4105 629 4166 fratrem
653 4105 762 4166 deinde
787 4123 886 4182 secum
910 4049 1043 4171 adduxit:
1072 4125 1105 4166 ac
1129 4117 1202 4165 tunc
1227 4103 1337 4185 quidem

213 4179 338 4312 amplexi
356 4195 426 4244 snut
450 4195 484 4245 ut
506 4184 707 4268 magistrum„
721 4181 773 4244 sed
798 4182 907 4244 deinde
930 4181 962 4242 in
987 4178 1125 4244 altiorem
1149 4182 1271 4266 gradum
1294 4197 1337 4239 re-

216 4269 250 4310 ce
285 4269 391 4318 urunt.

251 4273 393 4420 phlatth.
424 4337 473 4402 22.
510 4335 566 4398 ms
594 4349 689 4397 moero
713 4337 851 4413 proram
880 4349 932 4396 etc.
980 4334 1113 4396 Primum
1129 4333 1191 4426 ‘hic
1222 4339 1337 4414 apparet

200 4411 334 4484 =²T¹¹²fbta
351 4411 431 4472 vocis
452 4413 576 4478 Christi:
601 4433 665 4478 uon
685 4413 766 4495 quod
785 4412 848 4486 sola
867 4431 923 4476 vox
946 4421 1005 4474 tam
1026 4411 1185 4483 efficaciter
1203 4415 1336 4492 penetret
