2816 4746
435 236 874 354 'sununxmvmf
972 353 979 360 ,
1169 303 1223 364 o

86 449 166 499 terat
184 436 328 498 Satanaru
346 432 502 512 Dominus,
519 434 605 516 quod
622 434 686 516 ipse
704 434 748 496 rei
768 445 887 499 eventus
906 435 1015 500 docuit
1053 435 1218 522 Anabapti-

88 527 147 576 stas
168 515 251 574 enim
262 511 399 572 Calvinus·
409 522 445 570 et
455 510 598 594 Collegae
617 511 736 592 publica
755 511 848 572 libera
870 533 906 592 ue
926 513 1124 595 disputatione
1143 539 1220 578 con-

88 603 216 652 vocatos
237 609 272 648 ea
287 588 432 724 gravitate
457 607 492 648 ex
510 609 570 648 uno
589 587 649 648 Dei
668 588 763 652 verbo
790 533 981 651 confutarunt
997 592 1111 652 XVIII.
1130 595 1220 656 Mart.

91 688 176 728 anno
196 665 285 726 MDX
313 662 419 738 xvtl,
438 676 482 740 ut,
503 663 582 744 quod
602 684 683 726 rarae
703 658 852 726 cuiusdam
872 665 927 726 mit
946 668 1101 746 felicitatis,
1121 671 1157 731 ab
1179 691 1217 732 eo

89 756 235 823 ternpore
262 744 306 802 viu
334 763 409 802 unus
435 753 485 800 aut
515 741 590 800 alter
618 741 649 799 iu
677 741 730 808 bac
755 741 879 802 ecclesia
909 747 1082 822 apparuerit.
1109 747 1218 809 'Alter

91 818 236 879 ecclesiae
261 817 396 878 turbator
414 816 519 895 Petrus
540 817 640 878 Caroli
667 817 787 878 nomine
806 817 934 878 maiores
965 819 1215 886 et'diuturniores

91 895 198 956 turbas
208 895 294 968 dedit,
314 913 435 974 quarum
448 893 586 954 duntaxat
603 913 743 954 summam
754 893 929 968 recensebo,
950 894 1031 973 quod
1049 908 1111 959 tota
1131 901 1216 963 buius

94 971 259 1038 certaminis
278 970 399 1032 historia
419 982 522 1044 exstet,
543 981 625 1030 etex
645 971 767 1063 quadam
781 969 896 1032 Caluini
917 970 953 1030 ad
967 969 1134 1049 Gryoaeum
1154 977 1219 1058 epi-

92 1049 171 1108 stola
180 1047 289 1132 ‘colligi
308 1048 410 1128 possit.
454 1047 547 1108 Istum
559 1061 704 1129 ,gnaviter
722 1048 921 1128 impudentem
941 1048 1110 1127 sophistam
1128 1065 1220 1114 mater

91 1125 249 1200 Sorbona,
275 1145 349 1205 quae
369 1135 538 1204 pepererat,
551 1136 665 1205 'postea
683 1136 822 1204 tauquam
842 1123 1021 1184 haereticum
1040 1145 1103 1186 non
1124 1126 1164 1187 ita
1183 1129 1219 1190 de

89 1185 1221 1359 {sussnus,suessones,messenen

90 1355 205 1435 ubique
224 1355 348 1439 comite,
368 1319 401 1414 uit
419 1373 598 1434 quocunque
621 1321 748 1414 veniss’e't
772 1366 852 1414 certa
871 1374 939 1414 suae
957 1356 1145 1434 turpitudinis
1164 1357 1221 1417 im-

90 1451 192 1512 pressa
211 1431 333 1514 vestigia
351 1430 541 1510 relinqueret.
580 1429 640 1490 Ubi
659 1429 820 1491 scridebat
838 1449 854 1490 a
873 1431 981 1492 nostris
1000 1432 1095 1514 argui,
1116 1433 1153 1494 ad
1168 1433 1221 1494 ad-

91 1509 237 1569 versarios
256 1507 409 1568 transibat:
430 1507 466 1568 ab
485 1506 543 1567 illis
562 1527 674 1568 rursum
685 1507 862 1581 adnostros,
881 1509 923 1568 uti
941 1507 1018 1568 illius
1031 1519 1111 1570 artes
1119 1522 1222 1590 aperte

91 1585 256 1665 descriptae
288 1595 399 1646 exutam
428 1581 538 1668 prolixa
563 1583 685 1664 quadam
709 1583 817 1644 FareIIi
842 1583 878 1644 ad
904 1583 1057 1645 Calvinum
1087 1587 1219 1668 epistola.

91 1661 259 1722 Tandemi
282 1659 374 1722 itura
396 1673 457 1721 crte
477 1661 577 1741 coepit
597 1660 739 1741 optimum
758 1663 914 1742 quemque,
933 1673 964 1735 et
1002 1663 1099 1722 uidem
1117 1662 1222 1758 impri-

15 1805 19 1812 ,
90 1739 148 1798 mis
171 1679 335 1812 Fareliuru,
360 1681 527 1812 flelvinum,
551 1737 685 1798 Vinctum
711 1739 793 1818 quasi
817 1736 855 1796 de
880 1737 967 1798 Sacra
1017 1739 1097 1799 riade
1124 1761 1220 1804 munus

92 1827 177 1875 reete
197 1817 355 1889 sentientes
374 1814 529 1876 criminari.
578 1813 687 1875 Habita
712 1825 756 1875 est
781 1833 815 1874 ea
835 1812 871 1874 de
895 1833 928 1874 rc
948 1814 969 1874 S
991 1815 1085 1876 nodus
1104 1815 1221 1880 Bernao

90 1891 178 1951 valde
198 1891 345 1972 frequens,
364 1893 394 1952 in
415 1913 471 1972 qua
492 1890 641 1952 damnatus
661 1890 822 1952 calumniae
841 1891 946 1952 Petrus
963 1833 989 1950 (I

91 1979 198 2048 postea
222 1968 347 2045 defecit,
377 1969 554 2050 tandemque
584 1969 819 2030 Mediomatrices
852 1968 899 2048 [io
922 1966 1019 2028 urbm
1085 1973 1219 2054 mem]

92 2044 271 2107 subornatus
290 2047 380 2122 veuit,
398 2057 433 2106 ut
452 2065 526 2125 opus
545 2045 678 2120 Domini,
699 2045 779 2138 quod
798 2045 924 2105 feliciter
941 2044 1002 2106 illic
1021 2046 1152 2108 Farellns
1171 2049 1221 2108 in-

93 2121 227 2193 choarat,
245 2123 410 2202 impediret.
448 2123 522 2182 Inde
541 2123 648 2202 scripta
669 2121 793 2207 epistola
807 2122 880 2202 pios
894 2133 995 2203 aperte
1013 2121 1167 2197 lacessivit,
1185 2137 1221 2186 nt

93 2199 256 2336 {iiiiii
274 2195 952 2336 ”ttult‘,tiltttltttlltllttl
973 2199 1221 2339 ttffitltt‘l‘tt

75 2337 210 2411 'essum
228 2349 420 2427 satisfaceret,
431 2351 531 2430 ibique
551 2373 618 2416 cum
636 2350 763 2412 ludibrio
784 2318 1102 2432 exceptus’premente
1121 2300 1223 2431 incilia

93 2441 127 2488 et
146 2426 249 2506 gallica
267 2428 383 2502 scubic,
407 2431 453 2486 vix
470 2429 501 2486 in
515 2426 734 2488 'xenodochium
754 2438 889 2506 receptus
908 2426 1085 2506 stipendium
1104 2429 1223 2489 tandem

117 2503 229 2576 eccati,
245 2515 380 2564 mortem
398 2501 536 2561 videlicet
559 2501 667 2561 retulit.
704 2503 745 2560 Et
769 2501 818 2558 bic
838 2501 954 2578 quidem
975 2499 1033 2557 fuit
1052 2499 1128 2562 illius
1146 2503 1223 2564 infe-

90 2527 1222 2720 lentunen-‘zulteuusslsnttttttsutulu

92 2679 161 2794 iiien
179 2679 383 2814 indulgentes,
403 2729 485 2811 quasi
506 2673 655 2792 Christim
673 2729 778 2790 uuimu
792 2673 891 2790 cblere
908 2731 978 2791 satis
998 2696 1088 2806 esset’,
1107 2733 1221 2796 etiamsi

94 2809 247 2891 Papistieis
270 2807 359 2870 sacris
386 2808 578 2882 interessent,
610 2806 678 2866 duas
703 2807 928 2888 elegantissimas
952 2805 1089 2889 epistolas
1114 2811 1220 2873 edidis:

94 2908 184 2948 unam
212 2885 248 2946 de
275 2885 414 2968 fugienda
444 2883 611 2946 idololatria
630 2884 755 2945 Nicolao
783 2882 945 2960 Chemino,
978 2905 1037 2967 quo
1068 2889 1162 2950 amico
1189 2901 1220 2950 et

95 2964 299 3058 hospitetusus
318 2961 457 3022 Aureliae
480 2960 638 3099 plurimum
664 2961 773 3036 fuerat,
798 2960 927 3034 officiali
949 2973 1052 3042 postea
1072 2963 1222 3026 Cenoma-

93 3037 565 3190 1fidissirdbnilliblluiifbmdicatam,
589 3114 670 3202 cuius
695 3127 780 3205 auten
801 3114 941 3204 memini,
986 3116 1073 3206 nique
1091 3117 1222 3180 Abbatia

93 3194 217 3275 quadam
238 3213 272 3252 ac
291 3191 428 3273 deinceps
446 3193 624 3274 Episcopatu
643 3203 712 3270 post
730 3192 840 3250 editum
858 3191 941 3252 ullum
958 3137 1152 3254 tlarrstensem
1170 3207 1221 3256 tu·

500 3039 647 3121 esigoato:
666 3037 787 3098 alteram
807 3037 843 3098 de
862 3038 1014 3119 Papisticis
1030 3037 1222 3118 Sacerdotiis,

974 1892 1063 1953 naroli
1104 1893 1220 1956 aulatim
1310 1925 1317 1948 s

93 3270 218 3330 multum
230 3270 364 3343 donatus,
384 3291 446 3331 non
465 3269 555 3330 modo
576 3279 677 3349 postea
696 3269 764 3328 satis
784 3279 895 3327 rectum
910 3290 1024 3328 cursum
1038 3291 1098 3330 nou
1110 3272 1219 3348 tenuit,
1332 3319 1338 3334 ,
1391 3267 1392 3282 ’

93 3359 196 3408 verum
217 3347 303 3407 etiam
322 3346 421 3406 beram
431 3367 511 3407 suam
521 3337 1001 3426 Navarrenamregrbampaulatim
1012 3347 1220 3426 pessumdedit.
1297 3394 1301 3398 -

170 3501 280 3575 (1538.)
291 3498 351 3560 Sed
361 3497 433 3558 baec
443 3496 523 3560 illum
535 3508 671 3580 agentem
681 3497 864 3579 gravissimae
875 3497 1221 3564 domesticaeseditiones
1261 3567 1264 3575 ,

95 3587 282 3657 exceperunt.
319 3575 485 3636 Admissnm
505 3575 602 3636 fuerat
620 3574 650 3633 iu
670 3575 756 3649 urbe,
774 3575 849 3636 sicut
868 3587 954 3648 autea
974 3577 1104 3653 diximus,
1122 3579 1221 3638 Evan-
1316 3587 1318 3590 ’

95 3653 207 3793 gelium
230 3665 261 3712 et
279 3654 415 3732 Papatus,
432 3651 568 3712 eiuratus.
618 3652 677 3710 Sed
703 3663 815 3712 extrusa
839 3651 925 3712 simul
950 3673 967 3710 a
990 3653 1139 3746 plerisque
1158 3675 1220 3714 non
1243 3685 1245 3688 v

110 3742 215 3790 nerant
233 3729 352 3811 indigna
372 3728 462 3790 multu
481 3711 609 3810 fligitia,
641 3748 714 3808 quae
739 3729 769 3788 io
790 3729 917 3789 eaurbe
938 3728 1097 3792 Canonicis
1118 3741 1148 3790 ot
1166 3733 1243 3808 iun-t
1346 3803 1349 3812 ,
1391 3703 1392 3716 ἵ

95 3829 171 3890 puro
192 3806 234 3866 illi
255 3807 345 3868 Clero
366 3817 528 3866 totnonos
553 3805 667 3866 addicta
693 3805 742 3864 diu
763 3805 931 3888 viguerant,
956 3819 987 3866 et
1010 3820 1123 3868 veteres
1142 3806 1223 3866 inter

95 3883 232 3967 quasdam
264 3883 412 3964 primarias
438 3882 560 3945 familias
590 3881 759 3947 inimicitiae
784 3881 862 3943 bello
883 3883 1049 3945 Sabaudico
1069 3893 1222 3972 susceptae

95 3961 190 4024 adbuc
211 3959 430 4036 exercebantur.
485 3957 602 4034 Quibus
626 3960 687 4020 leni
712 3959 838 4040 primum
863 3961 1081 4032 admonitione,
1113 3957 1223 4016 derude

96 4038 223 4122 graviori
254 4036 389 4099 adversus
414 4033 599 4096 refractarios
631 4037 834 4118 increpatione
862 4037 1002 4097 tollendis
1033 4055 1123 4114 quum
1148 4032 1224 4100 nibil

96 4115 301 4197 proficeretur,
322 4125 351 4175 et
372 4133 501 4206 eousque
520 4113 849 4192 malumfprocessisset,
868 4126 901 4176 ut
921 4114 1018 4174 civitas
1038 4111 1222 4190 privatorum

97 4190 281 4274 quorundam
301 4187 429 4250 factione
449 4211 480 4250 ιη
500 4188 626 4250 diversas
651 4202 748 4270 partes
771 4189 970 4262 scinderetur,
995 4199 1110 4247 et·uon
1134 4191 1222 4270 pauci

96 4289 157 4330 sese
177 4267 211 4327 in
230 4266 365 4330 ordinem
383 4267 510 4328 iuratum
523 4265 618 4349 redIgi
637 4266 719 4326 nullo
738 4265 829 4326 modo
844 4276 1025 4344 paterentur,
1046 4283 1083 4325 eo
1102 4268 1223 4327 taudem

96 4333 309 4408 deveniendum
330 4342 399 4416 fuit,
429 4355 463 4404 ut
490 4363 597 4423 magno
618 4342 798 4422 heroicoque
824 4341 929 4420 spiritu
947 4340 1223 4422 praeditiFarellus

98 4435 128 4484 et
171 4419 311 4488 Calvinus
362 4439 427 4486 cum
476 4417 611 4486 coutto
636 4417 751 4504 sollega
785 4419 912 4495 (quem,
952 4437 1041 4504 quum
1073 4429 1107 4478 ut
1135 4428 1223 4478 aum
