2824 4756
172 315 212 376 sa
362 303 513 368 seculo
533 297 591 365 ru.
629 302 707 366 lusu
724 315 874 376 nuruum
892 311 936 363 ur
954 291 1123 390 munuum.

174 451 303 516 Perinde
323 469 396 533 ergo
414 459 460 512 est
479 448 538 510 acsi
557 445 701 530 Angelus,
717 443 812 509 allatis
832 448 863 508 br
882 446 1010 509 medium
1021 445 1236 528 Prophetarum
1255 466 1307 510 va-
1373 419 1377 424 Ι

174 531 290 603 ticiuiis,
310 539 427 610 pararet
444 527 571 586 animum
581 523 689 605 Ioseph
702 525 738 584 ad
750 525 968 606 amplexandam
981 536 1164 606 praesentem
1175 525 1308 606 gratiam.

250 614 299 672 21.
341 603 378 664 V
374 601 470 666 condis
487 619 591 667 nomen
606 604 671 660 mear
688 602 794 662 Imm.
836 601 884 660 De
910 603 971 693 ipsa
991 621 1065 662 voce
1090 601 1220 662 breviter
1260 603 1307 661 ui-

175 684 258 757 dem,
282 679 333 743 sed
353 692 495 761 quantum
515 677 586 748 satis,
599 691 681 752 erat,
709 699 796 759 supra
816 678 946 738 disserm.
983 679 1070 738 Nunc
1090 699 1182 746 uuum
1202 623 1307 738 addam

175 761 329 831 duntaxat,
361 756 484 817 refutari
509 754 618 836 nngsli
646 755 743 815 verbis
769 773 874 814 eorum
900 753 1049 829 delirium,
1070 755 1120 847 qui
1145 776 1160 815 a
1187 753 1308 829 lebova,

174 834 321 899 essentiali
341 833 400 894 Dei
418 831 555 906 nomine,
575 831 739 892 deducunt:
772 852 885 890 causam
911 832 989 890 enim
1012 832 1146 914 exprimit
1164 829 1308 912 Angelus,

166 913 229 974 'cur
256 913 296 972 iti
325 911 473 972 vocandus
497 909 535 970 sit
563 907 653 968 Filius
672 908 745 982 Dei,
778 907 858 983 Quia
888 927 927 988 po
950 908 1031 967 ulum
1061 929 1145 968 suum
1176 907 1307 966 sewndir.

174 990 263 1050 Unde
281 987 401 1048 elicitur
421 984 568 1046 contraria
588 982 784 1066 etymologia,
805 1005 892 1064 quam
911 929 953 1046 illi
974 985 1095 1066 lingant
1134 983 1179 1044 Ac
1197 983 1307 1045 trustra

173 1067 232 1128 istu
252 1064 355 1126 cavillo
372 1061 453 1122 elabi
472 1072 633 1134 conantur,
651 1064 780 1142 'proprie
801 1073 830 1120 et
850 1072 918 1142 apte
938 1061 1053 1136 subiici,
1073 1060 1222 1121 Christum
1243 1061 1308 1120 lure

174 1141 273 1206 salutis
293 1151 461 1208 auctorem,
481 1139 549 1217 quia
569 1149 705 1198 aeternus
724 1139 763 1198 sit
780 1137 872 1198 Deus.
911 1139 1016 1218 Neque
1037 1139 1114 1197 enirn
1134 1136 1192 1198 boc
1212 1138 1308 1218 agitur

173 1219 286 1294 solum,
306 1214 479 1297 quidnobis
499 1213 580 1274 Deus
600 1225 742 1293 praestet:
767 1215 818 1274 sed
838 1213 914 1275 Filio
936 1215 997 1274 cius
1016 1233 1051 1272 ex
1070 1233 1103 1273 re
1123 1234 1231 1274 nomen
1251 1213 1308 1272 im-

172 1297 298 1378 ponitur
317 1314 352 1352 ex
370 1292 524 1365 mandato,
555 1290 637 1370 quod
663 1289 705 1349 illi
731 1291 894 1354 iniunctum
916 1303 960 1351 est
980 1312 995 1351 a
1015 1291 1121 1364 Patre,
1150 1311 1184 1350 ex
1204 1291 1306 1350 officio

174 1391 233 1454 quo
260 1369 408 1452 praeditus
432 1366 468 1426 ad
493 1387 548 1427 nos
575 1367 737 1428 descendit.
785 1368 846 1427 Iam
871 1386 943 1429 vero
968 1367 1139 1459 plusquam
1165 1366 1306 1426 insulsum

173 1461 228 1523 est,
247 1468 336 1527 quum
357 1445 431 1504 duae
452 1443 523 1504 istae
534 1439 621 1504 vo'ces
634 1443 700 1505 lesu
722 1457 752 1504 et
771 1444 879 1505 lehova
899 1465 961 1504 uon
985 1443 1090 1504 uisiru
1107 1443 1218 1504 duabus
1238 1443 1308 1502 lite-

173 1527 212 1587 ris
233 1522 425 1594 conveniant,
445 1523 475 1589 in
496 1519 559 1580 aliis
579 1530 676 1580 autem
697 1521 852 1593 differant,
872 1541 946 1601 quae
965 1520 1037 1581 nibil
1057 1520 1167 1580 babent
1186 1538 1307 1600 prorsus

173 1603 252 1663 inter
276 1620 308 1660 se
337 1598 484 1658 affinitatis
522 1595 608 1657 simul
628 1597 768 1673 miscere,
801 1597 881 1680 quasi
906 1619 997 1657 unum
1017 1597 1055 1658 sit
1075 1618 1193 1657 nomen.
1232 1595 1307 1656 Tale

172 1675 321 1740 conflandi
338 1695 432 1756 genus
452 1673 629 1734 alcbumistis
647 1673 796 1754 relinquo,
818 1674 923 1753 quibus
940 1695 1002 1734 nou
1022 1673 1146 1734 multum
1159 1673 1306 1732 absimiles

172 1765 241 1816 sunt
259 1751 456 1826 cabbalistac,
480 1751 531 1831 qui
556 1749 670 1830 putidas
691 1753 758 1810 istas
778 1753 936 1830 inanesque
963 1750 1088 1832 argutias
1108 1750 1194 1809 nobis
1215 1749 1307 1808 fabri-

106 1831 111 1847 '
171 1842 248 1892 cant
287 1829 368 1910 Ergo
389 1827 480 1887 Filius
498 1828 568 1901 Dei,
588 1847 678 1906 quum
698 1826 734 1886 ad
754 1848 809 1887 nos
830 1847 916 1886 carne
935 1827 1053 1887 indutus
1073 1825 1200 1906 prodiit,
1218 1823 1305 1886 simul

171 1901 286 1987 accepit
305 1927 321 1966 a
340 1907 429 1966 Patre
448 1923 569 1978 nomen,
590 1923 624 1962 ex
643 1919 703 1982 qao
745 1903 819 1963 alam
839 1903 934 1976 fieret,
954 1925 1040 1983 quem
1061 1905 1091 1964 iu
1112 1901 1202 1962 finem
1214 1921 1305 1963 rene-

171 1985 226 2058 rit,
246 2001 320 2064 quae
340 1983 379 2042 sit
396 1982 460 2040 eius
481 1981 588 2054 virtus,
614 1925 742 2059 etquid
755 2001 810 2059 pro
834 1980 877 2038 rie
897 1979 933 2038 ab
955 2000 992 2040 eo
1012 1980 1051 2040 sit
1070 2001 1116 2040 ers
1140 1979 1303 2039 ectandum.

170 2061 262 2120 Radix
294 2061 373 2138 enim
401 2058 528 2118 nominis
551 2057 618 2116 lesu
643 2068 687 2116 est
710 2057 747 2118 ab
772 2001 912 2118 hebraico
941 2056 1033 2118 uerbo
1059 2001 1162 2138 Hiplil
1191 2067 1305 2133 sumum,

170 2142 252 2224 quod
281 2161 398 2202 swonre
425 2141 580 2222 signifieat.
637 2137 785 2200 Hebraicc
816 2139 933 2219 quidem
971 2139 1055 2200 aliter
1079 2141 1306 2219 pronuntiatur,

91 2258 97 2280 r
170 2239 279 2300 nempe
298 2218 478 2278 leboscbua:
507 2217 558 2278 sed
578 2215 798 2309 Evangelistae,
824 2237 913 2352 qpum
933 2236 1037 2298 graece
1058 2216 1237 2289 scriberent,
1256 2233 1304 2272 re·
1403 2209 1404 2260 l

171 2309 289 2378 ceptum
310 2295 453 2375 loquendi
473 2316 557 2354 usum
574 2306 693 2374 sequutr
714 2305 790 2354 sunt.

170 2373 248 2456 apud
258 2373 374 2444 Mosen,
393 2393 479 2451 quam
500 2371 531 2432 iu
551 2369 613 2430 aliis
633 2370 716 2431 libris
733 2369 945 2430 transtulerunt
963 2369 1077 2439 Ἰησοῦν.
1148 2389 1186 2428 uro
1198 2368 1303 2429 iterum

170 2451 341 2534 coarguitur
366 2467 468 2509 eorum
494 2447 624 2522 inscitia,
655 2447 706 2528 qui
733 2467 843 2506 nomen
870 2447 938 2508 Iesu
957 2469 974 2509 a
993 2447 1104 2506 Iebora
1125 2447 1304 2525 detorquent

170 2531 374 2608 potiusquam
396 2525 542 2586 derivant:
574 2521 685 2586 ducunt
716 2526 794 2584 eninr
818 2523 861 2584 iili
880 2543 942 2604 pro
969 2545 1078 2606 magno
1104 2522 1248 2595 absurdo,
1277 2521 1302 2580 si

864 2315 910 2353 arn
930 2294 1027 2374 graeci
1048 2294 1224 2444 integretur
1242 2303 1303 2351 tam
1403 2309 1404 2340 r

170 2625 282 2665 sacrum
304 2605 361 2663 bo'c
379 2621 491 2662 nomen
512 2622 668 2662 commune
688 2602 819 2661 mortalis
839 2602 982 2682 quispiam
1002 2601 1092 2660 bomo
1113 2598 1215 2658 babeat
1234 2619 1299 2657 cum
1402 2621 1403 2660 l

150 2680 247 2747 ,Filio
267 2680 343 2752 Dei,
361 2699 397 2738 -ac
417 2672 528 2760 tragice
548 2677 724 2750 exclamant,
749 2699 898 2757 uunquam
923 2699 1075 2757 passurum
1104 2675 1191 2734 luisse
1213 2674 1301 2735 Clui-

170 2756 318 2830 aturensis
338 2773 447 2814 nomen
468 2773 552 2814 suum
593 2754 732 2814 rolanari.
772 2753 866 2827 Quasi
882 2753 1093 2814 vero'non'sit
1113 2753 1143 2811 in
1185 2763 1302 2830 comptu

168 2832 357 2906 ἀντίςροφον,
376 2823 431 2888 illis
452 2775 619 2889 bomiuidbs
636 2850 744 2889 nomeu
756 2829 824 2888 Iesu
844 2850 906 2888 non
925 2831 1020 2890 minus
1032 2851 1118 2910 quam
1137 2773 1300 2888 Iebosehua

169 2904 257 2964 luisse
278 2923 444 2964 commune.
489 2905 576 2965 Nunc
617 2907 662 2966 uia
688 2905 914 2979 satiscoustat,
938 2907 1045 2966 Filium
1065 2906 1122 2964 Dei
1138 2904 1201 2964 »sub
1226 2923 1302 2964 uoce

140 2985 156 3036 “.
169 2980 237 3042 Iesu
258 2979 344 3040 nobis
363 2980 563 3042 commendari
583 2926 682 3042 sidonis
702 2993 869 3056 auctorem,
893 2984 1016 3062 propius
1042 2983 1217 3042 excutiamus
1235 2981 1300 3040 An-

168 3057 229 3192 geli
260 3056 358 3118 verba.
401 3057 540 3132 Saluum,
573 3059 684 3194 inquit,
714 3059 815 3152 societ
837 3057 980 3134 populum
1010 3082 1094 3120 nuum
1121 3081 1141 3117 u
1166 3061 1302 3132 peccoris

195 3155 271 3195 ramo
291 3135 452 3194 tenendum
472 3146 531 3210 est,
556 3154 610 3214 per
633 3135 689 3195 itus
713 3157 743 3196 cn
770 3154 802 3195 se
827 3135 897 3215 ipsis
918 3156 996 3210 esse,
1026 3137 1131 3216 quibus
1155 3133 1302 3193 servandis

168 3210 294 3268 mittitur
319 3211 466 3271 Christus:
483 3212 671 3271 'nominatim
703 3223 800 3271 autern
830 3223 952 3272 vocatur
981 3215 1130 3274 Ecclesiae
1160 3223 1301 3270 servator.

168 3285 202 3344 Si
229 3285 259 3343 iu
285 3299 381 3346 morte
407 3299 436 3347 et
461 3288 583 3348 interitu
603 3289 737 3357 demersi,
749 3299 833 3363 suut,
887 3311 940 3350 uos
960 3290 1016 3350 sibi
1035 3290 1116 3349 Deus
1136 3280 1300 3362 conlundit,

168 3363 264 3422 donec
283 3365 372 3422 vitam
397 3364 455 3423 illis
481 3366 784 3438 restituatrssbristus,
817 3310 885 3445 quid
911 3367 947 3426 de
961 3367 1117 3427 'extraneis
1141 3364 1299 3424 dicendum

168 3439 239 3512 erit,
264 3437 371 3516 quibus
395 3440 474 3501 nulla
499 3461 626 3520 uuquam
653 3443 763 3502 alsulsit
787 3465 799 3501 s
823 3464 852 3502 es
877 3443 972 3505 vitae?
1003 3461 1094 3524 quare
1114 3441 1299 3501 statuendum

168 3527 222 3588 est,
243 3526 338 3574 totum
380 3536 451 3576 enus
473 3517 629 3578 humanum
650 3519 740 3579 exitio
760 3463 819 3578 add

156 3605 215 3652 ¹tur
233 3590 318 3651 salus.
357 3535 468 3652 lerum
489 3596 618 3656 notanda
638 3596 723 3656 simul
743 3608 787 3656 cst
808 3596 886 3656 exitii
907 3619 1007 3657 causa:
1028 3595 1223 3676 nequeenim
1245 3614 1299 3652 uos

166 3668 302 3728 eoelestis
322 3668 414 3728 Iudex
433 3681 546 3730 temere
567 3685 597 3731 et
616 3672 666 3732 abs
686 3693 719 3732 re
737 3672 911 3733 maledictos
933 3693 994 3734 esse
1014 3672 1196 3752 pronuntiat.
1237 3670 1299 3728 Te-

165 3757 258 3822 statur
278 3764 350 3828 ergo
363 3745 507 3826 Angelus,
529 3769 582 3807 uos
603 3750 734 3829 periisse,
755 3770 788 3808 ac
808 3750 904 3808 teneri
925 3750 978 3822 sub
992 3751 1095 3810 misera
1111 3745 1300 3808 damnatione

166 3843 334 3902 oppressos,
354 3823 421 3902 quia
443 3825 698 3902 peccatisnostris
718 3825 836 3885 alienati
849 3849 945 3894 sunaus
966 3827 1069 3887 avita,
1102 3824 1191 3884 Unde
1211 3821 1300 3882 uobis

164 3899 331 3960 ostenditur
355 3909 477 3960 naturae
503 3911 621 3960 nostrae
645 3902 797 3982 corruptio
818 3914 848 3962 et
896 3903 1011 3964 navitas:
1037 3923 1102 3961 nam
1122 3903 1147 3961 si
1166 3900 1203 3961 ad
1223 3899 1298 3960 iuste

162 3973 319 4034 vivendum
339 3975 482 4058 quispiam
503 3989 580 4036 esset
599 3977 728 4060 integer,
747 3991 847 4058 posset
865 3923 986 4040 dhristo
1007 3979 1166 4040 liberatore
1187 3995 1297 4037 carere.

162 4047 254 4129 Atqui
274 4072 377 4114 ornnes
397 4053 433 4112 ad
453 4053 701 4147 duumindigent
721 4059 781 4115 eius
801 4056 906 4136 gratia:
927 4058 1060 4136 sequitur
1079 4075 1164 4136 ergo,
1185 4053 1298 4133 pcccati

7 4185 9 4214 r
163 4143 226 4184 esse
251 4147 366 4200 servos,
397 4148 524 4209 veraque
548 4143 658 4195 iustitia
683 4132 812 4192 destitui.
862 4133 941 4193 Hinc
971 4155 1086 4193 rursum
1118 4131 1296 4211 colligimus,
1400 4151 1401 4162 ¹

7 4223 8 4230 ¹
74 4241 75 4244 η
162 4200 254 4276 qualis
267 4203 311 4291 'sit
331 4205 449 4265 Cbristo
474 4207 609 4267 servandi
631 4209 737 4268 modus
757 4209 804 4267 vel
829 4209 922 4268 ratio:
955 4229 1062 4290 nempe
1094 4207 1162 4288 quia
1192 4227 1248 4268 uos
1279 4227 1295 4266 a
1400 4271 1401 4282 ,

162 4287 287 4352 peccans
307 4279 423 4341 liberat.
461 4283 546 4345 Duae
565 4304 657 4364 porro
673 4297 741 4344 sunt
761 4285 944 4346 liberationis
957 4284 1042 4346 buius
1053 4298 1164 4366 partes:
1185 4303 1295 4362 nempe
1400 4285 1401 4320 ἲ

161 4349 242 4428 quod
263 4368 379 4430 peracta
394 4358 558 4440 expiatione
571 4362 727 4444 gratuitam
739 4362 852 4422 veniam
873 4362 959 4422 nobis
970 4361 1069 4439 alleri,
1091 4381 1146 4441 qna
1167 4359 1295 4440 exempti
1400 4373 1401 4428 l

160 4435 280 4489 areatu
298 4432 403 4494 noui·
428 4437 655 4514 reconciliemur
673 4439 755 4500 Deo:
782 4438 889 4500 deiude
915 4439 995 4518 quod
1021 4439 1133 4519 Spiritu
1158 4441 1212 4498 nus
1238 4453 1292 4496 suo

819 3519 873 3591 ici,
893 3521 961 3578 dum
983 3520 1012 3580 in
1034 3517 1153 3580 Christo
1173 3516 1301 3578 includi·
1401 3503 1402 3546 ³
