2808 4748
388 281 446 392 (35,
468 313 550 376 Iesus
570 313 657 375 docet
676 311 736 406 pei
751 311 939 397 Galilaeam.)
1082 286 1084 290 .
1172 304 1229 390 118

28 469 34 474 “
79 465 161 520 rard.
221 449 303 523 Alibi
337 459 433 518 tamen
469 453 547 538 apud
577 455 759 520 Matthacum
797 461 831 528 et,
854 450 989 520 Mardum*
1020 457 1076 522 flet
1097 453 1226 525 melitio.
1346 527 1351 532 ,

91 533 238 618 Iosephus
260 535 339 614 libro
359 533 511 616 antiquit:
524 539 572 601 18.
599 535 687 612 dicit,
713 534 780 614 quia
805 528 861 594 sibi
879 541 1025 597 metueret
1048 535 1185 602 Herodes
1208 541 1226 602 ἐ
1259 583 1261 588 1

92 613 220 674 tumultu
239 610 374 692 populari
399 623 430 671 et
453 609 542 674 rebus
566 611 668 689 uov'Is,
693 609 837 672 Ioannem
857 609 894 670 ab
916 625 951 672 eo
971 612 1113 677 inclusum
1134 617 1231 679 fuisse.

91 691 123 751 in
142 707 211 750 arce
230 687 447 765 Macherontis,
472 692 539 770 quia
558 699 694 770 suspecta
715 699 778 748 erat
796 686 852 748 viri
873 689 1039 750 auctoritas.
1077 694 1225 762 Herodia-

93 767 158 826 dem
178 786 249 835 vero
270 785 331 825 non
351 765 491 848 Philippo
511 769 617 846 (quem
637 765 771 826 salomes
789 759 928 824 maritum
947 761 1044 842 facit),
1069 769 1120 846 sed
1139 768 1227 832 alter?

93 840 207 902 Herodi
228 842 318 902 tradit
336 841 424 903 suine
445 855 576 924 nuptam.
616 841 776 904 Caeterum
795 841 864 920 quia
883 839 939 900 hae
957 842 987 900 ib
1008 855 1090 921 parte
1104 860 1225 910 'memes

93 921 135 979 ria
163 919 258 1001 lapsus
282 919 531 1004 deprehenditur,
559 931 594 979 'et
616 917 748 999 Philippi
775 929 896 998 quoque
920 926 1049 984 mortem
1079 940 1140 982 nou
1169 943 1224 986 suo

93 997 160 1056 loch
187 997 296 1079 refert,
323 997 434 1057 certior
458 995 598 1057 historiae
617 995 723 1060 veritas
749 1013 783 1056 ex
802 992 995 1077 Evangelistis
1019 996 1146 1076 petenda
1169 1007 1226 1078 est,
1284 991 1287 1002 ’

94 1073 287 1153 standumque
307 1087 410 1134 eorum
430 1073 614 1133 testimonio
652 1073 721 1134 ΗοοΙ
748 1069 866 1151 quidem
891 1069 959 1131 satis
983 1082 1227 1152 constat‚qi1um
1273 1091 1276 1098 ’
1365 1085 1370 1094 ’

93 1149 178 1208 liliam
199 1149 309 1226 bretae
328 1149 407 1232 regis
419 1147 549 1210 Arabum
569 1149 692 1210 haberet
711 1149 741 1208 iri
761 1147 952 1208 matrimonio
964 1145 1113 1223 Herodes,
1132 1149 1228 1214 iorma'

69 1226 265 1304 ¹Herodiadis
284 1229 381 1307 neptis
400 1225 530 1286 illectum
550 1243 614 1286 eam
634 1225 736 1286 fraude
754 1225 893 1306 rapuisse.
931 1223 1038 1286 Potuit
1053 1237 1153 1288 autem
1171 1227 1231 1288 im:
1290 1273 1295 1282 .

24 1323 27 1332 ¹
91 1305 169 1382 pune
190 1304 266 1362 hanc
285 1303 422 1363 iniuriam
441 1301 553 1362 inlerre
571 1300 750 1362 fratri'Phili
774 1321 823 1382 po,
843 1319 931 1382 quem
948 1301 1094 1363 mansueti
1114 1303 1146 1365 et
1185 1303 1228 1368 la·

92 1379 157 1456 cidi·
171 1380 260 1440 luisse
280 1379 394 1461 ingenii
414 1379 564 1438 hominem
583 1378 737 1440 testatori
760 1399 805 1438 em
824 1377 977 1459 Iosephus.
996 1378 1100 1440 Porro
1120 1323 1229 1445 initae

91 1455 216 1516 historia
235 1453 313 1515 ciart
333 1455 496 1529 cernimus,
519 1455 606 1535 quale
631 1453 705 1515 fidos
725 1466 756 1514 et
776 1453 911 1515 cordatos
929 1454 1058 1535 veritatis
1077 1456 1231 1522 ministros

91 1533 254 1612 praemium
274 1531 304 1590 iu
324 1531 436 1593 mundo
456 1541 586 1607 maneat,
609 1531 783 1612 praesertim
806 1529 859 1590 ubi
877 1531 947 1593 vitia
974 1543 1153 1626 coarguunt:
1181 1536 1232 1600 viri

91 1609 171 1666 enirn
192 1608 369 1668 centesimus
390 1609 512 1690 quisque
532 1608 748 1670 correctionem
770 1607 911 1668 admittit:
936 1621 1010 1692 ergo
1035 1631 1060 1670 sr
1083 1603 1235 1694 urgedt'ur'

52 1702 54 1707 ·
91 1685 238 1761 severius,
268 1687 299 1744 in
326 1685 458 1745 furorem
483 1685 637 1746 ebulliunt.
675 1686 758 1746 Haec
783 1684 920 1778 superbia
944 1686 968 1745 si
991 1685 1230 1766 inquibuslibet

91 1760 226 1840 plebeiis
241 1761 389 1838 renuitur,
414 1761 488 1834 nihil
511 1763 634 1839 mirum,
661 1760 685 1822 si
708 1774 826 1842 tyranni
845 1759 937 1845 longe
956 1763 1085 1824 atrocius
1105 1763 1135 1824 in
1157 1769 1233 1829 suoe'

91 1838 322 1918 reprehensores
341 1839 483 1913 saeviunt,
502 1840 609 1920 quibus
623 1837 704 1912 ,nihil
724 1849 768 1899 est
788 1837 921 1899 acerbius
934 1857 1020 1918 quam
1039 1841 1072 1900 in'
1091 1839 1230 1904 ordinent

93 1915 171 1996 cogi.
214 1915 341 1976 Rursum
366 1917 397 1976 in
422 1916 535 1977 loanne
559 1917 675 1999 insigne
695 1913 825 1998 refulget
849 1917 1031 1976 constantiae
1053 1917 1230 2000 exemplum,
1264 1929 1269 1937 “

92 2013 149 2074 qua
168 1992 319 2072 praeditos
341 2013 402 2070 esse
423 1995 564 2054 convenit
587 2006 691 2054 omues
715 1993 781 2074 pios
808 1993 963 2070 doctores,
986 2009 1026 2052 ne
1051 2010 1174 2076 magnos
1199 1995 1234 2058 et
1391 2053 1392 2062 ,

91 2080 246 2147 potentes,
273 2071 390 2151 quoties
410 2071 449 2132 ita
470 2072 631 2131 necessitas
645 2069 762 2145 tulerit,
787 2085 950 2150 provocare
973 2069 1057 2130 inse
1077 2068 1233 2134 dubitenta'
1305 2079 1309 2082 ’

92 2165 190 2226 neque
211 2147 291 2206 enim
311 2148 428 2228 sincere
446 2147 513 2206 Deo
534 2147 638 2221 servit,
664 2144 741 2278 apud
767 2166 855 2223 quern
874 2145 955 2206 valet>
971 2147 1105 2228 acceptio
1116 2145 1230 2230 'persib'

91 2241 156 2280 nae.
195 2223 293 2281 Porro
314 2245 405 2302 quum
426 2223 496 2282 dicit
514 2221 619 2293 Lucas,
638 2227 745 2280 manin
765 2219 824 2282 hoc
843 2221 963 2302 reliquis
983 2223 1120 2286 omnibus
1140 2224 1234 2288 luisse'
1389 2273 1392 2296 ,

91 2299 322 2378 superadditum,
342 2299 487 2380 siguificat
504 2301 577 2358 tunc
598 2299 781 2377 desperatam
801 2315 863 2356 esse
882 2296 1033 2373 malitiam,
1053 2311 1083 2360 et
1102 2301 1138 2361 ad
1151 2323 1229 2363 sum·
1313 2345 1316 2354 .
1341 2332 1344 2347 =

91 2395 172 2434 mum
193 2373 342 2435 cumulum
360 2377 483 2450 venisse,
503 2390 592 2454 quum
613 2373 749 2435 remediis
769 2373 904 2433 irascitur
914 2381 1069 2451 peccator:
1089 2375 1146 2436 nec
1163 2375 1230 2437 tan·
1329 2430 1332 2439 .
1391 2433 1392 2442 ,

91 2462 155 2510 tum
177 2452 395 2516 correctionem
415 2451 562 2531 repudiat,
580 2449 632 2510 sed
653 2449 689 2508 de
708 2449 858 2507 monitore
878 2461 998 2528 quoque
1018 2467 1072 2509 suo
1091 2449 1234 2514 hostilem

91 2523 252 2586 vindictam
272 2526 368 2587 sumit.
670 2571 672 2578 .

87 2641 88 2644 =
169 2596 343 2680 blatth.12.
386 2599 482 2684 Quom
500 2599 627 2661 audisset
643 2601 734 2660 leues.
774 2597 852 2661 Cum
872 2598 916 2660 his
937 2617 998 2659 nou
1019 2595 1136 2662 videtit'r
1155 2607 1230 2665 con'.
1283 2651 1286 2664 ,
1320 2657 1330 2672 .

93 2697 203 2760 gruere
223 2677 345 2749 Ioannis
366 2683 506 2756 narratio,
526 2679 578 2759 qui
598 2681 733 2754 testatur,
753 2677 859 2737 eodem
878 2675 964 2738 simul
984 2687 1119 2758 tempore
1139 2678 1230 2741 Ioan-

49 2769 54 2778 '
92 2775 169 2834 nem,
185 2765 216 2814 et
231 2754 381 2818 Christum
402 2756 515 2818 obiisse*
531 2757 658 2817 docendi
677 2774 792 2814 munus.
832 2753 892 2814 Se'd
912 2753 1079 2814 notandhm'
1097 2760 1150 2832 est',
1169 2759 1236 2820 tres'

24 2867 27 2874 ι
93 2845 214 2894 nostros
240 2833 320 2892 Evau
345 2835 455 2896 elisua
469 2834 558 2896 bre‘ve
587 2833 667 2893 ittae·
689 2844 749 2893 tem
775 2832 833 2896 oris
862 2831 985 2912 spatium
1015 2831 1084 2893 ideo
1110 2821 1257 2896 silentio*
1363 2897 1366 2904 ,

92 2905 276 2992 transigere,
294 2855 371 2993 ›qdia
396 2911 526 2974 nondum
547 2911 645 2972 linitus
665 2921 729 2991 erat
747 2853 868 2969 ibannis
895 2921 1011 2982 cursus,
1037 2908 1095 2971 hoc
1115 2920 1174 2987 est',
1194 2909 1237 2972 a'd'

94 2988 298 3068 recipiendum
325 2986 435 3050 Christi
459 2988 651 3070 Evangelium
676 2984 873 3080 praeparatio.
917 2985 956 3045 Et
980 2995 1078 3061 certe,
1102 2986 1236 3076 quamvis

93 3063 173 3124 intra
192 3063 267 3124 illud
286 3076 401 3146 tempus
423 3066 554 3144 doctoris
574 3059 821 3136 officioChnstus
843 3061 959 3122 functus
979 3063 1031 3138 sit,
1051 3075 1233 3141 nontamen
1256 3099 1259 3105 ¹

95 3144 217 3232 proprie
239 3161 356 3203 exorsus
384 3155 428 3204 est
446 3141 600 3224 Evangelii
617 3137 884 3222 praedicationem,
912 3139 1008 3198 donec
1033 3135 1232 3207 Ioannisuc-

95 3231 190 3278 cessat.
237 3217 339 3291 Quare
365 3240 428 3281 non
454 3219 581 3280 absurde
611 3230 670 3278 tres
695 3215 900 3300 Evangelistae
924 3215 1044 3276 Ioannis
1067 3217 1237 3279 ministerio

94 3305 213 3376 tempus
233 3295 306 3354 illud
327 3297 498 3356 concedunt
516 3307 546 3355 et
565 3295 723 3376 assignant,
765 3313 804 3353 uo
825 3280 983 3372 discipulos
1005 3289 1125 3354 Christo
1146 3315 1231 3376 para-

95 3372 153 3447 vit,
181 3372 242 3433 acsi
270 3370 418 3447 dicerent,
442 3372 566 3432 cedente
592 3392 698 3432 aurora
716 3315 810 3446 sdicm
831 3389 893 3430 esse
914 3381 1056 3430 exortum.
1093 3371 1233 3433 Notanda
1265 3375 1269 3380 ’

97 3459 141 3508 est
160 3461 259 3510 autem
279 3447 417 3526 loquutio
438 3469 513 3544 quae
538 3447 662 3508 habetur
688 3448 765 3527 apud
788 3447 915 3520 Lucam,
940 3447 1038 3509 Iesum
1062 3448 1095 3505 iu
1118 3450 1231 3524 uirmta,

56 3547 64 3572 r
96 3536 146 3583 aut
165 3544 222 3606 per
240 3524 386 3586 virtutem
397 3525 528 3600 Spiritus
546 3525 580 3584 itt
595 3521 756 3584 Galilaeam
775 3523 902 3583 venisse:
923 3522 1020 3604 magui
1041 3519 1119 3583 enim
1139 3525 1233 3584 inter·

97 3613 159 3676 est,
184 3622 224 3661 ne
245 3600 315 3692 quid
335 3613 474 3662 terrestre
494 3601 539 3661 vel
564 3599 723 3662 humanum
748 3600 779 3659 iu
802 3597 920 3662 Christo
946 3600 1155 3682 imaginemur,
1180 3597 1234 3660 sed
1334 3669 1342 3678 ,

98 3678 233 3740 coelestis
253 3691 342 3738 rn‘eo
364 3689 394 3739 et
414 3679 510 3741 divina
528 3677 619 3739 virtus
645 3675 761 3756 'semper
784 3675 871 3745 nobis
897 3687 1049 3753 occurrat,
1074 3693 1235 3756 sensusque

99 3761 223 3816 nostros
235 3773 314 3816 occu
337 3767 374 3815 et.
827 3758 830 3766 '
1053 3799 1059 3812 .

90 3892 101 3905 ,
174 3833 268 3892 Marc.
288 3776 335 3898 td.
373 3827 553 3892 Proeoloons
576 3827 767 3906 Evougelium
783 3831 873 3905 regul
896 3828 965 3890 Det
1004 3825 1130 3890 Videtur
1155 3827 1234 3888 abli-

98 3907 171 3968 nihil
192 3909 302 3970 habere
315 3909 479 3973 Matthaeus
492 3908 637 3976 diversum
657 3929 674 3968 a
693 3907 815 3987 reliquis
835 3905 966 3968 duobus:
986 3902 1235 3984 postquamenim

99 3984 252 4056 Christum
281 3985 386 4046 relicta
415 3985 507 4068 patria
533 3982 678 4046 Nazareth
709 3983 953 4064 inCapernaum
983 3981 1124 4063 migrasse
1155 3979 1237 4056 dixit,

98 4073 169 4122 tuuc
191 4063 308 4123 demum
328 4065 430 4122 attexit
449 4062 599 4122 exordium
618 4059 843 4141 praedicationis
865 4061 934 4120 eius.
973 4057 1072 4116 Lucas¹
1087 4057 1184 4142 autem
1205 4055 1237 4116 et‘
1275 4081 1285 4110 ι

100 4138 217 4200 Marcus·
243 4151 315 4200 euna
336 4139 482 4222 lupatria
508 4139 626 4218 publice
650 4138 784 4200 docuisse
814 4137 957 4196 reserum.
1000 4134 1124 4192 vomu·
1143 4130 1241 4194 laedis

100 4227 146 4274 est
164 4215 290 4278 solutio:
315 4235 381 4278 nam
400 4215 571 4280 adverbium
591 4215 734 4296 temporis
758 4213 837 4295 apud
855 4210 1038 4275 Matthaeum
1061 4230 1124 4270 nou
1143 4209 1240 4272 modo

100 4292 137 4350 ad
156 4294 321 4372 proximum
339 4293 521 4370 membrum,
541 4292 592 4354 sed
613 4293 648 4352 ad
668 4303 765 4370 totum
785 4287 963 4368 narrationis
983 4286 1166 4368 complexum
1187 4305 1238 4347 re-

102 4364 174 4428 ferri
194 4367 293 4432 debet.
332 4371 395 4431 Suo
414 4375 425 4432 i
447 4371 507 4430 itur
526 4369 556 4430 in
578 4368 740 4430 Galilaearn
760 4369 888 4428 adventu
907 4363 1135 4427 stadium'suu'm
1149 4351 1250 4428 curt,

101 4455 163 4506 stus
181 4444 330 4528 ingressus
349 4459 401 4512 est.
467 4465 540 4511 orro
557 4467 671 4510 summa
688 4445 851 4520 taurinae,-
872 4440 967 4579 qgttglis
987 4441 1112 4506 traditur
1131 4436 1238 4507 attat-
