2808 4748
147 209 155 242 t

504 257 635 320 Onamo
654 275 689 321 m
709 274 834 324 mosae.
1173 275 1230 338 195

92 413 169 490 ‘no'n
189 403 267 470 lacit
289 421 355 484 eos,
367 397 686 474 'assimilabiturviro
706 370 808 488 latito,
827 413 882 497 qui
900 410 1084 480 aedificavit
1098 413 1227 484 domum

101 527 191 570 suam
212 527 310 591 super
337 527 474 570 arenam.
522 507 573 570 at.
601 505 642 571 Et
669 507 838 575 descendit
863 508 981 594 imber,
1010 527 1043 581 et
1067 529 1228 585 venerunt

102 606 248 684 flumina,
277 617 309 672 et
329 607 488 671 flaverunt
506 583 611 685 relati,
640 617 672 673 et
692 592 893 695 impegerunt
908 614 947 676 ‘in
972 611 1100 680 domum
1121 617 1226 684 illam:

76 716 137 803 ¹et
161 706 295 784 cecidit,
325 701 357 773 et
383 707 443 773 tuit
468 708 563 772 ruina
591 710 661 772 eius
688 723 810 796 magna.
851 696 918 775 ¹28.
949 711 991 776 Et
1022 713 1139 780 factum
1167 729 1227 796 est,
1304 736 1307 742 ’

105 828 203 893 quum
224 797 347 874 finisset
374 808 463 874 lesus
489 807 550 873 hos
570 829 750 888 sermones,
771 820 806 875 ut
826 808 1092 898 obstupescerent
1111 815 1226 884 turbae

102 929 201 994 super
221 907 365 974 doctrina
383 909 467 974 abrs.
509 910 560 973 29.
579 907 733 977 Docebat
758 895 843 976 einim
866 931 924 982 eos
946 910 1037 977 velut
1058 919 1227 1004 auctorita-

102 1018 166 1101 tem
183 1007 316 1096 habens,
337 1019 374 1099 et
391 1005 459 1074 noo
481 1011 574 1074 sicuti
592 1007 735 1104 Scribas.
799 1005 801 1012 ’
845 1083 846 1086 ¹
1120 1003 1124 1014 ’

184 1139 286 1209 Luc.
307 1143 361 1209 Vl.
388 1143 453 1207 47.
475 1141 632 1228 Quisquis
643 1147 733 1210 venit
755 1143 796 1210 ad
817 1164 879 1223 me,
900 1154 933 1210 st
955 1142 1045 1211 audit
1061 1135 1226 1214 sermones

99 1263 201 1321 meos,
223 1243 353 1310 etfacit
374 1265 446 1322 eos,
474 1245 642 1310 ostendam
660 1244 771 1325 vobis,
799 1247 851 1310 oui
872 1243 987 1310 similis
1007 1247 1057 1311 sit.
1107 1226 1228 1312 48.¹Si-''

17 1373 67 1413 ·,.
100 1343 184 1408 milis
206 1355 254 1409 est
274 1343 398 1408 homini
419 1343 605 1410 aedificanti
627 1343 771 1428 domum,
797 1349 853 1433 qni
879 1345 965 1412 fodit
990 1347 1025 1410 in
1052 1343 1168 1424 altum,
1195 1359 1228 1414 et

65 1723 72 1738 ι
99 1645 234 1710 lundata
256 1639 430 1711 enim'erat
450 1667 550 1732 super
569 1653 702 1732 petram.
745 1647 796 1712 49.

99 1448 209 1532 posuit
229 1443 474 1509 fundamentum
496 1465 595 1530 super
613 1454 753 1531 petram:
774 1437 987 1511 inundatione
1011 1456 1116 1512 autem
1132 1447 1239 1526 *sacta*

99 1545 219 1610 illisum
248 1556 297 1610 cst
323 1544 443 1610 llumen
468 1544 579 1610 domui
605 1531 670 1624 illi,
701 1555 734 1610 et
761 1565 828 1610 non
855 1549 962 1632 potuit
989 1568 1060 1612 eam
1081 1535 1228 1614 movere:

855 1648 889 1710 oi
911 1657 1015 1712 autem
1037 1648 1175 1727 audivit,
1196 1659 1229 1715 et

15 1791 17 1838 t
97 1765 168 1812 non
188 1745 283 1823 fecit,
310 1745 422 1813 similis
450 1759 499 1813 est
527 1747 664 1826 homini,
683 1751 746 1837 qui
773 1645 962 1813 redonavit
982 1747 1112 1815 domum
1140 1771 1229 1816 suam

95 1858 336 1934 superterram
358 1845 481 1934 absque
503 1849 724 1928 fundamento,
745 1848 895 1936 inquam
915 1848 1019 1914 illisus
1042 1857 1091 1914 est
1102 1849 1229 1930 fluvius,

98 1959 132 2016 et
153 1952 307 2016 continuo
330 1949 456 2056 cecidit,
473 1949 510 2053 'ct
530 1933 616 2016 iacta
638 1960 687 2016 est
703 1949 935 2030 ruiuadomus
954 1949 1044 2016 illius
1062 1961 1185 2038 magna.

175 2155 280 2230 Marta.
300 2160 348 2224 aa.
390 2155 493 2216 omns
510 2145 600 2232 agras
617 2159 668 2236 ,n
686 2153 768 2217 aaut
785 2125 836 2218 aa.
881 2155 1153 2294 auspiciumque
1173 2157 1230 2229 an-

96 2234 176 2296 ficile
195 2247 249 2310 est,
268 2253 354 2296 veros
373 2231 453 2294 Evan
478 2230 526 2295 elii
544 2232 726 2313 professores
746 2251 762 2291 a
781 2231 857 2293 fictis
875 2233 1051 2309 discernere,
1092 2256 1110 2292 u
1124 2255 1173 2298 cra
1192 2235 1230 2296 si·
1261 2283 1265 2288 .

96 2310 265 2374 militudine
286 2309 417 2370 ostendit
437 2252 585 2384 cbristus,
613 2309 643 2367 in
664 2328 723 2387 quo
744 2309 868 2366 maxime
887 2307 1038 2367 differant:
1060 2253 1129 2370 ellim
1150 2311 1249 2384 enim·v

97 2387 243 2467 proponit
262 2386 377 2460 domos,
418 2405 520 2446 uarum
540 2384 630 2448 altera
649 2384 714 2445 sine
734 2383 927 2444 laudamento
949 2394 1093 2444 exstructa
1112 2389 1165 2459 sit,
1186 2385 1229 2444 al-

96 2476 163 2542 tera
183 2473 280 2520 autem
300 2461 379 2520 bene
397 2406 529 2522 lundata.
570 2462 647 2529 Nam
667 2481 755 2553 quum
775 2458 877 2519 eadem
896 2459 927 2518 in
947 2470 1070 2536 utraque
1091 2472 1229 2549 appareat

95 2536 278 2618 superficies,
320 2537 382 2620 rior
392 2548 482 2597 vento
503 2557 537 2596 ac
556 2535 694 2616 procellis
713 2532 836 2615 impulsa
847 2533 900 2594 vel'
911 2533 1051 2594 fluctibus
1071 2533 1144 2595 itnsa
1156 2555 1228 2619 pro-

95 2616 178 2676 tinus
199 2559 352 2689 concidbt,
385 2613 535 2700 posterior
559 2623 658 2672 autem
676 2611 813 2676 firmitate
832 2631 883 2672 soa
904 2621 1007 2672 contra
1027 2609 1228 2672 vimtomnem'
1277 2665 1283 2676 .

95 2689 247 2753 subsistat.
293 2689 427 2759 Christus
445 2709 519 2773 ergo
539 2691 656 2750 inanem
677 2701 707 2749 et
725 2695 874 2749 ventosam
895 2686 1113 2782 professionem
1131 2688 1230 2748 aaa,

96 2766 170 2852 gelli
189 2765 325 2859 specioso
346 2767 480 2860 quidem,
510 2767 644 2830 sednon
669 2765 765 2856 solido
791 2763 923 2856 aeditimo
950 2775 1117 2898 pomparat,
1148 2765 1229 2844 quod

96 2865 227 2925 quamvls
249 2856 376 2906 emineat
394 2864 496 2905 ruinae
515 2856 619 2905 tamen
638 2854 800 2923 expositum
821 2852 867 2902 est
885 2863 916 2900 m
936 2857 1049 2922 singna
1068 2853 1229 2917 momenta,

35 2947 46 2969 ¹
94 2923 166 3060 quia
188 2920 380 2982 fundamento
401 2933 489 2982 caret.
526 2921 600 2981 Ideo
620 2919 727 2982 Paulus
747 2911 846 2993 iubet,
871 2938 927 2979 nos
951 2916 1029 2977 b'eoe
1053 2928 1084 2977 et
1109 2918 1227 2998 penitus·

15 3029 16 3032 ¹
108 2998 237 3059 undatos
258 3018 319 3065 esse
338 2998 369 3057 in
390 2997 522 3072 Christo,
542 3009 572 3058 et
591 2997 660 3059 altas
679 2993 789 3056 habere
807 2995 931 3070 radices,
952 3012 990 3054 ne
1010 2993 1046 3054 all
1067 2995 1228 3074 quemlibet

93 3073 255 3156 impulsum
275 3074 413 3135 labamur.
451 3076 549 3136 Porro
569 3093 679 3134 summa
706 3071 764 3134 hue
788 3072 880 3147 redit,
906 3091 1005 3133 rernm
1032 3070 1169 3152 pietatem
1189 3071 1226 3132 ab

95 3155 160 3214 eius
182 3141 366 3212 simulatione
385 3172 448 3213 non
468 3150 546 3212 bene
566 3149 714 3232 distingui,
733 3149 829 3210 donec
848 3149 885 3210 ad
905 3163 1024 3208 examen
1036 3159 1154 3207 ventum
1174 3160 1226 3208 est.

94 3227 296 3293 Tentationee
317 3228 392 3289 enim
426 3227 532 3308 quibus
551 3227 727 3307 probamur,
752 3225 889 3288 fluctibus
909 3235 942 3286 et
962 3223 1102 3305 procellis
1121 3224 1228 3294 similes

94 3317 184 3384 sunt,
219 3271 406 3439 luem
434 3305 622 3386 pessumdant
644 3303 791 3366 instabiles
816 3302 944 3377 animos,
976 3322 1102 3379 quorum
1127 3301 1228 3362 levitas

96 3380 228 3461 tranquil
243 3401 261 3440 o
277 3377 421 3462 'teulpore
448 3401 510 3440 non
535 3379 705 3460 perpicitur.
751 3378 849 3440 Aradit
869 3389 1013 3439 sermones
1037 3373 1097 3438 dos.
1140 3377 1229 3438 Rela-

93 3463 191 3520 tivum
210 3453 263 3516 Iros
280 3476 342 3517 non
362 3457 488 3538 speciem
507 3465 595 3516 unam
615 3475 794 3527 sermonum,
812 3455 865 3528 sed
882 3467 976 3516 totam
986 3453 1234 3522 doctrinarum·
1322 3461 1325 3480 ¹

95 3557 178 3600 mam
193 3544 290 3598 notat.
328 3534 521 3617 Evangelium
541 3535 630 3610 enim,
649 3531 704 3595 nisi
722 3534 838 3612 penitqs
857 3532 889 3596 in
906 3531 1020 3592 animos
1039 3533 1158 3591 infixum
1178 3530 1227 3604 sit,

95 3611 194 3676 simile
215 3631 277 3673 esse
296 3613 439 3676 maceriae
459 3609 619 3704 significat,
642 3628 716 3702 quae
741 3609 772 3668 in
796 3607 892 3699 altum·
906 3608 1029 3690 erigitur
1052 3603 1135 3667 nullo
1152 3603 1231 3698 'funs'

97 3691 242 3751 damento
262 3686 392 3749 suffulta.
429 3687 557 3749 Permde
578 3699 621 3747 est
644 3685 735 3769 igitur
759 3707 817 3746 acsi
836 3685 967 3759 dixisset,
991 3703 1088 3744 veram
1111 3681 1228 3738 demum

15 3795 17 3804 ’
96 3785 164 3828 esse
184 3765 287 3841 fidem,
312 3785 386 3846 quae
404 3765 568 3846 profundas
585 3763 675 3824 habet
694 3761 805 3824 radices
824 3761 855 3821 in
875 3761 981 3836 corde,
1008 3770 1038 3817 et
1056 3755 1134 3818 serio
1155 3774 1229 3825 con-

96 3842 249 3923 stantique
266 3841 377 3903 allecto
396 3843 478 3923 quasi
509 3840 700 3902 fundamento
720 3839 841 3914 nititur,
870 3832 1142 3900 attestationibus
1166 3851 1228 3892 non
1266 3873 1268 3876 -

97 3921 196 3983 cedat.
233 3921 320 3994 Nam,
339 3939 413 4002 qnae
431 3919 541 3983 vanitas
563 3930 607 3979 est
626 3917 743 3980 humani
761 3913 885 3998 ingenii,
902 3933 991 3995 super
1009 3930 1129 4001 arenam
1148 3907 1229 3994 aedi·

96 3993 199 4066 licant,
219 3996 386 4076 quicunque
405 3995 484 4056 intus
503 4015 566 4056 non
586 3993 703 4055 fodiunt
722 3992 870 4072 usquead
889 3992 934 4052 sui
954 3989 1192 4076 abnegationem²

177 4077 227 4142 28.
295 4093 364 4132 unm
377 4075 497 4153 finisset
513 4069 597 4136 [aaa
615 4068 667 4132 dor
684 4091 835 4130 samsones.
873 4066 954 4127 ‘Tam
974 4064 1155 4130 concionem
1181 4081 1229 4120 rn-

97 4149 207 4232 telligo
227 4148 362 4225 habrum,
381 4150 433 4210 ubi
452 4170 470 4210 e
489 4161 597 4210 monte
612 4145 772 4223 descendit,
790 4148 878 4228 quam
897 4138 1039 4222 reliquam
1051 4140 1229 4214 doctrinam,

100 4246 178 4360 quae
193 4225 259 4292 ,iam
285 4225 397 4307 populo
421 4227 600 4289 innotuerat.
650 4223 760 4286 Sensus
790 4223 884 4306 igitur
915 4231 973 4280 est:
1003 4238 1093 4356 quum
1110 4217 1232 4310 'passim

122 4301 258 4364 ostrinae
277 4324 345 4364 suae
356 4315 470 4386 gustum
484 4300 611 4364 dedisset
623 4301 747 4383 populo,
766 4314 917 4382 stuporem
928 4297 1008 4356 omni
1032 4317 1064 4356 us
1077 4306 1233 4372 intertum,

100 4376 185 4457 quod
206 4399 280 4441 nova
305 4380 446 4459 quaedam
475 4379 609 4443 maiestas
635 4389 665 4440 ct
689 4378 811 4442 insueta·
829 4372 980 4516 hqqipum
1004 4383 1118 4435 mentes
1143 4371 1231 4434 adse
