2786 4742
831 138 835 166 l

370 173 839 274 thensauroruminsmrnrro.
1107 206 1166 268 255
1223 194 1225 196 ’
1276 179 1284 194 ’
1365 191 1366 200 ’

41 359 177 439 terrenae
185 346 272 438 ‚vitae
292 343 376 436 nimis
396 342 499 437 'cupidi'
511 315 593 419 sunt,
605 342 681 406 dum
700 342 756 434 sihi
776 310 934 436 catientah
954 308 1091 408 omnihus
1108 317 1166 442 pe
1225 338 1229 346 ’

39 425 263 514 τιειιίιευιηρυι
288 419 474 484 fiduciasrhr
493 419 625 499 plateut,
654 439 737 510 quast
765 419 922 482 henestbl
946 437 1166 504 prospexerant:

40 496 375 580 atqui‘antmauttorum
394 508 454 556 tarn
473 497 562 556 lirinis
582 496 731 576 praesidiis
751 499 862 556 munita
883 495 993 570 effluet,
1014 503 1079 580 quia
1097 515 1166 563 tan.
1262 549 1265 553 ,

41 577 109 634 dem
129 575 312 636 moriendum
334 574 407 646 erit,
424 596 502 634 mors
522 586 619 633 autem
639 573 693 632 illis
714 572 771 630 erit
790 573 887 632 exitio.
932 575 1052 636 Contra·
1064 580 1115 639 nbi
1135 599 1181 640 se·

42 653 143 712 fideles
163 652 198 712 ad
218 663 344 710 mortem
359 651 511 724 ¹offerunt,
543 671 644 712 eorum
677 649 787 723 anima,
812 671 893 728 quae
912 651 1026 710 videtur
1046 655 1081 714 ad
1100 670 1184 718 mo·'

42 740 174 787 mentum
199 745 387 812 umescere,
417 728 450 786 in
475 727 628 788 meliorem
649 727 944 796 vitamrestitnitur..
982 727 1183 812 Porro'qnia'
1220 775 1221 780 κ

42 805 231 884 reperiuntur
250 804 413 878 interdum,
433 804 485 884 qni
504 816 616 864 temere
635 803 682 878 vel
702 801 869 864 ambitionis
890 825 974 863 eausa
993 805 1040 866 vel
1055 807 1166 871 ferroris

42 881 128 945 vitam
148 904 229 956 suam
249 881 440 960 profundant,
453 881 690 942 ¹disertecausam
712 900 745 938 ere
767 880 845 938 rimit
859 876 1002 954 Christus,
1023 903 1075 940 cur
1088 904 1167 947 mors
1253 928 1261 943 .

42 958 129 1018 nohis
150 959 316 1039 oppetenda
334 958 381 1018 sit.
423 956 564 1020 'Dubium
576 969 642 1033 est,
674 979 709 1016 an
730 901 787 1018 aiio
807 969 946 1035 tempore¹
963 956 1059 1018 habita
1079 959 1169 1022 fuerit

42 1035 168 1108 concio,
198 1045 402 1115 quamnarrat
421 1033 529 1094 Lucas:
561 1032 620 1094 illic
641 1056 760 1114 qnoque
779 1033 934 1096 Dominus,
947 1033 1082 1094 hortatur
1100 1057 1168 1101 suos

43 1111 78 1172 ad
106 1111 199 1174 crucis
222 1112 424 1185 tolerantiam,
455 1109 506 1170 sed
537 1121 605 1170 non'
630 1122 689 1170 tarn
721 1108 835 1190 prolixo
853 1113 1013 1172 sermone.
1051 1111 1169 1174 Deinde
1242 1113 1264 1120 ”

43 1186 128 1248 huius
146 1189 309 1251 sententiae
322 1186 634 1256 confirmandae‘causa
647 1187 935 1258 duas-similitudines
954 1209 1023 1249 mox
1040 1188 1171 1264 subiicit,

44 1286 166 1342 quarum
186 1265 262 1343 apud
281 1263 461 1326 Matthaeum
481 1262 561 1324 nulla
581 1263 613 1323 lit
632 1265 759 1324 mentio:
779 1265 830 1324 sed
850 1275 980 1343 propter
993 1285 1169 1326 consensum
1218 1265 1224 1278 '

43 1341 74 1398 iu
94 1342 138 1401 rei
157 1363 282 1415 summa,
301 1339 371 1424 milri
390 1339 471 1398 nulla
490 1338 596 1420 religio
617 1339 688 1414 luit,
707 1361 781 1419 quae
801 1342 876 1420 apud
895 1341 1003 1402 Lucam
1024 1341 1171 1404 habentur
1265 1357 1267 1364 ’

44 1416 291 1486 huctranslerr‘m
326 1434 329 1440 ·
414 1453 415 1456 =
524 1427 527 1437 '
782 1451 784 1462 =
980 1425 1014 1494 sp
1057 1412 1065 1432 ‘
1106 1430 1108 1436 '

119 1494 191 1554 Luc.
211 1497 273 1558 28„
301 1491 373 1575 Quis
390 1493 466 1550 enim
484 1504 525 1550 cst
543 1488 679 1554 emundis
697 1505 749 1551 eto:
788 1493 844 1552 ·Ne
874 1495 921 1554 cui
951 1496 1108 1556 molestum
1133 1497 1171 1558 sit

44 1567 98 1628 hac
119 1565 184 1651 lege
196 1568 353 1638 Christumt
364 1569 456 1646 sequi,
477 1568 671 1628 ut'desideriis
690 1568 749 1630 suis
766 1569 904 1630 ‘omnibus
918 1572 1078 1647 renuntiet,
1098 1577 1173 1654 pro-¹
1228 1573 1231 1578 ’

44 1644 167 1724 ponitur
185 1645 263 1706 utilis
284 1645 467 1719 admonitio,
481 1645 689 1720 meditandum
715 1665 776 1704 esse
796 1658 864 1715 ante
882 1659 1014 1726 tempus„
1033 1651 1103 1729 quid
1121 1672 1170 1710 re·

43 1722 310 1804 quirat‘Evangelii
328 1722 485 1812 professio.
529 1723 604 1784 Nam
623 1722 693 1782 inde'
712 1722 761 1795 fit,
782 1734 814 1784 ut
833 1723 917 1784 multi
937 1726 1084 1789 levissimis
1099 1730 1170 1807 qui·

44 1798 390 1880 busquetentatiombu:
409 1797 617 1869 succumbant,
648 1800 727 1876 quod
752 1819 845 1860 meras
866 1800 922 1860 sihi
943 1801 1058 1867 delicias
1078 1798 1170 1863 finxes

44 1888 124 1949 runt,
144 1877 229 1952 quasi
244 1876 273 1934 in
293 1875 396 1934 umbra
406 1894 522 1955 sempor
533 1887 563 1934 et
574 1875 636 1934 otio
658 1875 757 1936 futuri.
795 1876 950 1956 Nunquam
965 1899 1036 1960 ergo
1048 1881 1171 1942 idone-us

45 1953 101 2010 crit
121 1952 231 2018 Christi
250 1973 365 2027 servus,
394 1949 452 2010 nisi
471 1951 522 2031 qui
546 1951 638 2036 longo
664 1955 744 2032 prius
766 1963 902 2044 ternpore
927 1955 962 2014 ad
987 1955 1120 2018 militiam
1139 1979 1171 2020 se

44 2028 197 2107 paraverit.
234 2029 297 2089 Iam
322 2028 378 2088 huc
404 2027 514 2106 optime
541 2031 723 2089 conveniunt
746 2028 959 2091 similitudines.
1006 2033 1065 2094 Res
1084 2035 1173 2114 plena

45 2117 89 2164 est
108 2105 258 2175 molestiae
284 2123 318 2164 ac
336 2103 426 2164 taedii
445 2103 615 2177 aedificare,
637 2117 725 2181 atque
753 2107 837 2166 etiam
859 2106 1049 2188 obsumptus
1069 2131 1171 2190 parum
1245 2164 1252 2172 .

45 2195 141 2261 grata:
166 2181 276 2242 bellum
296 2181 383 2240 etiam
407 2180 491 2259 (quia
509 2189 557 2240 tot
575 2187 673 2256 secum
692 2179 782 2238 trahit
801 2183 1002 2256 incommoda,
1028 2186 1087 2244 imo
1108 2188 1172 2248 sere
1245 2191 1248 2196 ’

45 2260 173 2320 hnmano
192 2256 295 2340 generi
315 2257 431 2324 ruinam,
447 2255 589 2344 minatur)
613 2273 700 2314 nemo
721 2255 776 2314 nisi
795 2257 899 2317 invitus
919 2257 1049 2340 suscipit:
1078 2274 1193 2338 etptag

44 2357 113 2395 men
133 2339 195 2414 ipsa
215 2331 366 2394 habitandi
380 2331 489 2392 utilitas
500 2330 632 2392 hommes
645 2331 745 2404 allicit,
765 2344 798 2391 ut
807 2354 887 2392 suam
898 2335 1085 2396 substantiam
1100 2359 1172 2418 pro.

46 2412 170 2472 sundere
190 2430 253 2471 non
271 2408 423 2469 dubitent:
446 2407 640 2488 cogitetiam
663 2407 834 2484 necessitas,
865 2420 898 2467 ut
922 2411 1015 2470 nullas
1036 2417 1065 2470 in
1087 2413 1171 2475 bellis

46 2485 183 2569 gerendis
215 2501 366 2577 expensas,
384 2483 449 2544 refu
473 2484 544 2543 iant.
590 2484 683 2563 Atqui
715 2483 817 2562 templi
846 2484 903 2556 Dei
936 2486 1111 2548 architectds
1142 2503 1173 2553 et

47 2566 157 2628 Christi
177 2561 297 2628 militiae
316 2580 426 2622 nomen
447 2503 547 2621 dantes
566 2558 862 2642 longeexcellentius
882 2575 980 2621 manet
995 2566 1172 2654 praemium:

45 2665 141 2722 neque
163 2642 243 2700 enim
261 2639 308 2701 vel
327 2659 382 2720 pro
404 2639 514 2700 caduco
534 2638 667 2698 aedificio
688 2636 1019 2730 laborantChristiapr,
1048 2641 1094 2700 vel
1115 2639 1171 2724 pro

46 2719 168 2781 evanida
188 2715 338 2796 triumpho
357 2727 501 2808 pugnant„
538 2715 695 2776 Caeterum
715 2713 795 2793 quod
816 2715 886 2775 dicit
900 2715 1043 2790 Christus,
1063 2719 1096 2779 Si
1108 2721 1172 2812 quis

45 2818 94 2858 rex
112 2795 262 2874 impersit
281 2793 317 2853 ad
335 2785 533 2854 sustinendam
552 2791 623 2852 nelli
642 2790 763 2866 molem,
784 2811 822 2852 ne
840 2813 905 2867 cum
925 2794 1173 2875 ignominiane·
1271 2834 1274 2838 ι

46 2887 137 2950 catur,
182 2891 262 2931 acam
283 2891 349 2930 cum
368 2868 451 2932 hoste
465 2889 622 2950 quaerere,
636 2868 667 2928 id
686 2867 721 2928 ad
742 2881 924 2948 praesentem
945 2891 1059 2932 causam
1079 2873 1172 2953 aptari

45 2971 106 3010 non
127 2893 233 3020 debet,
262 2947 343 3025 quasi
369 2946 427 3007 ulla
447 2946 534 3008 nobis
552 2947 591 3006 sit
610 2945 810 3006 reconciliatio
818 2950 897 3004 mum
917 2947 1002 3006 hoste
1022 2949 1172 3028 spirituali,

46 3026 69 3086 si
88 3049 142 3086 nos
165 3044 237 3104 opes
258 3045 290 3083 ac
310 3024 392 3084 nervi
412 3023 557 3082 deficiant.
595 3022 669 3082 Nam
689 3025 820 3102 ineptum
841 3021 1084 3105 foret,'singulas
1097 3025 1172 3106 pari

45 3104 145 3164 ticulas
165 3103 209 3161 in=
238 3099 362 3160 trabolis
382 3101 497 3181 exigere
517 3099 552 3159 ad
572 3118 633 3158 rem
655 3099 691 3158 dc
711 3103 767 3178 qu'a
778 3099 892 3181 agitur.
930 3100 1042 3160 Verum
1060 3102 1180 3187 simpli.

47 3180 120 3238 citer
138 3122 278 3258 intelligit
297 3175 453 3251 Dominus,
474 3175 583 3236 debere
602 3195 657 3235 nos
676 3177 716 3234 ita
733 3195 797 3236 esse
817 3178 987 3250 instructos,
1008 3198 1046 3237 ne
1067 3179 1173 3260 depre-

47 3254 129 3315 hensi
148 3255 259 3335 absque
278 3254 355 3312 iusto
378 3252 520 3332 praesidio
546 3265 629 3332 terga
654 3252 779 3332 turpiter
798 3265 957 3319 vertamus:
988 3274 1059 3314 nam
1075 3273 1178 3338 neque*

26 3333 245 3411 -unusquisque
264 3340 397 3390 nostrum
416 3349 467 3388 rex
485 3340 544 3401 est,
563 3329 614 3407 qui
634 3329 691 3388 suis
712 3329 844 3409 auspiciis
863 3329 974 3396 bellum
993 3345 1084 3412 gerat.
1123 3333 1172 3392 st.
1243 3339 1247 3360 ¹

48 3411 106 3467 cuti
133 3421 230 3469 autem
250 3404 304 3466 hac
324 3403 458 3465 doctrina
476 3407 647 3486 coarguitur
668 3421 781 3464 eorum·
795 3406 956 3480 temeritas,
988 3409 1037 3488 qui
1062 3409 1170 3470 stolide

48 3482 120 3546 ultra
139 3503 303 3544 mensuram
321 3503 403 3542 suam
420 3481 589 3562 prosiliunt,
606 3481 653 3542 vel
672 3481 727 3540 sibi
747 3481 861 3542 delicias
880 3484 1008 3557 faciunt,
1028 3486 1064 3544 de
1084 3505 1171 3545 cruce
1244 3500 1246 3508 ’

49 3558 168 3630 ferenda
188 3581 250 3620 non
271 3558 450 3638 cogitantes:
474 3559 514 3618 ita
533 3558 694 3618 ¹carendum
715 3567 773 3631 est,
798 3579 836 3618 ne
857 3559 927 3619 haec
947 3558 1170 3634 meditatio,'ad

48 3657 132 3714 quam
150 3659 210 3698 uos*
225 3635 360 3696 hortatur
379 3634 522 3708 Christus,
541 3653 595 3693 nos
616 3634 762 3694 deterreat
780 3635 826 3695 vel
845 3636 1022 3698 alacritatem
1041 3647 1171 3696 nostram

49 3714 184 3782 retardet„
228 3711 338 3786 Multi,
367 3711 520 3792 quianon
547 3709 643 3770 statim
668 3709 704 3770 ab
730 3711 799 3790 ipsis
818 3713 983 3777 carceribus
1008 3711 1171 3793 patientiae

48 3785 142 3868 legem
162 3789 217 3851 sibi
236 3787 410 3862 indixerant,
430 3787 714 3880 proptermollitiem
727 3787 918 3872 retrocedunt
937 3811 953 3848 a
972 3787 1058 3848 studii
1069 3808 1169 3848 cursu:

49 3883 110 3923 non
134 3870 212 3926 enirn
233 3865 290 3926 alio
316 3875 403 3946 pacto
427 3875 572 3924 sustinent
596 3883 659 3922 esse
681 3861 854 3939 Christiani,
884 3865 1018 3945 quamsi
1042 3885 1057 3923 a
1085 3871 1172 3926 erice

49 3938 276 4004 immunessint.
319 3942 394 4014 Alii,
416 3941 484 4000 dum
503 3936 758 4020 illisprop'onitur
777 3962 877 4021 aspera
898 3954 928 4002 et
948 3941 1027 4001 carui
1047 3940 1171 4002 insuavis

50 4015 193 4093 conditio,
224 4021 260 4080 ad
282 4018 431 4080 Christum
450 4018 590 4078 accedere
610 4037 672 4076 non
691 4017 808 4096 audent.
845 4018 937 4110 Atqui
957 4028 1095 4092 nonest,
1120 4039 1172 4077 cur

48 4090 134 4152 nohis
153 4097 264 4157 animos
285 4100 393 4165 minuat
411 4093 529 4173 inopiae
548 4103 668 4154 nostrae
685 4095 835 4176 cognitio,
861 4115 908 4156 cu:
926 4093 1072 4154 Dominus
1096 4105 1171 4154 tern-

49 4167 158 4242 pestivc
176 4174 328 4234 succurrit.
366 4171 477 4231 Fateor
497 4182 591 4244 certe,
621 4169 647 4229 si
666 4179 796 4250 sumptus
820 4170 1026 4251 expendimus,
1057 4169 1097 4230 ita
1117 4179 1183 4232 nos,

49 4259 150 4329 omnes
170 4247 298 4325 destitui,
316 4259 350 4309 ut
369 4269 407 4308 ne
427 4247 552 4328 lapidem
565 4245 681 4328 quidem
702 4269 793 4308 unum
812 4265 926 4330 ponere
944 4245 992 4307 vel
1011 4246 1089 4308 hosti
1108 4247 1171 4330 gla-

48 4315 126 4378 dfflm
146 4325 420 4410 opponereticeat.
471 4323 531 4386 Sed
557 4343 647 4406 quum
670 4326 839 4401 mannam,
869 4333 1016 4404 sumptus,
1047 4345 1124 4386 arma
1144 4336 1175 4385 et
