2816 4746
54 3647 57 3654 ’
168 3626 268 3688 christi
291 3627 363 3711 iugo
389 3630 526 3710 liberata,
550 3647 580 3696 et
599 3639 697 3699 multis
717 3634 810 3698 adhu'c
830 3635 940 3698 saction

157 269 179 332 a
285 347 287 354 ¹
552 265 609 330 io.
629 264 799 385 cautini
818 266 921 332 viri

160 427 224 472 esse
243 407 342 484 dicere
360 409 486 488 solebat,
504 411 626 476 atinde
645 407 749 491 exiret,
766 413 798 476 in
810 411 938 476 Galliam
954 430 1102 496 regressus
1120 411 1210 474 rebus
1222 409 1288 474 'suis

159 485 298 548 omnibus
315 487 360 548 ibi
379 509 446 550 eom
469 489 562 568 ositis,
580 487 708 553 abducto
730 511 767 552 ue
805 511 873 551 ueni
892 490 1012 550 unicnin
1030 490 1215 582 superstitem
1235 489 1286 550 ha·
1398 563 1399 566 Ἴ

158 562 251 654 bebpt
273 562 408 657 Antonio
458 564 555 627 alvino
585 567 695 659 irati-c,
710 511 866 658 hailaim
888 565 1148 649 velligerensis
1180 566 1288 649 reuerti

158 650 356 720 cogitantem,
374 642 539 704 interclusis
559 643 622 705 aliis
642 644 797 708 itineribus
822 663 876 726 per
894 641 1093 724 Allobrogum
1112 643 1184 704 lines
1206 639 1286 722 [dod.

117 751 121 756 ·
158 715 280 796 Smioie]
306 717 363 777 iter
386 719 549 780 institutum
574 721 713 814 prosequi
738 720 815 781 bclla
841 725 1014 802 co'c‘gernnt.
1056 719 1100 779 Ita
1126 718 1235 780 sactum
1254 731 1288 780 nt
1398 725 1399 730 ’

162 789 316 854 Geneeam
335 795 464 869 veniret,
482 795 554 856 nihil
574 816 636 876 ipse
655 796 775 876 quidem
795 798 831 856 de
852 796 901 857 illa
920 797 994 857 urbe
1014 796 1164 877 cogitans,
1182 796 1234 856 sed
1254 807 1288 856 ut

160 889 226 928 inor
246 870 380 949 apparuit
398 871 592 936 divinitus-eo
612 874 780 953 perductus.
823 873 895 933 Erat
921 873 998 934 enim
1023 874 1053 932 iii
1079 873 1157 932 illam
1182 872 1286 931 urbem

160 942 249 1025 paulo
280 958 348 1007 ante
376 947 551 1009 mirabiliter
580 949 781 1016 introductum
807 949 917 1012 Christi
947 948 1130 1029 evangelium
1162 949 1289 1008 duorum

161 1042 341 1084 summorum
361 1023 489 1085 virorum
510 1045 611 1106 opera,
632 1023 785 1087 Guilielmi
805 1026 911 1088 Farelli
930 1025 1114 1106 Delphinatis
1134 1023 1191 1105 [ex
1203 1046 1288 1100 prou
1397 1053 1399 1066 ·

159 1097 421 1176 slunfflmpdtnd
435 1121 496 1162 uos.
516 1145 526 1176 ,
544 1124 606 1164 non
626 1114 660 1162 ut
675 1104 793 1184 quidam
814 1104 974 1164 commenti
991 1114 1063 1164 sunt
1080 1122 1114 1164 ex
1126 1102 1287 1176 coenobio,
1325 1153 1330 1160 ,

160 1174 212 1234 sed
233 1195 267 1236 ea
285 1175 384 1238 schola
403 1175 505 1246 iacobi
525 1180 614 1240 Fabri
633 1179 815 1260 stapulensis
833 1179 1021 1260 prodeuntis,
1041 1191 1071 1240 et
1089 1179 1172 1239 Petri
1192 1178 1288 1238 Vireti

131 1259 139 1272 ¹
162 1249 306 1314 Orbensis
327 1273 361 1313 ex
378 1273 450 1336 agro
470 1255 629 1332 Beroensi,
649 1268 898 1338 quorumpostea
917 1255 1068 1317 laboribus
1088 1255 1289 1392 copiosissime

160 1326 306 1390 Dominus
325 1329 482 1392 benedixit.
526 1333 586 1394 llos
605 1333 696 1417 igitur
716 1355 823 1416 quum,
855 1344 888 1393 ut
906 1332 985 1394 inter
1004 1332 1100 1394 bonos
1140 1333 1183 1392 eri
1201 1331 1289 1406 solet,

162 1403 301 1465 Calvinus
320 1407 463 1469 transiens
483 1409 643 1487 invisisset,
666 1421 730 1472 tum
749 1409 896 1485 Farellus,
922 1421 955 1468 ut
979 1420 1042 1469 erat
1064 1409 1152 1490 plane
1175 1407 1288 1468 vieille

160 1480 267 1561 spiritu
287 1482 415 1561 quodam
434 1484 556 1578 heroico
570 1487 693 1562 afflatus,
713 1486 810 1548 multis
831 1506 896 1546 eum
915 1486 1012 1548 verbis
1032 1485 1138 1577 frustra
1158 1485 1307 1547 obieeta-s

160 1562 1288 1728 tt’dtttttittltt‘‚fittttttltljtt‘t‘ttttilttttt‘ttttt‘tl

160 1713 523 1806 „praetexentidenuntio
544 1716 768 1798 omnipotentis
786 1717 845 1778 Dei
863 1717 984 1808 nomine
1003 1716 1151 1792 futurum,
1170 1727 1214 1807 nt,
1232 1713 1289 1776 uisi

160 1806 217 1863 „iu
236 1805 310 1866 opus
325 1791 399 1850 istud
412 1789 536 1853 Domini
555 1793 709 1854 nobiscum
728 1793 887 1868 incumbas,
905 1793 959 1854 tihi
979 1814 1040 1854 non
1059 1804 1119 1854 tam
1140 1793 1288 1854 Christum

161 1883 268 1942 „qoam
288 1877 318 1925 te
337 1866 431 1947 ipsum
452 1870 606 1951 quaerenti
624 1870 770 1932 Dominus
789 1869 970 1932 maledicat¹’
1008 1871 1071 1931 Hac
1089 1868 1216 1930 terribili
1235 1868 1288 1928 de-

161 1941 347 2002 nuntiatione
366 1945 485 2006 territus
497 1945 715 2008 Calvinus'sese
735 1947 910 2030 presbyterii
930 1957 960 2006 et
978 1949 1163 2028 magistratus
1182 1945 1288 2005 vulun-

120 2065 124 2075 .
160 2017 215 2076 tati
233 2020 375 2097 permisit,
394 2043 518 2103 quorum
530 2023 689 2106 sulii-agiis,
709 2025 867 2085 accedente
878 2023 973 2105 plebis
985 2043 1140 2098 consensu,
1160 2021 1289 2082 delectus

162 2113 225 2154 non
245 2095 441 2158 concionator
459 2111 573 2160 tantum
593 2101 773 2179 (hocautem
793 2102 919 2182 primum
939 2101 1111 2176 recusarat),
1130 2099 1181 2160 sed
1202 2098 1288 2158 etiam

163 2190 310 2232 sacrarum
329 2172 478 2235 literarum
498 2172 627 2252 Doctor,
645 2178 726 2256 quod
745 2200 835 2238 unum
855 2176 1038 2253 admittebat,
1057 2187 1102 2238 est
1121 2175 1288 2260 designatus

141 2329 144 2334 ¹
163 2265 244 2309 anuo
262 2247 387 2312 Domini
404 2251 603 2316 ttuxxxvt
622 2273 723 2316 meuse
741 2255 887 2338 Augusto.

222 2405 354 2500 pilate.)
392 2405 492 2500 Atque
504 2406 581 2469 idem
594 2408 642 2470 bic
654 2430 746 2470 annus
763 2408 837 2471 inito
852 2409 928 2470 inter
939 2405 1010 2468 duas
1021 2405 1151 2468 civitates
1162 2404 1288 2497 Bepnain

78 2539 86 2566 Ι
165 2490 197 2539 et
210 2479 360 2542 Genavam
378 2497 505 2546 arctiore
525 2486 645 2550 loedere
666 2487 874 2548 etLausannae
893 2483 1091 2550 adChristum
1110 2501 1289 2557 accessione,

165 2554 264 2618 habita
283 2558 418 2621 adversus
430 2563 601 2626 Pontificius
621 2563 714 2624 libera
734 2563 776 2630 dis
799 2563 941 2638 utatione,
960 2561 1008 2622 cui
1020 2561 1159 2644 Calvinus
1170 2579 1290 2640 quoque
1315 2624 1323 2632 ,

105 2665 112 2686 t
164 2631 314 2708 interluit,
344 2636 508 2701 celebratus
537 2652 589 2699 est
639 2640 727 2700 Tunc
751 2585 827 2702 edita
854 2652 899 2700 est
923 2660 940 2699 a
960 2637 1085 2700 Calvino
1107 2635 1290 2700 Christianae

166 2707 319 2768 doctrinae
345 2713 499 2792 quaedam·
513 2715 604 2775 veluti
623 2715 764 2791 formula,
794 2716 909 2776 vixdum
933 2717 1097 2792 emergenti
1121 2736 1138 2773 e
1162 2714 1202 2774 Pa
1225 2724 1289 2772 atus

165 2783 300 2845 sordibus
320 2783 488 2849 Genevensi
512 2790 653 2852 ecclesiae
677 2791 905 2854 accommodata.
952 2789 1074 2852 Addidit
1092 2791 1180 2852 etiam
1199 2733 1291 2852 Cate-

166 2857 322 2937 chismum,
351 2884 412 2924 non
439 2864 571 2926 illumin
597 2868 782 2948 quaestiones
808 2878 838 2928 et
861 2866 1067 2958 responsiones
1092 2867 1295 2941 distributum„

165 2955 254 3015 quein
273 2931 352 3000 nhnc
371 2939 525 3016 babemus,
549 2944 605 3004 sed·
620 2943 708 3004 alium
725 2944 819 3005 inulto
840 2943 1022 3021 breviorem,
1063 2950 1196 3025 raecipua
1220 2943 1291 3004 reli-

165 3012 264 3093 gionis
289 3015 383 3096 capita
409 3017 600 3099 complexum.
641 3021 805 3104 Aggressus
830 3020 937 3080 deinde
956 3042 1022 3081 cum
1041 2966 1159 3082 iarcllo
1179 3033 1209 3080 et
1228 3021 1304 3082 Co·-

167 3089 261 3166 raldo,
281 3091 430 3176 plerisque
442 3095 606 3180 excollegis
624 3118 695 3178 prae
714 3097 868 3158 timiditate
887 3096 987 3158 turbas
1003 3097 1192 3180 fugientibus,
1212 3119 1291 3157 noii-

166 3165 253 3227 uullis
273 3170 371 3243 etiarn,
392 3193 467 3251 quae
485 3173 607 3235 maxima
627 3173 742 3238 Calvini
760 3173 929 3236 sollicitudo
945 3173 1016 3251 ¹luit,
1036 3175 1109 3238 clani
1131 3195 1209 3264 opus·
1223 3173 1290 3234 Do-

124 3259 126 3266 ’
166 3242 249 3335 mini·
267 3245 512 3328 impedientibus,
551 3251 701 3313 ecclesiam
737 3271 933 3332 componere,
971 3273 988 3314 a
1020 3252 1130 3314 civibus
1164 3271 1291 3332 primum
1400 3285 1401 3296 ι

82 3379 85 3384 ι
167 3339 298 3414 opimum
319 3326 488 3401 contendit,
517 3339 550 3389 ut
573 3342 691 3390 coactus
710 3327 836 3410 populus
861 3329 1027 3405 universus,
1058 3329 1171 3420 eiurato
1196 3327 1290 3418 palam

166 3409 290 3482 papatu,
314 3399 345 3459 in
365 3400 560 3466 Christianam
579 3405 754 3489 religionem
773 3427 808 3468 ac
827 3404 1009 3486 disciplinam
1029 3427 1126 3489 paucis
1146 3405 1291 3486 capitibus
1400 3405 1401 3408 ’

167 3475 408 3567 comprehensam
427 3479 544 3541 iuraret.
590 3484 682 3558 Quod
710 3483 763 3545 etsi
787 3503 848 3542 nou
874 3483 959 3562 pauci
985 3492 1170 3556 recusarent,
1200 3493 1234 3541 ut
1258 3481 1291 3541 in

168 3550 243 3610 urbe
273 3553 386 3615 vudum
426 3575 460 3616 ex
484 3557 614 3620 Sabaudi
644 3561 738 3622 Ducis
772 3557 822 3641 [de
845 3559 971 3699 smil
995 3559 1105 3621 retibus
1143 3569 1174 3618 et
1201 3559 1291 3618 Anti·
1400 3625 1401 3630 ἵ

58 3722 65 3732 ·
166 3715 267 3766 tamen
286 3705 431 3770 Dominus
449 3711 513 3772 llll.
531 3709 599 3772 Iulii
622 3735 701 3775 anno
720 3713 949 3790 mnxxxvtt,
967 3725 1000 3774 ut
1017 3713 1112 3796 palain
1132 3722 1293 3794 praeeunte

190 3781 288 3844 uhlice
308 3784 420 3862 scriba,
439 3809 456 3846 a
476 3788 586 3850 Senatu
605 3790 781 3872 Populoque
802 3788 970 3852 Generensi
989 3792 1019 3852 in
1040 3791 1224 3852 Christianae
1244 3809 1293 3850 re-

167 3804 285 3942 hgionis
303 3881 337 3922 ac
357 3861 526 3944 disciplinae
545 3865 629 3927 simul
650 3868 744 3948 capita
763 3867 917 3928 iuraretur.
960 3867 1026 3928 latis
1045 3886 1116 3927 vero
1137 3865 1292 3927 exacerba-

166 3952 213 4001 tus
227 3938 328 4014 Satan,
348 3951 388 4014 et,
407 3940 488 4020 quod
507 3943 614 4003 frustra
633 3965 694 4026 per.
707 3955 841 4006 externos
861 3944 958 4006 hostes
977 3943 1096 4006 infinitis
1115 3943 1211 4004 modis
1226 3954 1293 4004 tnn-

9 4015 11 4022 ’
115 4060 119 4075 ι
167 4029 257 4090 tarat,
277 4015 396 4078 efficere
414 4037 478 4079 sese
502 4019 620 4100 pietatis
640 4020 871 4100 obtentuposse
890 4033 986 4096 ratus,
1015 4021 1142 4102 primatu
1161 4021 1293 4082 omnium

167 4093 375 4173 Anabaptistas
395 4095 552 4175 quosdam,
576 4097 683 4158 deinde
703 4097 823 4157 Petrum
844 4095 960 4174 Caroli,
985 4097 1023 4159 de
1068 4118 1107 4158 uo
1126 4118 1194 4157 mox
1213 4097 1293 4158 dice·

168 4191 243 4245 mus,
263 4170 418 4251 opposuit,
439 4172 490 4266 qui
510 4193 584 4256 opus
603 4175 679 4236 istud
699 4174 839 4249 Domini,
858 4176 927 4236 sire
940 4174 1021 4255 quod
1040 4119 1114 4236 illud
1133 4172 1294 4252 qualecun-

169 4265 228 4326 que
256 4247 313 4308 iam
339 4262 403 4312 erat
431 4270 460 4311 ei
482 4271 666 4334 magnopere
689 4250 836 4332 ingratum
862 4262 954 4328 essct,
985 4252 1045 4314 sive
1065 4251 1145 4332 quod
1166 4271 1294 4329 eaquae

162 4331 272 4406 'postea
291 4339 472 4406 consequuta
492 4340 561 4390 sunt
578 4328 773 4410 prospiceret,
791 4348 852 4390 non
871 4328 1104 4401 interturbarent
1120 4328 1295 4404 modo,·se-

115 4427 117 4432 ·
169 4419 236 4465 rum
256 4399 343 4464 stiam
362 4401 549 4488 destnierent
571 4425 693 4488 prorsus
708 4415 804 4486 „atque
826 4402 1040 4476 subverterent.
1078 4402 1140 4468 Sed
1159 4416 1296 4474 antescr-

973 3658 1006 3699 us
1025 3648 1190 3710 aestuante,
1209 3635 1293 3696 dedit
1400 3655 1401 3668 ¹
