2824 4756
402 225 553 311 (bi-22
575 229 721 296 Simeonis
740 230 919 314 prophetia.)
952 273 956 281 -
1189 239 1229 302 qa

91 393 160 456 est,
182 379 354 442 Simeonem
375 388 407 438 ct
427 377 572 437 Hennam.
609 373 712 434 Aede
733 375 871 436 Simeone
889 379 968 456 prius
993 374 1148 440 dicendum
1174 388 1228 440 εει.

92 457 207 533 Qualis
229 457 319 516 suerit
341 454 400 513 eius
420 453 562 525 conditio,
582 473 644 512 non
663 450 803 533 legimus:
824 453 935 514 etheri
955 467 1069 533 potest,
1088 465 1120 514 ut
1140 453 1229 515 suerit

81 535 236 618 'plebeius
256 531 399 612 quispiam
420 529 508 590 hoino
534 540 565 587 et
589 527 732 591 obscurae
757 527 858 588 lamae.
897 528 1093 592 Caeteruma
1141 531 1229 592 ietate

12 637 16 646 ·
92 625 128 672 ct
150 608 350 683 iustitiaeum
371 605 555 667 commendat
573 605 675 678 Lucas,
697 603 802 684 quibus
822 603 901 664 addit
917 607 1088 741 prophetiae
1129 630 1228 669 onum.

92 689 203 748 Pietas
223 698 253 744 et
272 683 378 745 iustitia
397 681 565 756 reseruntur
584 682 619 740 ad
646 682 716 740 duas
735 681 777 740 Le
800 680 822 740 is
846 680 916 740 tabu
930 703 971 740 as:
995 683 1092 762 itaque
1117 680 1228 748 duibus‘

93 765 169 824 bis¹
198 761 306 821 artibus
331 769 444 820 constat
475 759 626 852 integritas
656 757 740 818 vitae.
816 755 910 817 ietatis
938 759 1132 820 testimonium
1164 763 1229 840 fuit,

97 783 195 920 quod
214 834 650 918 exspectaret'consolationem
678 833 784 897 Israel:
815 854 911 913 neque
937 834 1015 905 enim
1037 835 1101 902 siue
1123 838 1230 901 fiducia

97 916 206 976 salutis
225 916 280 974 rite
300 913 407 974 colitur
418 912 508 985 Deus,
530 932 604 990 quae
623 924 685 970 tum
706 931 739 970 ex
758 910 816 972 fide
854 911 1059 971 roinissionum
1078 912 1137 975 eius
1154 935 1230 994 pen.

20 1026 25 1036 =
98 994 172 1066 det,
198 1003 258 1050 tuin
282 990 404 1049 maxime
430 1009 463 1046 ex
488 988 698 1048 instauratione
727 1007 781 1068 per
808 933 957 1048 Christum
982 987 1130 1066 promissa.
1168 992 1231 1052 laur

101 1090 180 1128 vero
201 1089 289 1148 quum
309 1066 372 1126 talis
392 1067 568 1144 exspectatio
588 1063 618 1122 in
633 1065 772 1125 Simeooe
792 1064 927 1124 laudetur
947 1065 1027 1143 quasi
1048 1085 1112 1124 rara
1131 1066 1231 1143 virtus,

96 1146 172 1204 hinc
194 1143 335 1226 collige,'
363 1161 450 1201 aucus
470 1153 540 1201 tunc
564 1139 668 1216 fuisse,
694 1141 745 1220 qui
769 1162 850 1221 spem
875 1139 1086 1220 redemptionis
1106 1161 1175 1202 rere
1200 1144 1232 1204 iii

98 1221 244 1282 cordibus
264 1222 321 1280 suis
342 1163 486 1278 iuverent.
527 1214 672 1276 Omnibus
692 1217 807 1296 quidem
828 1217 859 1276 in
881 1237 934 1276 ore
960 1229 1023 1278 erat
1042 1217 1176 1294 Messias,
1202 1232 1232 1280 et

97 1298 208 1358 beatus
229 1307 319 1362 status
338 1294 392 1356 sub
413 1313 508 1386 raquo
527 1292 660 1352 Davidis:
685 1293 736 1352 sed
756 1314 842 1354 nemo
864 1293 927 1352 lere
950 1293 1066 1354 interim
1109 1294 1234 1357 aticnter

97 1375 222 1434 ferebat
240 1382 410 1454 praesentes
430 1369 571 1442 miserias,
590 1368 644 1430 liae
664 1369 865 1430 consolatione
887 1372 993 1444 fietus,
1011 1393 1071 1451 quo
1112 1371 1234 1434 instaret

96 1451 257 1512 Ecclesiae
278 1446 451 1528 redemptio.
490 1445 583 1506 Sicuti
603 1455 699 1505 autem
719 1445 751 1505 in
771 1446 827 1506 boc
847 1446 951 1506 enituit
963 1448 1109 1508 Simeonis
1130 1450 1234 1528 pietas,

99 1528 188 1606 quod
216 1525 345 1588 animum
369 1545 453 1584 suum
475 1521 613 1584 lustinuit
637 1522 668 1580 iu
692 1522 908 1603 exspectatione
939 1525 1096 1603 promissae
1125 1526 1236 1604 salutis,

98 1605 201 1664 itaet
228 1601 326 1674 hodie,
351 1599 516 1680 quicunque
542 1598 669 1679 probare
688 1617 720 1658 se
750 1598 854 1660 volunt
876 1599 934 1658 Dei
958 1601 1062 1675 Filios,
1089 1602 1237 1683 suspirent

99 1678 259 1740 continuis
279 1676 353 1738 votis
373 1677 407 1735 ad
422 1676 598 1756 promissam
617 1673 861 1758 redemptionem.
898 1677 973 1736 Nam
986 1677 1142 1739 tolerantia
1161 1700 1250 1760 opus·

102 1769 151 1816 est
184 1774 278 1835 usque
307 1752 342 1814 ad
367 1753 499 1815 ultimum
526 1753 636 1814 Christi
660 1753 825 1812 adventurn.
873 1751 1001 1827 Spiritus
1030 1769 1144 1816 sonoris
1173 1771 1239 1816 ertit

100 1855 196 1908 stipes·
214 1853 286 1890 auus.
325 1831 394 1890 Non
415 1831 547 1910 loquitur
566 1830 603 1889 de
621 1829 733 1910 Spiritu
752 1827 930 1909 adoptionis,
952 1831 1001 1966 qui
1021 1833 1156 1893 omnibus
1176 1833 1236 1906 Dei
1255 1830 1266 1850 ⁸

101 1911 190 1970 Filiis
212 1908 374 1974 communis
395 1919 448 1980 est,
467 1908 536 1968 licet
556 1928 615 1966 non
637 1905 751 1986 aequali
769 1905 871 1981 modo,
891 1907 941 1966 sed
975 1909 1236 1989 epeculiaridono

101 1985 297 2068 prophetiae:
324 1986 402 2065 quod
425 1984 528 2068 clarius
541 1993 630 2075 'patet
650 2004 683 2043 ex
703 1983 837 2077 proximo
856 2005 942 2057 versu
962 1996 992 2044 et
1010 1988 1158 2064 sequenti,
1172 1988 1237 2048 ubi

106 2065 235 2138 dicitur,
257 2061 440 2142 Responsum
460 2079 605 2141 accepisse
625 2082 642 2121 a
662 2061 774 2142 Spiritu
798 2073 915 2135 sancto,
942 2072 973 2120 et
996 2063 1100 2122 eodem
1123 2062 1237 2143 Spiritu

106 2141 184 2212 duce
209 2138 322 2199 venisse
348 2139 376 2196 iii
402 2136 553 2216 templum.
603 2137 744 2211 Quamvis
769 2157 841 2218 crgo
867 2137 949 2198 nullo
976 2139 1097 2217 publico
1121 2138 1238 2201 honore

94 2215 269 2282 ,excelleret
293 2214 431 2284 Simeon,
457 2213 582 2295 egregiis
606 2225 705 2272 tamen
730 2212 848 2272 dotibus
874 2225 993 2274 ornatus
1018 2215 1087 2288 suit,
1117 2216 1238 2296 pietate,

103 2294 186 2354 ritae
207 2289 392 2362 innocentia,
411 2289 468 2348 fide
488 2302 519 2348 et
539 2288 701 2370 prophetias
739 2289 802 2350 Nec
823 2289 942 2349 dubium
964 2301 1021 2362 est,
1042 2293 1112 2424 quin
1133 2312 1239 2353 oracu-

106 2370 170 2429 lum
199 2367 276 2426 istud
301 2387 374 2425 unus
402 2365 535 2445 privatim
560 2385 626 2424 acce
651 2365 730 2438 erit,¹
753 2376 792 2431 ut,
817 2366 979 2424 communis
1010 2367 1039 2424 iii

108 2463 218 2504 omnes
240 2442 422 2500 confirmatio
442 2452 580 2500 manaret.
648 2452 751 2499 ocatur
782 2439 864 2499 Iesus
891 2437 1019 2498 Christits
1038 2441 1114 2515 Dei,
1157 2465 1240 2506 uiaa

108 2521 204 2580 Patre
225 2531 329 2576 unctus
349 2527 410 2589 est,
434 2529 465 2574 et
488 2537 546 2575 una
566 2537 636 2583 ,cum
658 2514 770 2594 Spiritu
789 2514 886 2596 Regni
907 2528 936 2575 et
956 2516 1120 2578 Sacerdotii
1135 2463 1239 2579 isoio.

108 2617 176 2656 rem
197 2594 319 2674 accepit.
358 2592 480 2652 Venisse
496 2592 623 2651 'Simeon
642 2592 672 2650 in
692 2590 834 2669 templum
854 2591 960 2652 dicitur
984 2595 1015 2650 ias
1039 2597 1158 2686 spiritu,
1182 2596 1240 2659 hoc

109 2685 171 2749 est,
192 2691 302 2731 arcano
323 2669 462 2728 instinctu
483 2681 513 2728 et
533 2680 612 2729 certa
631 2666 827 2743 revelatione,
847 2680 880 2728 ut
900 2669 1018 2730 Christo
1038 2679 1217 2733 occurreret.
1240 2737 1249 2743 N
1308 2715 1311 2722 ·

188 2754 238 2813 29.
277 2745 367 2818 Nune
387 2744 516 2820 ,demtum
555 2745 598 2804 Ex
619 2745 675 2804 boc
695 2746 810 2805 cantico
831 2744 897 2806 satis
917 2759 1049 2821 constat,
1068 2748 1241 2811 Simeonem

110 2826 175 2900 aliis
197 2846 282 2905 quam
304 2823 398 2884 carnis
418 2824 510 2886 oculis
535 2821 671 2882 intuitum
697 2823 759 2881 esse
778 2821 884 2881 Filium
903 2823 975 2882 Dei:
1008 2825 1136 2884 exterior
1160 2827 1241 2888 enim

113 2904 226 2964 Christi
248 2912 421 2981 conspectus
442 2901 513 2973 nihil
534 2900 651 2980 poterat
671 2919 756 2978 quam
777 2910 978 2992 contemptum
1002 2899 1240 2978 inducere,'sal-

1064 2367 1239 2458 eadpios

111 2992 172 3039 tem
194 2998 344 3058 nunquam
365 2977 404 3038 ita
423 2977 609 3038 satisfecisset
627 2978 724 3036 animo
745 2975 836 3036 sancti
855 2975 925 3050 viri,
949 2989 981 3036 ut
1000 2976 1092 3038 laetus
1113 2989 1143 3038 et
1160 3001 1241 3040 siim-
1400 2971 1401 2974 ¹

111 3075 178 3116 mae
197 3067 337 3117 votorum
356 3075 475 3114 suorum
502 3074 626 3145 compos
644 3053 678 3113 ad
704 3064 828 3112 mortem
849 3064 1030 3132 properaret.
1068 3055 1150 3137 Ergo
1170 3056 1241 3137 Spi-

111 3136 186 3192 ritus
206 3132 265 3191 Dei
285 3130 343 3189 fide
362 3130 533 3191 illuminavit
552 3151 621 3190 eius
634 3129 747 3205 oculos,
765 3139 798 3188 ut
816 3127 941 3210 gloriam
961 3130 1029 3190 Filii
1048 3131 1105 3190 Dei
1125 3133 1155 3192 in
1175 3155 1241 3194 sor-

114 3209 183 3268 dido
205 3208 719 3286 contemptoquehabitucerueret.
759 3205 859 3279 Quuin
880 3206 963 3279 dicit,
989 3229 1019 3266 se
1043 3211 1075 3266 in
1094 3230 1170 3284 paee
1195 3208 1241 3270 di-
1334 3281 1337 3286 ι

114 3287 202 3359 mitti,
228 3283 371 3376 intelligit
390 3284 548 3374 tranquillo
568 3302 599 3343 se
619 3283 732 3355 animo,
752 3283 853 3362 utqui
873 3283 1001 3373 expletus
1021 3283 1058 3344 sit
1077 3306 1110 3344 ac
1131 3288 1242 3366 potitus

114 3362 173 3421 suis
199 3361 366 3435 desideriis,
395 3373 577 3419 moriturum.
616 3359 675 3417 Sed
702 3358 866 3437 quaeritur,
897 3381 921 3418 si
952 3360 1029 3440 prius
1058 3365 1241 3443 migrandum

8 3467 13 3484 ι
117 3437 220 3497 suisset
240 3438 350 3510 evita,
375 3459 411 3496 an
437 3457 501 3495 cuin
523 3434 745 3515 perturbatione
767 3445 797 3492 et
815 3435 956 3510 tumultu,
981 3448 1014 3496 ut
1033 3437 1129 3499 solent
1148 3439 1242 3514 inriti,
1277 3467 1280 3474 ⁴

115 3524 227 3574 tractus
249 3513 350 3574 luisset
369 3513 508 3572 Simeon?
529 3511 722 3591 Respondeo,
741 3512 896 3572 notandam
918 3533 979 3573 esse
999 3514 1243 3575 circumstantiam

113 3582 194 3668 'quae
214 3591 348 3665 additur,
372 3587 525 3649 secundum
543 3587 656 3647 verbum
674 3601 763 3646 tuum.
801 3589 876 3648 Nam
923 3612 990 3650 uum
1010 3589 1178 3662 Deus'Filii
1197 3592 1246 3650 sui

55 3723 61 3738 ,
119 3680 310 3747 conspectum
331 3666 476 3747 pollicitus
498 3677 587 3738 esset,
607 3665 712 3723 merito
733 3686 778 3724 sus
802 3684 886 3726 ensus
902 3611 1060 3742 haerebat,
1080 3667 1139 3727 imo
1160 3667 1244 3727 anxie

120 3741 202 3801 illurn
222 3744 319 3805 vivere
340 3742 491 3823 oportuit,
515 3743 610 3801 donec
631 3761 751 3876 compos
771 3683 863 3801 lictus
884 3755 959 3803 esset
977 3744 1138 3822 speisuae.
1175 3743 1244 3802 lloc
1282 3769 1285 3783 ·

120 3815 187 3877 ideo
207 3819 372 3881 tenendum
392 3832 451 3892 est,
473 3819 541 3898 quia
561 3817 644 3880 multi
665 3818 737 3876 iaso
757 3829 787 3877 et
807 3837 960 3897 perperam
980 3817 1126 3881 Simeonis
1148 3839 1245 3876 exem-

121 3891 201 3971 pluin
221 3897 403 3969 obtendunt,
422 3896 549 3955 libenter
567 3914 598 3955 se
618 3893 776 3966 morituros
795 3895 944 3970 iactantes,
963 3898 986 3954 si
1005 3895 1058 3954 hac
1076 3895 1122 3952 vel
1143 3894 1191 3953 illa
1213 3915 1246 3954 re

122 3983 188 4028 ante
214 3973 270 4032 srui
295 3975 426 4045 daretur,
452 3994 540 4052 quum
559 3983 658 4031 tamen
685 3982 795 4030 temere
816 3991 869 4049 pao
891 3994 941 4032 sua
961 3971 1081 4031 libidine
1101 3971 1156 4030 sibi
1176 3981 1245 4031 vota

124 4048 280 4129 concipere
304 4051 488 4130 permittant,
513 4047 559 4108 vel
582 4068 647 4128 spes
665 4068 750 4108 ranas
776 4047 918 4108 fabricare
938 4048 1047 4126 absque
1066 4046 1125 4105 Dei
1144 4046 1245 4108 verbo.

126 4119 156 4177 Si
176 4130 303 4203 praecise
324 4126 438 4185 dixisset
459 4125 595 4200 Simeon,
615 4125 700 4183 Nune
719 4124 820 4184 sedato
841 4124 936 4183 animo
958 4134 988 4181 et
1006 4122 1107 4202 quieto
1126 4123 1246 4199 moriar,

126 4197 192 4274 quia
215 4201 273 4262 vidi
298 4202 404 4261 Filium
428 4203 502 4276 Dei,
529 4201 581 4262 hac
603 4220 677 4261 voce
702 4199 770 4260 fidei
793 4219 863 4260 suae
886 4199 1064 4259 debilitatem
1088 4201 1245 4294 proderet:

127 4272 176 4329 sed
199 4278 265 4355 quia
289 4279 422 4340 Verbum
447 4277 588 4352 habebat,
618 4277 776 4338 secundum
801 4275 870 4336 fidei
898 4275 1030 4357 regulam
1053 4276 1097 4340 illi
1120 4291 1246 4341 mortem

128 4342 229 4430 lugere
247 4354 329 4416 licuit
345 4376 438 4436 usque
457 4357 493 4417 ad
513 4353 623 4418 Christi
641 4353 805 4416 adrentum.
1157 4395 1159 4400 .
