2808 4748
506 191 692 252 omarum
715 207 840 256 nourr.
1181 195 1237 262 tot

104 357 197 417 nsque
216 335 408 417 blasphemias
427 333 612 416 prosiliente.
628 336 684 396 nisi
712 335 897 416 obtemperat
920 336 994 397 votis
1021 333 1234 425 nostris,·non

105 427 253 494 putamus,
285 412 354 475 satis
380 432 443 474 esse
468 432 538 505 erga
561 434 616 474 nos
635 411 796 473 liberalem.
834 411 983 488 Multide
1003 409 1149 476 ineffabile
1173 413 1234 472 eius

102 489 289 570 providentia
314 489 483 569 arcanisque
507 488 619 569 iudiciis
651 488 698 549 vel
720 489 822 550 iocose
851 487 997 580 garriunt:
1028 509 1115 572 saepe
1145 489 1232 549 etiam

102 579 321 628 sacrosanctum
353 565 414 626 eius
440 586 550 628 nomen
580 565 617 626 ad
648 587 740 628 crassa
764 562 889 625 ludibria
914 563 1072 645 abripitur:
1103 564 1232 645 denique
1324 629 1329 650 ‚

102 664 171 721 pars
190 644 291 702 mundi
311 641 372 703 eius
390 643 573 704 sanctitatem
599 654 740 723 quantum
765 644 796 701 in
821 661 852 701 se
878 651 923 700 est
945 641 1089 720 profanat.
1129 641 1232 716 Quare

51 770 54 782 ,
102 740 166 780 uon
192 719 298 780 mirum
318 731 376 796 est,
410 719 434 779 si
458 719 553 799 primo
579 716 647 786 loco
672 730 776 799 petere
801 715 952 790 iubemur,
981 727 1014 776 ut
1036 719 1231 781 reverentiam

124 795 218 856 nalem
238 807 367 856 meretur
385 795 416 856 in
437 797 548 856 mundo
569 796 713 858 obtineat.
754 794 912 856 Caeterum
933 793 1004 854 ltaec
1024 815 1085 854 non
1104 795 1151 868 qul
1173 785 1230 860 aris

102 816 236 955 dignatio
257 885 314 948 est,
335 872 416 968 quod
435 871 517 934 Deus
536 873 648 956 gloriae
667 893 737 934 suae
754 871 885 938 studium
906 868 992 934 nobis
1012 815 1207 941 commendat.

179 955 227 1016 10.
270 947 379 1010 Veniat
401 971 523 1026 aeguum
539 964 628 1014 tuum.
668 949 846 1029 Quanquam
865 945 988 1016 verbum
1007 965 1143 1028 graecum
1163 947 1230 1020 εἰει,
1312 983 1314 993 ‹

100 1024 166 1106 pler
194 1037 252 1098 est,
282 1047 384 1087 sensus
412 1038 511 1086 tamen
541 1022 673 1088 manebit
702 1027 837 1108 integer,
868 1023 892 1084 si
922 1022 1053 1106 legamus
1076 1021 1232 1160 Advenietz

122 1103 348 1165 uemadmodum
367 1114 451 1164 vetus
470 1103 615 1184 interpres
635 1099 772 1164 reddidit.
810 1099 912 1164 Primo
925 1111 1022 1160 autem
1038 1097 1168 1178 tenenda
1187 1120 1217 1160 es

98 1123 232 1241 definitio
260 1179 345 1261 regni
363 1179 431 1240 Deis
457 1178 609 1256 'Regnare
628 1181 705 1242 enim
731 1176 839 1248 dicitua
862 1179 943 1237 inter
967 1177 1127 1254 homines,;
1142 1197 1231 1268 qpupp

98 1276 188 1316 carne
214 1277 265 1316 sua
291 1255 346 1316 snb
371 1256 383 1317 i
443 1277 473 1316 m
497 1256 628 1332 redacta,
656 1267 689 1318 ct
714 1257 779 1318 suis.
797 1252 1003 1337 cupiditatibus
1027 1251 1125 1319 ualere
1148 1273 1231 1324 russts

97 1331 193 1392 illisa
213 1332 363 1413 regendos
420 1344 467 1394 tro
493 1332 634 1394 addicunt
657 1343 687 1394 ct
709 1332 838 1396 tradunt.
875 1333 952 1393 Nam
976 1330 1008 1392 in
1032 1323 1085 1390 bac
1109 1341 1231 1392 naturae
1302 1335 1305 1352 ⁴

95 1408 292 1492 corruptione
318 1429 421 1470 omnes
447 1409 543 1470 nostri
565 1409 691 1471 allectus
716 1409 844 1470 totidem
866 1417 937 1470 sunt
960 1406 1087 1468 Satanae
1111 1405 1229 1484 milites,

95 1487 148 1563 qui
167 1485 226 1544 Dei
246 1483 373 1546 iustitiae
393 1485 549 1562 resistunt,
573 1499 603 1547 et
628 1486 668 1547 ita
693 1492 818 1567 reguur'n
838 1485 898 1544 eius
917 1483 1083 1566 impediunt
1100 1479 1148 1542 vel
1165 1494 1228 1564 tur,

59 1603 66 1614 ,
93 1563 179 1623 bant
219 1559 320 1634 Quare
339 1561 393 1622 hac
412 1563 585 1642 precatione
604 1574 757 1644 optamus,
782 1573 816 1620 ut
834 1560 959 1640 ⁵sublatis
980 1559 1115 1620 omnibus
1134 1559 1230 1640 impe-

96 1635 237 1698 dimentis
256 1635 310 1700 sub
329 1637 484 1718 imperium
503 1662 588 1705 sunm
607 1640 724 1722 redigat
741 1648 865 1710 cunctos
882 1636 1036 1716 mortales,
1060 1656 1185 1716 eosque·
1212 1635 1231 1718 ,t

92 1711 319 1777 meditationem
339 1716 415 1780 vitae
434 1715 569 1784 eoelestis
587 1717 722 1782 adducat.
759 1713 828 1794 Hoc
846 1725 946 1774 autem
971 1713 1004 1773 lit
1022 1658 1230 1794 partimveplsi

91 1789 331 1874 praedicatione,
352 1793 465 1886 partim
490 1815 600 1877 areana.
613 1795 722 1856 virtute
741 1791 878 1872 Spiritus.
918 1789 1021 1852 Verbo
1044 1809 1099 1854 suo
1117 1789 1230 1928 guber,-

92 1887 168 1928 nare
187 1867 250 1928 vnlt
279 1867 430 1947 hommes,
461 1870 513 1931 sed
538 1872 607 1952 quia
631 1869 710 1931 nuda
733 1890 804 1945 vox,
823 1868 879 1930 nisi
903 1865 1023 1930 accedat
1040 1866 1167 1928 iuteror
1186 1865 1228 1945 ris

92 1943 240 2025 Spiritus,
263 1946 407 2025 usquein
432 1948 523 2010 eorda
541 1970 603 2010 non
628 1944 780 2031 penetral,
806 1945 949 2027 coniungi
966 1956 1124 2024 utrumque
1143 1936 1228 2026 simul

91 2031 226 2100 oportet,
245 2032 278 2084 ut
296 2023 461 2086 stabiliatur
472 2023 531 2088 Dei
550 2046 686 2107 regnum,
716 2024 879 2084 Precamur
897 2041 982 2104 ergo,
1002 2033 1036 2092 ut
1055 2011 1227 2102 suamrlleqp

90 2109 270 2178 potestatem
291 2113 403 2162 exserat
419 2111 480 2162 mm
500 2097 603 2162 Verbo
625 2122 709 2180 quam
731 2100 861 2178 Spiritu,
881 2110 914 2158 ut
933 2119 965 2160 se
984 2097 1028 2159 illi
1047 2097 1125 2160 ultro
1146 2109 1227 2173 totus
1309 2105 1312 2118 ¹

89 2175 218 2237 muudus
237 2174 382 2250 subiiciat.
420 2175 527 2257 Regno
539 2177 599 2240 Dei
607 2177 773 2256 opponitur
792 2175 888 2236 omnis
908 2175 1006 2238 ἀταξία
1025 2185 1057 2234 ει
1074 2169 1225 2238 confusio:

89 2270 192 2330 neque
213 2251 292 2312 enim
313 2253 469 2331 quicquam
489 2253 664 2314 ordinatum
679 2263 725 2312 est
742 2251 773 2310 in
792 2251 915 2326 mundo,
935 2251 994 2330 nisi
1011 2272 1101 2330 quum
1121 2249 1225 2332 mode,

89 2326 202 2388 ratuni
225 2347 256 2388 se
274 2349 364 2388 manu
383 2348 434 2392 sua
454 2329 574 2392 consilia
594 2340 624 2390 et
643 2325 773 2388 affectus.
812 2326 892 2388 Hinc
912 2327 1092 2406 colligimus,
1111 2325 1225 2406 initium

89 2402 179 2493 regni
198 2347 258 2464 llei
279 2406 310 2462 in
330 2402 417 2464 nobis
441 2425 504 2465 osse
523 2405 630 2468 veteris
648 2403 776 2467 bominis
796 2402 947 2464 interitum
969 2413 999 2459 et
1018 2401 1114 2461 nostri
1133 2403 1224 2464 abne-

86 2491 256 2562 geunnen,
277 2490 310 2540 ut
328 2498 507 2542 renovemur
524 2482 556 2556 in
575 2481 659 2553 aliam
677 2480 775 2540 vitam.
814 2479 926 2538 Verum
946 2475 1003 2538 alio
1025 2477 1115 2554 etiam
1134 2476 1224 2541 modo

89 2567 199 2638 regnat
217 2555 314 2630 Deus,
338 2555 407 2616 ulum
426 2556 526 2618 hostes
543 2577 613 2620 suos
634 2556 810 2636 prosternit,
831 2566 861 2614 et
880 2575 946 2614 euna
966 2552 1074 2620 Satana
1093 2552 1225 2634 ipsorum

90 2632 191 2713 capite
221 2631 329 2694 invites
359 2633 469 2726 redigit
493 2633 547 2696 sub
573 2644 751 2715 potestatem
775 2653 884 2710 suam,
903 2629 999 2694 donee
1023 2627 1095 2689 fiant
1120 2649 1223 2710 omues

87 2707 250 2772 scabellum
276 2709 384 2788 pedum
416 2730 488 2770 erus.
529 2710 631 2787 Quare
654 2709 875 2782 summahuius
894 2706 1077 2788 ¹precationis
1102 2718 1170 2788 est,
1187 2717 1223 2784 ¹ut

7 2785 9 2830 ἕ
87 2782 174 2848 Deus
193 2785 278 2846 uerbi
300 2786 346 2847 sui
369 2786 435 2848 luce
460 2790 602 2848 mundum
626 2785 763 2861 irradiet,
785 2785 912 2867 Spiritus
935 2784 981 2845 sui
999 2779 1109 2846 'afflatu
1134 2783 1223 2850 corda

7 2901 8 2904 =
88 2862 202 2924 formet
229 2864 260 2924 in
292 2861 467 2957 obsequium
490 2865 726 2938 instituemus,
755 2862 896 2944 quicquid
929 2873 973 2924 est
998 2860 1164 2942 dissipatum
1189 2861 1221 2922 in

88 2952 171 3000 terra
200 2940 259 3001 sois
278 2939 413 3020 auspiciis
431 2943 462 3002 in
478 2942 616 3004 ordinem
636 2939 781 3006 restituat.
807 2937 967 3002 Exordium
979 2957 1057 3015 serp
1078 2934 1225 3022 regnandi

88 3016 161 3077 lacit
185 3037 202 3076 a
227 3016 397 3099 subigendis
424 3020 518 3079 carnis
534 3015 659 3084 ‘nostrae
688 3015 911 3096 cupiditatibus..
939 3013 1017 3082 ,Iam
1041 3035 1128 3095 uero,
1153 3016 1222 3096 quia

88 3113 216 3176 regnum
240 3093 298 3154 Dei
325 3113 378 3172 per
402 3096 561 3156 continuos
588 3114 759 3174 progressus
786 3103 912 3175 augetur
935 3113 966 3152 us
990 3092 1087 3152 need
1117 3091 1221 3153 mundi

88 3169 191 3246 linem,
212 3190 331 3236 necesse
352 3183 396 3232 est
414 3171 550 3250 quotidie
569 3183 672 3252 optare
694 3173 754 3230 eius
773 3169 938 3236 adventum.
969 3113 1121 3244 Quantum
1142 3169 1221 3232 enim
1277 3213 1280 3225 ,

87 3245 247 3328 iniquitatis
266 3258 412 3328 grassatur
431 3250 461 3307 in
478 3248 604 3322 mundo,
624 3246 798 3308 tantundem
816 3245 903 3313 abest
921 3266 1044 3330 regnum
1054 3245 1123 3321 Dei,
1140 3245 1220 3327 qnod

89 3343 189 3384 secum
220 3323 309 3384 allent
334 3322 452 3402 plenam
476 3325 693 3388 rectitudinem.
732 3325 804 3386 Fiat
825 3321 963 3404 ,calantes
990 3337 1050 3385 tum
1089 3323 1220 3388 Tametsi

42 3457 44 3462 ,
88 3420 146 3461 una
167 3413 212 3462 est
231 3423 264 3460 ac
284 3399 405 3478 simplex
423 3401 482 3460 Dei
500 3401 652 3476 voluntas,
672 3401 751 3492 quod
772 3401 807 3464 ad
827 3399 921 3482 ipsum
940 3411 1067 3482 spectat,
1085 3399 1219 3463 bilariam

87 3484 187 3552 tamen
212 3475 301 3540 nobis
324 3476 355 3536 iu
380 3475 539 3556 Scripturis
564 3487 751 3558 proponitur.
797 3476 925 3540 Dicitur.
947 3479 1025 3538 enim
1050 3477 1116 3538 lieri
1140 3475 1251 3568 quod
1279 3527 1282 3530 -

88 3551 161 3615 Deo.
183 3553 305 3634 placuit,
331 3575 421 3632 quum
446 3574 550 3615 arcana
576 3553 781 3634 providentiae
805 3573 873 3615 suae
894 3553 1012 3626 decreta
1042 3564 1218 3631 exsequntur,

87 3627 157 3692 licet
177 3631 391 3696 contumaciter
410 3629 441 3692 in
460 3629 607 3705 aduersam
619 3643 740 3770 paeantem
759 3629 891 3691 nitantur
901 3631 1052 3710 ,laominea
1091 3628 1152 3691 Sed
1172 3627 1220 3703 hic

87 3700 225 3769 iubemur
235 3705 292 3772 alio
312 3706 403 3770 modo
424 3709 549 3786 precari,
568 3720 601 3773 nt
658 3719 670 3768 t
690 3707 752 3770 eius
772 3707 920 3770 voluntas:
941 3727 1048 3786 nempe
1060 3717 1093 3764 nt
1104 3703 1219 3787 placide

89 3793 121 3843 et
143 3785 254 3864 absque
279 3785 472 3866 repugnantia
495 3784 538 3844 illi
564 3785 782 3866 obtemperent.
799 3805 910 3860 omnes,
926 3796 1085 3850 creaturae.
1125 3779 1218 3860 Quod

7 3899 9 3936 ᾖ
90 3876 123 3918 er
143 3863 364 3942 comparatione
383 3862 486 3922 melius
510 3859 619 3942 liquet:
647 3883 714 3924 nam
738 3862 823 3936 sicuti
853 3883 887 3922 an
913 3861 1109 3940 clospraesto
1129 3855 1219 3920 habet
1272 3909 1278 3924 ,

7 3969 9 4006 i
89 3935 125 3994 ad
145 3943 244 3999 omnia
264 3938 398 4000 mandata
417 3939 512 4017 (unde
538 3951 568 4004 et
590 3939 715 4004 ministri
734 3951 877 4002 vocantur
901 3961 932 4002 m
956 3937 1028 4002 eim¹
1042 3932 1218 4014 obsequium

90 4032 206 4094 semper
216 4017 335 4096 parati),
355 4016 395 4075 ita
416 4016 547 4094 cupimus
568 4035 669 4082 omnes
688 4016 842 4080 hominum
860 4013 1025 4080 voluntates
1044 4010 1167 4074 formari
1186 4011 1218 4071 in

90 4105 156 4150 eum
175 4093 300 4154 iustitiae
320 4093 380 4152 nei
399 4113 588 4167 consensum,
610 4103 644 4154 ut
665 4103 772 4176 sponte
792 4091 960 4154 flectantur
989 4107 1146 4168 uocunque
1165 4086 1218 4166 ille

90 4169 235 4230 annuerit.
275 4169 327 4230 Est
347 4167 465 4253 quidem
484 4167 542 4230 hoc
562 4171 641 4250 pium
661 4181 780 4246 votum,
800 4169 856 4232 ubi.
871 4189 924 4228 uos
944 4189 977 4228 sn
1000 4165 1139 4228 mittimus
1158 4164 1217 4226 Dei

90 4239 228 4324 arbitrio,
253 4247 374 4326 eiusque
398 4245 510 4327 placitis
534 4245 759 4322 subscribimus,
783 4246 834 4308 sed
857 4244 931 4306 hacc
955 4243 1086 4326 precatio
1107 4240 1217 4324 aliquid
1296 4253 1301 4258 ·

90 4317 210 4406 autullus
231 4323 381 4400 continet,
405 4344 513 4412 nempe
537 4337 571 4392 ut
595 4323 676 4389 Dens
695 4323 807 4394 abolita
832 4321 913 4388 omni
937 4319 1091 4390 bominum
1111 4331 1218 4394 eontu-
