2786 4742
623 18 733 98 „l

388 249 640 313 drosrouornu
657 263 857 313 msurrorro.
1126 256 1185 318 253

57 397 101 458 Ba
123 397 192 458 tista
211 395 300 455 docet
318 391 472 454 Malachiae
491 395 533 470 (4,
543 397 583 470 6.)
603 393 859 460 omnibuschristi
877 395 1014 457 ministris
1033 396 1186 472 convenit,
1211 403 1214 415 '

57 476 90 534 in
103 417 188 532 hunc
203 471 319 548 scilicet
338 469 427 541 finem
446 469 533 545 mitti,
553 481 586 528 ut
605 471 694 538 corde
713 482 830 550 patrum
850 484 1022 532 convertant
1041 473 1078 533 ad
1096 470 1185 546 filios,

59 563 91 610 et
111 548 200 610 corda
218 546 346 606 filiorum
366 545 402 605 ad
421 558 527 626 patres.
565 546 658 638 Atqui
677 547 836 627 impiorum
854 548 962 618 malitia
982 549 1060 622 lacit,
1079 562 1114 609 ut
1133 553 1184 642 qui

58 628 139 710 prius
160 623 310 684 coniuncti
331 636 413 682 erant
438 613 534 683 audita
555 622 664 683 Christi
683 644 756 682 voce
775 636 948 702 separentur
972 625 1003 684 in
1023 625 1210 689 contrariusl

57 713 174 786 partes,
200 695 260 780 imq
279 712 314 758 ut
333 701 430 760 omnia
450 700 671 766 necessitudinis
690 699 804 768 vincula
824 699 1012 778 abrumpant,
1043 702 1184 784 Denique

59 803 97 842 eo
120 777 299 838 confusionis
310 787 464 836 venturum
484 796 547 839 esse
566 777 706 849 mundum
726 775 1023 857 praedicithristus,
1041 789 1076 836 ut
1086 783 1185 842 omnia

57 863 186 920 naturae,
200 855 261 914 iure
279 875 334 932 pro
354 853 446 912 nihilo
468 851 626 926 ducantur,
651 851 786 932 nullaque
806 851 928 931 amplius
949 851 1062 912 colatur
1080 853 1185 916 hume·
1211 869 1252 900 ··

57 933 144 994 nitas.
182 931 256 990 Nam
277 951 364 1008 quum
376 928 522 1008 Michaeas
542 935 585 1006 (7,
599 930 642 1006 6.)
662 929 864 1008 conqueritur,
884 927 984 988 hostes
994 929 1101 1008 edique
1122 951 1186 992 esse

58 1007 264 1079 domesticos„
278 1007 434 1066 extremam
459 1017 489 1064 et
513 1007 655 1084 perditam
668 1005 900 1086 ,corruptionem
921 1005 1063 1086 deplorat.
1101 1007 1187 1069 Idem

55 1087 188 1146 futurum
208 1083 332 1143 affirmat
352 1081 502 1157 Christus,
521 1081 573 1141 ubi
597 1083 627 1141 in
651 1082 779 1142 medium
803 1081 946 1162 prodierit
971 1103 1021 1144 sua
1040 1084 1187 1161 doctrina,
1290 1095 1292 1099 ’
1381 1087 1382 1092 ’

57 1161 140 1242 quod
159 1160 227 1220 alias
247 1157 389 1221 credibile
408 1177 471 1218 non
491 1169 562 1218 erat.
604 1159 710 1238 Neque
734 1170 832 1219 tamen
853 1157 909 1218 hoc
929 1177 991 1220 esse
1011 1173 1187 1240 perpetuum

57 1237 213 1319 intelligit,
232 1236 318 1298 sicuti
336 1235 448 1296 morosi
467 1234 582 1314 quidam
602 1234 735 1302 homines
754 1257 816 1294 non
837 1235 973 1308 aliterue
992 1236 1104 1316 probos
1125 1239 1187 1303 eius

10 1369 11 1376 ,
58 1313 219 1394 discipulos
242 1312 310 1374 lore
341 1309 505 1387 somniant,
536 1311 593 1372 nisi
613 1311 834 1390 aparentibus,
866 1310 967 1370 liberis
994 1324 1024 1372 et
1048 1314 1187 1375 uxoribus

10 1391 11 1466 ζ
57 1393 238 1468 alienentur:
270 1388 341 1467 quin
372 1385 471 1466 potius
500 1388 595 1448 omnis
626 1387 756 1469 legitima
784 1389 955 1456 coniunctio
980 1387 1049 1448 fidei
1074 1391 1188 1452 unitate

57 1468 198 1550 sancitur.
236 1463 516 1534 Tantumaduoner
527 1462 672 1541 Christus,
691 1465 806 1544 quoties
824 1464 856 1524 id
875 1465 999 1542 accidet,
1017 1487 1080 1528 non
1093 1487 1186 1548 opor·

10 1597 12 1626 3
56 1558 123 1624 tere
142 1565 210 1605 suos
228 1539 348 1621 turbari.
404 1565 409 1600 ι
469 1592 474 1608 ,
907 1563 909 1576 ·

10 1775 11 1778 ’
103 1775 197 1858 (89.)
226 1773 396 1852 ΜΔΤΤΗ.
415 1775 454 1838 Χ.
494 1776 545 1839 37.
574 1775 642 1861 Qui
663 1777 818 1844 amaverit
837 1785 959 1862 patrem
982 1789 1036 1844 aut
1055 1772 1188 1856 matrem

10 1903 11 1930 2
57 1895 250 1962 supreme,
286 1897 354 1942 non
385 1885 433 1941 est
452 1879 512 1940 'me'
538 1875 666 1962 dignus:
704 1879 810 1964 etqui
832 1878 1113 1949 amaveritfilium
1134 1889 1219 1947 aut·
1271 1896 1274 1902 '

56 1979 160 2066 filia-pn
181 1999 278 2064 supra
298 1999 361 2059 mc,
383 1999 453 2044 non
475 1986 525 2042 est
541 1977 752 2066 meldignus.¹
780 1979 830 2046 38.
851 1979 894 2044 Et
907 1983 963 2068 qui
982 1967 1050 2064 nori
1072 1971 1191 2068 accipit
1231 1966 1234 1976 ¹

58 2101 187 2154 crucem
209 2100 314 2156 suam,
335 2099 378 2167 eo
394 2067 540 2164 sequitur
560 2100 715 2156 me,⁴uou
740 2091 788 2147 est
807 2103 858 2144 me
882 2080 1021 2166 dignus>
1046 2085 1098 2148 39.
1120 2083 1190 2169 Qui

56 2182 222 2254 invenerit
244 2181 380 2242 animem
398 2172 501 2256 suam,
523 2176 745 2264 perdefeam:
767 2183 823 2264 qui
842 2181 1024 2270 perdiderit
1052 2179 1189 2248 animani
1269 2174 1271 2179 ⁵

56 2268 149 2347 sueni
169 2301 242 2345 mea
260 2275 365 2358 chose,
380 2279 530 2367 ,inveniet
551 2299 636 2342 eam·
675 2277 736 2342 cll).¹
748 2278 817 2364 Qui
837 2286 952 2367 recipit
971 2307 1047 2372 vos,
1064 2307 1115 2348 me
1136 2307 1189 2349 re-

57 2385 212 2470 cipisset
231 2371 359 2465 quinne
378 2380 509 2464 recipit,
529 2380 645 2474 recipit
663 2399 750 2456 erun,
770 2381 826 2466 qui
846 2403 897 2445 me
919 2384 1011 2448 misit.
1035 2383 1102 2448 .41.
1123 2384 1190 2477 Qui
1220 2417 1225 2429 =

55 2483 176 2568 recipit
186 2479 380 2566 Prophetam
401 2482 435 2545 in
448 2480 580 2544 nomine
594 2478 785 2563 Prophetae,
809 2471 991 2546 mercedem
1004 2484 1190 2569 Prophetae

58 2583 212 2670 accipiet:
233 2581 291 2666 qui
305 2577 426 2666 recipit
445 2583 563 2660 iustum
580 2583 618 2660 ,in
639 2581 774 2664 nomine
791 2581 884 2656 iusti,
915 2581 1098 2648 mercedem
1115 2589 1191 2652 iusti

59 2686 205 2770 accipiet.
243 2680 296 2749 42.
315 2680 358 2746 Et
379 2682 563 2768 quicunque
585 2678 826 2748 adhibendum
847 2681 976 2750 dederit
995 2690 1052 2752 uni
1067 2669 1113 2776 jer
1131 2710 1190 2774 pu·

56 2787 141 2854 sillis
167 2785 217 2850 his
242 2781 396 2882 poculum
423 2801 526 2870 aquae
550 2781 701 2868 frigidae,
729 2791 852 2848 tantum
878 2789 1011 2852 nomine
1031 2787 1191 2876 discipuli,

59 2877 250 2972 amen'dico
267 2877 375 2968 robis,
391 2879 464 2952 'non
484 2877 604 2996 perdet
620 2877 803 2978 mercedem
824 2908 923 2952 suam.
1012 2882 1015 2889 “

144 3016 357 3086 usuum.
399 3019 460 3084 41.
478 3017 642 3116 Quisquis
655 3009 762 3086 „enm
784 3019 827 3084 ae
855 2993 1034 3084 nitendum
1057 3020 1189 3086 aerest

58 3121 156 3190 vobis
177 3102 310 3186 calicem
331 3141 433 3206 aquae
453 3123 585 3184 nomine
606 3140 694 3210 meo,
723 3120 812 3215 quod
838 3123 905 3186 sitis
929 3116 1065 3202 Christi,
1081 3145 1189 3202 ,amen
1293 3193 1297 3200 ,
1381 3173 1382 3180 .

58 3225 137 3291 dico
157 3220 261 3302 vohis,
280 3242 485 3308 nequequam
505 3219 622 3307 perdet
641 3219 823 3287 mercedem
842 3241 941 3298 suam.
976 3213 979 3232 '

68 3389 73 3408 ι
144 3341 365 3424 LUC.X1V.¹
393 3355 445 3420 25.
470 3347 564 3441 Ibant
585 3364 691 3426 autem
712 3353 826 3448 turbae
847 3353 968 3420 multae
987 3377 1059 3422 cum
1081 3379 1135 3436 eo,
1157 3367 1190 3424 et

60 3473 237 3526 conversus
259 3450 336 3528 duit
358 3456 399 3522 ad
419 3455 510 3536 illos,
551 3457 601 3520 26.
623 3455 659 3520 Si
680 3459 752 3542 quis
772 3460 862 3522 venit
883 3457 1011 3538 adme,
1036 3481 1099 3524 neo
1119 3459 1190 3527 odit

59 3571 185 3649 patrem
205 3579 297 3626 suum
319 3579 357 3622 ac
377 3567 523 3635 matrem,
545 3565 589 3650 et
615 3575 747 3628 uxorem
773 3566 806 3621 et
831 3555 934 3636 filios,
967 3569 1000 3624 et
1020 3559 1134 3625 iratres
1156 3567 1189 3623 et

59 3681 201 3738 sorores,
221 3669 391 3746 praeterea
413 3669 518 3732 eutem
541 3666 575 3720 et
594 3659 728 3722 animam
745 3679 853 3736 suam,
883 3679 952 3727 non
980 3668 1089 3744 potest
1117 3665 1212 3724 esse'

31 3814 37 3820 .
59 3782 152 3828 meus
174 3760 358 3846 discipulus
399 3761 451 3824 27.
471 3757 514 3822 Et
534 3758 680 3843 quisquis
696 3779 766 3822 non
791 3756 916 3824 baiulet
943 3779 1070 3824 crucem
1090 3779 1189 3839 suam,

61 3874 96 3929 et
116 3864 205 3928 venit
224 3871 300 3948 post
320 3883 380 3939 me,
400 3879 469 3928 non
489 3867 599 3945 potest
619 3875 709 3923 meus
731 3880 800 3924 esse
814 3859 998 3946 discipulus.
1040 3859 1090 3924 28.
1103 3858 1189 3944 Quis

62 3964 150 4030 enirn
172 3973 280 4036 estex
293 3959 402 4040 ¹vobis,
422 3963 478 4046 qui
497 3957 708 4045 velitturrirn
727 3959 909 4040 aedificare,
931 3961 1009 4046 quin
1029 3961 1119 4042 prius
1137 3981 1188 4024 se-

62 4065 145 4131 dens
165 4047 506 4150 compulet'sumptus,
529 4083 570 4126 an
591 4061 724 4141 haheat,
746 4060 864 4149 quihus
881 4081 963 4146 opus
985 4068 1033 4122 est
1055 4058 1096 4124 ad
1115 4080 1189 4145 per-

61 4165 259 4231 ficiendum?
299 4166 349 4228 29.
382 4163 434 4229 Ne
466 4174 636 4268 postquam
666 4165 812 4250 posuerit
837 4159 1094 4239 fundamentum,
1124 4169 1189 4224 nec

62 4266 206 4352 potuerit
224 4255 394 4350 perficere,
414 4285 535 4344 omncs,
556 4267 612 4352 qui
627 4265 787 4344 ¹viderint,
810 4265 966 4350 incipiant
985 4259 1126 4326 illudere
1148 4263 1190 4356 ei,

61 4369 114 4436 30.
134 4367 298 4449 Dicentos,
317 4365 381 4436 Hic
396 4366 497 4439 homo
517 4369 627 4456 coepit
640 4365 824 4468 aedificare,
843 4355 906 4440 nec
925 4363 1030 4452 potuit
1041 4383 1189 4438 cousum-
