2824 4756
153 146 174 184 Χ

335 299 340 316 ,
449 229 557 328 (6-72
576 245 707 334 Angelus
725 249 856 332 Mariae.)
924 333 933 341 ἱ
1173 263 1211 330 li

91 392 254 476 ias-gratia,
269 391 432 484 reputanda
455 404 499 457 est
521 393 673 455 bominum
696 394 866 457 fecunditas.
909 399 973 461 Nee
996 421 1068 468 vero
1092 401 1211 488 exiguus
1268 389 1272 409 ⁸
1351 391 1353 398 Α

91 482 134 530 est
154 469 353 550 aut'vulgarrs
371 468 476 544 bonor,
495 472 585 563 quod,
605 493 695 550 quum
714 471 796 532 Deus
814 473 892 534 solus
911 477 948 547 sit
967 490 997 538 et
1017 481 1129 542 censeri
1147 503 1211 543 mc-

5 578 13 616 ,⁴
76 557 190 607 'reatur
214 557 317 626 pater,
346 546 541 608 tarraelios
570 549 601 608 in
627 547 710 607 huius
734 549 864 608 nominis
883 552 1052 616 societatem
1077 559 1212 620 admittit.

92 622 206 682 Sedulo
227 622 318 702 igitur
337 622 459 700 tenenda
479 636 522 683 est
548 624 699 698 doctrina,
723 625 803 704 quod
828 625 914 685 liberi
937 629 994 689 sint
1017 631 1213 700 haereditate

90 697 160 756 Deo
183 697 354 774 obveniens,
376 711 405 758 et
423 721 527 760 munus
547 701 609 761 eius
629 700 1113 787 fructusventris(Psal.127,3.).
1152 713 1214 773 Sed
1310 719 1313 728 '

5 789 7 792 ·
92 773 326 855 altiusrespesit
344 773 508 850 Elisabeth,
527 779 594 858 quia
614 789 730 858 praeter
748 791 922 839 consuetum
941 794 1061 844 naturae
1079 785 1213 850 ordinem
1303 827 1306 832 ·
1405 809 1406 814 ’

91 849 201 924 sterilis
222 851 362 911 et-vetula
380 852 520 933 singulari
537 853 678 918 miraculo
698 867 885 934 conceperat.
967 903 969 908 .

179 925 218 984 Ut
234 928 366 1008 nosmet
375 930 518 1002 pmii-ann
535 951 635 988 meum
673 929 743 990 Nun
763 931 825 991 sinc
836 953 921 993 causa
939 933 1043 1015 probri
1061 935 1127 999 loco
1138 960 1214 1001 sem-

94 1002 265 1082 perhabita
289 1003 343 1063 suit
366 1006 516 1080 sterilitas,
546 1027 633 1086 quum
664 1006 742 1066 uteri
765 1005 936 1070 benedictio
960 1011 1039 1071 inter
1061 1019 1216 1096 praecipua

98 1079 191 1145 divini,
206 1079 314 1141 amoris
337 1081 504 1142 testimonia
528 1087 706 1142 numeretur.
753 1083 879 1158 Quidam
905 1085 963 1146 boc
987 1089 1082 1148 veteri
1105 1093 1217 1171 populo

95 1177 108 1214 s
133 1154 221 1228 eeiale
241 1155 330 1216 luisse
349 1169 468 1236 putant,
492 1159 558 1238 quia
584 1157 626 1217 eu¹
641 1147 751 1218 semine
769 1160 906 1222 Abrahae
925 1166 1123 1243 procreandus
1144 1181 1219 1229 esset

125 1231 237 1300 hristus.
281 1231 373 1311 Atqui
403 1235 460 1294 hoc
490 1236 524 1294 ad
549 1234 641 1295 solam
664 1234 774 1294 tribum
798 1236 870 1298 luda
896 1240 1056 1320 spectabat.
1099 1243 1218 1306 Rectius
1265 1261 1275 1279 ‘

94 1307 264 1387 aiii,.quod
292 1308 384 1368 sausta
410 1311 534 1390 felixque
554 1313 630 1370 esset
648 1311 750 1390 populi
775 1316 865 1374 sancti
890 1315 1109 1397 multiplicatio,
1134 1320 1220 1384 sicuti

92 1384 229 1444 Abrahae
253 1383 363 1444 dietum
387 1385 505 1462 luerat„
528 1387 594 1446 Erit
621 1405 721 1446 semen
744 1400 825 1449 tuum
844 1392 920 1453 sieut
942 1413 1028 1454 arena
1053 1396 1161 1471 maris,
1190 1410 1220 1457 et

94 1459 195 1520 stellae
216 1459 304 1522 coeli.
343 1461 499 1531 Caeterum
524 1462 632 1522 eoniun
656 1462 666 1521 i
690 1463 769 1524 iuter
792 1486 824 1526 se
842 1467 952 1528 debent
976 1471 1145 1534 universalis
1164 1470 1220 1534 be-

94 1537 239 1611 nedictio,
280 1557 333 1595 uae
354 1538 390 1598 ud
408 1551 504 1600 totum
523 1547 615 1620 genus
635 1483 792 1602 inmanem
813 1545 993 1620 extenditur,
1014 1559 1044 1606 et
1063 1545 1219 1629 promissio

94 1612 232 1676 Abrahae
259 1557 345 1700 data,
378 1637 451 1694 quae
477 1615 624 1676 Ecclesiae
643 1614 701 1674 Dei
726 1619 878 1698 peculiaris
905 1632 948 1682 est
966 1621 1060 1700 (Gen.
1080 1632 1134 1702 13,
1152 1633 1220 1705 15.).

94 1689 218 1748 Discant
237 1689 327 1770 igitur
349 1705 484 1772 parentes
508 1713 562 1772 pro
588 1695 728 1773 susceptis
753 1693 857 1756 liberis
872 1696 940 1757 Deo
964 1700 1144 1792 gratisne,
1169 1704 1219 1782 qui

5 1799 6 1804 κ
95 1771 194 1826 autem
221 1765 328 1826 sobole
350 1823 354 1830 ,
379 1769 519 1842 rivautur,
557 1767 611 1829 hac
641 1770 673 1829 in
702 1777 798 1852 parte*
815 1793 847 1832 se
878 1771 1022 1836 humiliari
1052 1791 1220 1858 agnoscant.

5 1893 6 1902 ,
94 1841 243 1932 Ifrobrum
262 1861 333 1933 vero
352 1791 410 1908 doe
427 1847 465 1908 'ad
485 1845 618 1907 homines
638 1849 790 1930 restringit
807 1849 969 1928 Elisabeth,
988 1853 1055 1932 quia
1074 1867 1221 1937 tempora-

95 1917 131 2002 lps
151 1929 198 1978 est
215 1923 375 2002 castigatio,
395 1923 433 1986 ob
455 1945 541 2006 quam
560 1922 632 1984 nihil
650 1925 739 1987 nohis
759 1928 791 1988 in
810 1947 904 2009 regno
924 1930 1077 1991 coelorum
1095 1933 1220 2006 decedit.

85 2270 87 2272 ,
140 2193 201 2274 (6.)
240 2188 344 2266 LUC.
362 2191 394 2254 1.·
426 2191 477 2256 26.
497 2192 535 2256 ln
555 2209 666 2258 mense
690 2200 796 2256 antem
817 2203 906 2259 sexto
925 2196 1040 2262 missus
1062 2197 1222 2284 esthnge-

94 2293 148 2359 lus
170 2291 308 2358 Gabriel
335 2292 450 2356 aDeo
473 2295 512 2356 tn
540 2289 653 2355 urbem
676 2289 862 2371 Galilaeae,
895 2297 948 2359 cui
978 2317 1098 2360 nomen
1119 2298 1224 2360 Naza-

94 2393 184 2470 reth,
222 2394 273 2456 27.
294 2390 348 2480 Ad
367 2393 524 2474 virginem
545 2389 741 2474 desponsam
761 2393 848 2469 viro,
869 2395 922 2454 cui
943 2415 1063 2458 nomen
1085 2405 1153 2458 erat
1173 2397 1225 2459 Io.

5 2543 6 2558 .
95 2491 196 2577 seph,
223 2490 265 2554 de
288 2490 385 2554 domo
402 2488 521 2565 David,
540 2509 578 2550 ac
591 2509 718 2552 ‚nomen
738 2491 870 2572 virginis
891 2491 1006 2564 Maria.
1047 2491 1097 2556 28.
1116 2492 1157 2555 Et
1178 2496 1226 2560 in·

96 2612 226 2678 gressus
247 2587 391 2674 Angelus
418 2587 469 2654 ad,
490 2607 575 2663 eam,
607 2583 818 2666 diriunve,
855 2587 987 2674 gratiam
1018 2602 1226 2678 consequuta,

97 2695 262 2759 Dominus
283 2702 405 2767 tecum,
432 2687 607 2755 benedicta
627 2699 663 2753 tu
685 2688 950 2756 intermulieres.
992 2693 1042 2758 29.
1063 2692 1123 2757 Illa
1145 2715 1224 2760 vero
1249 2750 1256 2764 .

100 2797 197 2882 quum
217 2791 365 2868 vidisset,
385 2788 513 2855 turbata
536 2801 583 2858 est
604 2808 702 2876 super
722 2791 869 2856 oratione
893 2793 975 2888 eius,
1003 2804 1035 2861 et
1057 2786 1225 2880 cogitabat,
1293 2779 1297 2810 ²
1398 2775 1406 2874 ⁵,

5 2963 7 2990 μ
98 2893 202 2982 qualis
222 2902 308 2958 esset
329 2894 389 2956 ista
409 2891 569 2977 salutatiq.
610 2890 662 2958 30.
682 2891 725 2958 Et
745 2893 790 2955 ait
809 2889 955 2978 Angelus
976 2897 1015 2973 ei,
1032 2895 1084 2958 Ne
1105 2895 1226 2974 timeas,

96 2997 216 3062 Maria:
251 3003 345 3058 nacta
373 3001 407 3058 es
437 2996 522 3058 enim
544 2996 676 3080 gratiam
699 2992 793 3079 >apud
813 2994 929 3058 Deum.
955 2991 1226 3060 '31.Eccecon-

98 3099 204 3183 cipies·
220 3097 254 3158 in
275 3105 384 3174 utero,
416 3104 448 3159 ct
467 3097 574 3184 paries
593 3083 716 3172 filium,
742 3091 778 3158 et'
794 3093 925 3159 vocabis
944 3115 1065 3180 nomen
1087 3099 1155 3160 eius
1177 3097 1225 3160 Ie-

96 3219 178 3262 sum.
217 3195 267 3259 82.
294 3195 358 3259 Hie
380 3198 441 3260 erit
462 3213 608 3280 magnus,
635 3207 673 3260 et
687 3192 790 3258 Filius
811 3193 966 3274 Altissimi
986 3194 1170 3274 vocabitur,
1190 3205 1225 3262 et

97 3296 190 3364 dabit
201 3294 420 3364 illiDomiuus
431 3295 522 3360 Deus
541 3295 658 3362 solium
672 3293 782 3359 DavId
794 3299 892 3380 patris
903 3297 1080 3382 ipsius,''33.
1097 3294 1225 3383 Regna·
1242 3295 1243 3300 ’

95 3397 217 3485 hitque
232 3405 330 3484 'super
351 3396 480 3462 domum
500 3394 601 3462 Iacob
627 3399 662 3461 in
683 3405 865 3498 aeternum,
894 3409 927 3464 et
951 3395 1043 3485 regni
1065 3399 1135 3480 eius
1155 3419 1223 3464 uon

97 3499 263 3564 eritlinis.
407 3533 412 3542 ·
596 3499 600 3508 '
1130 3495 1132 3499 ’

147 3683 219 3744 ,26.
257 3676 296 3738 la
315 3692 521 3741 menatem
538 3659 631 3738 scaete.
661 3677 758 3738 Mira
778 3674 867 3740 divini
898 3676 1013 3739 consilii
1039 3677 1223 3750 oeconomia,

97 3766 130 3814 et
149 3775 224 3834 quae
243 3776 259 3814 a
280 3756 427 3816 communi
452 3757 604 3815 hominum
623 3752 732 3815 iudicio
752 3755 835 3815 ualde
853 3755 1009 3830 abhorret,
1035 3753 1115 3834 quod
1135 3753 1223 3835 nobi-

96 3832 153 3891 lius
174 3831 204 3892 in
224 3851 370 3912 praecone
386 3832 593 3922 'generationis
619 3831 736 3890 initium
755 3831 837 3894 Deus
861 3853 922 3892 esse
946 3832 1053 3906 uoluit,
1078 3849 1163 3910 quam
1190 3829 1222 3886 in

96 3905 258 3968 filiosuo.
297 3903 667 3967 Vaticrnrumdeloanne
691 3907 852 3987 intemplo
874 3906 1108 3987 editutnpassim
1134 3905 1228 3962 inno-¹
1305 3969 1310 3976 ἱ
1405 3913 1406 3920 ’

96 3985 169 4048 tuit:
194 3983 326 4044 Christus
351 3983 457 4066 virgini
482 3984 664 4064 promittitur
686 3985 716 4043 in
741 3985 867 4045 obscuro
893 3983 1018 4044 Iudaeae
1039 4002 1056 4041 ο
1080 3979 1165 4058 pido,
1193 3989 1223 4037 et

94 4061 265 4123 vaticinium
284 4061 341 4122 hoc
361 4062 391 4121 in
412 4062 476 4121 sinu
502 4061 615 4142 puellae
636 4061 720 4119 unius
739 4081 769 4120 se
792 4060 1011 4119 ultum'manet.
1050 4003 1109 4116 ded
1131 4071 1223 4133 opor-

95 4138 156 4197 tuit
179 4137 289 4200 scilicet
308 4139 364 4198 iam
384 4160 400 4199 a
421 4138 530 4200 Christi
550 4135 693 4200 natalibus
712 4083 789 4196 illud
793 4136 935 4214 impleri,
958 4131 1047 4207 Quod
1068 4131 1148 4189 Deus
1165 4149 1222 4210 per
1253 4169 1258 4177 =

94 4214 249 4275 stultitiam
280 4214 373 4275 salvos
404 4215 511 4275 lecerit
539 4214 691 4274 credentes
722 4215 759 4292 (1.
781 4213 852 4274 Cor.
872 4212 1001 4287 t‚·2t):
1039 4207 1223 4269 Thesaurum

95 4311 168 4356 vero
193 4291 324 4370 mysterii
344 4291 439 4352 huius
456 4295 496 4352 sic
523 4290 600 4371 apud
618 4291 760 4380 virginem
787 4287 938 4368 deposuit,
968 4295 1002 4344 nt
1027 4285 1144 4350 tandem
1168 4302 1222 4347 suc

122 4387 215 4439 eitiunt
230 4403 312 4436 comm.
327 4391 351 4436 u
366 4391 448 4440 uara.
462 4395 507 4441 nv.
520 4390 573 4454 nor.
583 4391 602 4440 t.
1004 4365 1025 4428 2
