2786 4742
869 121 1076 178 '·r

327 331 330 336 ,
354 263 413 335 (ts.
432 215 513 320 lesus
533 279 599 320 cum
618 257 781 363 publicanis
801 265 952 342 coenans.)
1012 317 1014 324 y
1157 265 1225 330 m,

86 399 177 465 inerit
189 400 414 464 etuudesssum
437 413 493 476 tus,
534 422 573 462 uo
592 409 642 464 mel
661 403 684 464 is
702 403 734 464 in
753 425 802 466 sua
843 425 947 468 creone
966 403 1093 468 illustret
1103 403 1219 482 Christi*

32 478 34 486 '
107 477 221 538 satiem.-
235 477 350 538 Eodem
361 423 450 540 modo
462 422 567 541 Pacilus
586 421 714 560 (tlon
727 485 756 554 t,
776 426 850 558 15-3,
869 482 977 562 Fidelis
996 503 1108 560 sermo,
1128 481 1211 564 quod

85 499 222 618 {hristus
241 553 324 614 Iesus
343 557 424 616 venit
441 555 477 616 ad
518 569 667 627 ecertores
686 556 860 631 servandos,
880 578 1005 638 quorum
1024 561 1133 640 primus
1154 579 1222 642 ego.
1252 625 1255 634 f
1297 603 1306 622 ,.

85 653 158 693 sum.
199 630 291 706 Quod
310 633 426 693 Marcus
451 577 524 692 etl2
871 635 878 649 '

85 707 173 768 fuisse
193 707 304 790 gentile
324 705 448 784 nomin,
473 709 525 770 sed
546 709 613 790 quis
633 708 805 790 publicanus
831 721 910 783 emt,
936 710 1010 771 banc
1034 713 1122 773 fuisse
1141 734 1212 774 ceu-

85 806 156 859 sem,
176 796 209 844 ut
227 784 415 866 peregrinum
435 804 545 845 nomen
564 785 619 847 sibi
632 799 800 848 arcesseret
838 787 964 866 Sequere
981 807 1034 847 me.
1073 789 1143 850 Non
1157 788 1219 848 due

85 860 168 920 bium
186 872 245 935 est,
272 862 343 940 quin
367 861 499 942 pluribus
519 862 816 944 verbisexpresserit
837 861 985 936 Christus,
1016 883 1156 943 quorsum
1181 877 1213 930 et
1254 877 1257 892 '

78 959 142 1017 ‚qun
162 937 228 1020 lege
247 957 313 998 enm
332 949 469 1013 vocitet,
494 937 584 1019 idque
605 941 712 1000 certius
733 939 802 1001 colli
825 940 884 1000 itur
902 959 937 1000 ex
954 940 1051 1024 Luce,
1069 941 1123 1020 ‘qui
1143 961 1210 1002 eum

84 1013 221 1074 omnihus
239 1015 347 1076 relictis
367 1017 522 1076 surrexisse
535 1017 608 1076 dicit
617 1017 759 1110 sequendi
773 959 989 1079 citissimum
1026 1015 1101 1075 Nam
1113 1017 1211 1080 omnia

82 1089 266 1172 relinquere,
289 1091 347 1152 nisi
364 1092 529 1154 domestico
551 1091 661 1156 Christi
680 1093 881 1173 discipulo'et
898 1093 930 1153 in
948 1104 1031 1174 spem
1050 1091 1211 1172 Apostolo-

24 1185 28 1196 ·
81 1178 129 1228 tus
147 1179 265 1243 roceto,
285 1187 405 1229 necesse
425 1190 486 1230 non
508 1181 580 1230 erat
616 1169 713 1232 Porro
734 1172 767 1230 in
785 1183 843 1231 tem
863 1182 1004 1252 prompto
1025 1169 1210 1250 obsequendi

80 1242 177 1306 studio
208 1244 333 1306 divinem
360 1247 440 1306 vocis
467 1245 577 1308 Christi
607 1247 766 1308 efficaciam
796 1246 1004 1328 perspicimus,
1035 1267 1099 1306 non
1129 1245 1211 1324 quod

81 1335 185 1382 omnes
232 1338 374 1400 erasque,
399 1341 524 1402 quorum
545 1318 663 1383 nuribus
682 1323 814 1400 insonet,
836 1325 915 1386 intus
935 1323 1043 1384 efficiet
1060 1323 1093 1382 in
1113 1321 1211 1382 eordi-
1316 1356 1317 1365 κ

80 1395 148 1472 bns,
166 1341 229 1458 sed
238 1397 348 1458 inboc
368 1396 489 1458 bomine
507 1399 603 1460 soluit
622 1398 756 1460 Christus
776 1399 922 1484 singulare
941 1398 1090 1482 specimen
1103 1397 1211 1478 edere,

79 1483 117 1534 ut
131 1473 281 1547 sciremus,
301 1493 364 1534 non
383 1474 548 1536 humanitus
566 1474 656 1536 luisse
675 1487 820 1537 vocatum.
865 1545 867 1548 ⁸
1040 1537 1043 1542 ,
1175 1537 1177 1542 ,

131 1549 228 1612 'Luc
247 1555 295 1616 29.
332 1547 374 1610 Er
383 1551 464 1632 feeit
480 1551 710 1614 tlls'eonoive'om.
762 1553 889 1622 Videtur
914 1551 951 1616 sb
977 1572 1014 1615 eo
1043 1551 1210 1688 discrepare

81 1625 163 1704 quod
183 1626 275 1686 relert
294 1625 405 1703 Lucas,
429 1627 531 1690 relicta
550 1628 640 1690 fuisse
658 1629 695 1692 sb
716 1646 753 1690 eo
775 1630 888 1690 omnia:
915 1627 966 1690 sed
986 1629 1078 1690 facilis
1097 1650 1131 1689 so
1144 1628 1235 1709 utio¹

80 1713 135 1774 est,
155 1701 334 1783 posthabitis
347 1703 482 1766 omnibus
501 1705 718 1788 impedimentis
730 1706 911 1787 Matthaeum
931 1725 962 1766 se
980 1717 1076 1768 totum
1087 1705 1208 1767 Christo

79 1777 210 1855 dedisse,
233 1781 275 1840 sic
294 1790 392 1842 temen
412 1794 446 1842 ut
469 1801 515 1842 res
538 1805 602 1844 suas
623 1783 795 1854 domesticas
815 1803 876 1843 non
902 1783 1051 1845 abiiceret.
1089 1781 1209 1857 Paulus,

78 1853 149 1916 dum
168 1852 446 1939 militumexemplo
465 1859 559 1920 Verbi
577 1860 725 1922 ministros
745 1859 890 1935 bortatur,
910 1872 944 1920 ut
962 1858 1099 1920 liberiet
1117 1858 1209 1920 soluti

77 1931 217 1995 omnibus
247 1934 463 2016 impedimentis
487 1957 607 2018 opernm
633 1959 714 1998 sunm
737 1936 887 2002 Ecclesiae
917 1935 1106 2017 impendant,
1137 1934 1209 1998 dicit

76 2009 130 2086 (ΙΙ.
152 2009 229 2070 Tim.
248 2017 277 2087 2,
297 2011 360 2088 4.),Ι
374 2012 487 2090 Nemo,
507 2015 557 2108 qui
576 2014 695 2090 militat,
715 2013 844 2096 implicat
863 2033 895 2074 se
914 2013 991 2074 vitae
1011 2013 1154 2095 negotiis,
1173 2022 1208 2074 ut
1241 2021 1242 2024 ’
1269 2079 1272 2089 ,

75 2085 251 2167 imperatori
270 2087 398 2168 placeat:
428 2111 491 2150 non
515 2091 657 2172 intelligit
676 2104 774 2165 certe,
800 2089 967 2170 quicunque
992 2089 1062 2149 dant
1085 2089 1207 2150 nomine

75 2164 112 2223 sd
133 2162 270 2224 militiam
287 2164 499 2244 profitendam,
525 2167 686 2226 divortium
706 2167 802 2227 fecere
822 2189 888 2228 cum
909 2165 1065 2241 uxoribus,
1095 2165 1212 2226 liberos
1252 2235 1257 2244 ⁴

74 2238 225 2314 abdicare,
246 2239 383 2300 domibus
403 2243 460 2302 suis
480 2243 517 2316 in
530 2252 626 2302 totum
647 2242 833 2317 renuntiare,
852 2243 904 2302 sed
925 2243 960 2302 ed
979 2255 1096 2321 tempus
1115 2241 1207 2302 absti-

74 2335 149 2376 nere
169 2337 190 2376 e·
205 2315 341 2376 domibus
360 2315 433 2391 suis,
458 2329 489 2378 et
509 2319 584 2379 curis
604 2317 740 2378 omnibus
766 2319 952 2392 renuntiare,
977 2329 1010 2378 ut
1032 2337 1064 2378 se
1084 2317 1207 2380 militiae

74 2412 197 2473 prorsus
216 2391 362 2452 addicent
401 2393 451 2454 sic
472 2406 503 2454 et
520 2393 700 2454 Matthaeum
724 2393 797 2452 nibil
821 2393 958 2467 retinuit,
984 2393 1141 2473 quominus
1159 2413 1207 2454 se·

76 2479 228 2549 queretur,
250 2487 310 2548 quo
332 2467 467 2530 Christus
486 2469 677 2554 vocabatzpet
702 2480 816 2543 temen,
846 2481 988 2548 qnatenus
1011 2467 1055 2526 illi
1074 2469 1207 2547 permisit

73 2545 241 2616 vocationis
277 2565 363 2606 suae,
385 2547 478 2621 ratio,
521 2546 615 2606 libere
655 2558 686 2605 et
725 2545 815 2606 domo
858 2564 910 2604 sua
950 2556 981 2604 et
1018 2542 1207 2605 facultatibus

73 2643 143 2685 usus
173 2633 226 2683 est
276 2621 414 2682 Telonio'
432 2623 548 2704 quidem
573 2622 736 2685 valedicere
761 2620 909 2702 oportuit,
938 2621 1005 2701 quia
1030 2617 1090 2680 illie
1115 2639 1207 2680 occu·

73 2709 160 2781 patus
191 2697 303 2760 Christi
339 2718 441 2760 comes
480 2721 542 2760 non
581 2700 690 2760 suisset
753 2697 927 2760 Convivium
966 2717 1103 2780 magnum
1142 2716 1206 2766 nou

72 2788 149 2846 tem¹
167 2775 204 2836 ed
234 2775 479 2842 discumbentium
507 2777 639 2849 turbam,
679 2797 765 2856 quam
797 2775 832 2836 ed
864 2773 998 2835 ciborum
1028 2773 1143 2868 copiam
1173 2783 1209 2835 et
1234 2831 1237 2837 ,

72 2852 431 2934 splendoremresertnr:
463 2875 530 2915 nam
563 2855 712 2916 Christum
744 2851 850 2914 scimus
879 2873 941 2912 non
972 2871 1007 2911 ea
1037 2850 1126 2912 luisse
1154 2870 1206 2911 nu-

525 654 593 694 ucas
618 653 685 694 enm
704 632 779 692 Levi
796 645 965 709 nominent,
991 648 1111 715 apparet
1133 634 1213 697 istud
1284 697 1286 702 ,
1319 639 1322 644 ’

72 2931 222 3007 steritste,
248 2929 318 3009 quin
335 2930 443 3012 *pessus
467 2932 521 3006 sit,
544 2931 692 2992 interdum
716 2949 748 2990 se
773 2927 948 2990 adivitibns
974 2927 1079 2989 lautius
1098 2925 1204 3019 recipi,
1297 2982 1301 2987 ,
1384 2929 1385 2936 ’

72 3007 116 3068 rie
138 3019 238 3068 tamen
263 3017 296 3066 ut
326 3007 451 3069 luxuries
482 3009 606 3070 obesset
655 3008 774 3090 Interea
803 3026 865 3066 non
897 3004 1017 3092 dubium
1049 3015 1094 3066 est
1121 3024 1206 3083 quin,

72 3095 106 3144 ut
135 3085 199 3166 ipse
226 3084 374 3165 singulare
406 3097 469 3146 erat
497 3085 710 3164 temperantiae
735 3103 815 3143 exem
838 3081 914 3157 lum,
939 3081 980 3142 ita
1003 3101 1072 3142 suos
1100 3079 1204 3159 bospi-

70 3171 116 3222 tes
147 3159 185 3221 ad
208 3159 352 3241 frugalem
387 3174 417 3222 et
454 3163 634 3222 mediocrem
674 3161 785 3222 rictum
817 3103 952 3219 bortatur
987 3157 1038 3218 sit:
1076 3156 1207 3247 lputitias

7 3279 9 3298 .
72 3237 192 3376 <pridem
211 3237 344 3328 prpfusas
364 3249 395 3299 et
413 3237 567 3374 dissolutep
586 3259 734 3373 nunquarp
743 3232 1015 3371 hulisset.fl=Quod
1034 3233 1107 3370 diqpt
1125 3233 1204 3370 Meti

71 3325 1133 3524 lt‘ltdttttt‘tillem‘tt‘intfflttttmtssttptdtt
1146 3330 1203 3470 ilis
1256 3373 1261 3380 ‘

71 3468 162 3560 vulgo
183 3467 261 3535 exosi
281 3478 312 3526 et
330 3466 469 3547 probrosi
491 3467 601 3542 locent,
622 3487 683 3528 non
702 3465 905 3528 abhorrebant
924 3487 940 3526 a
960 3476 988 3524 ta
1001 3463 1061 3524 iutn
1076 3482 1203 3524 consue-

70 3545 190 3605 tudine:
210 3565 277 3603 nam
296 3543 383 3604 sicuti
401 3545 516 3606 modice
537 3543 683 3606 correctio
703 3542 817 3622 pudore
838 3541 969 3603 humiliat
987 3561 1039 3612 eos
1060 3542 1110 3630 qui
1130 3559 1202 3620 pec·
1229 3619 1234 3630 ι

73 3632 194 3697 cerunt,
219 3619 263 3678 ita
286 3621 374 3680 nimia
401 3622 540 3683 severitas
561 3619 701 3701 quosdam
722 3619 757 3679 ed
784 3619 1019 3698 desperationem
1038 3626 1136 3707 cogit,
1167 3624 1202 3674 ut

60 3696 155 3759 *omni
186 3695 301 3777 pudore
332 3717 451 3759 excusso
477 3698 513 3758 ad
545 3696 758 3778 turpitudinem
783 3715 815 3756 se
839 3695 1006 3776 prolicient.
1042 3690 1202 3750 Tubulum

72 3786 122 3836 eut
139 3771 265 3912 veetipal
286 3772 401 3854 exigere
420 3771 533 3834 nullum
554 3786 617 3834 erat
635 3771 744 3834 scelus:
769 3768 821 3832 sed
841 3793 930 3852 quum
954 3791 988 3832 se
1011 3767 1095 3828 reiici
1117 3766 1201 3827 vide·
1288 3839 1289 3842 Ἴ
1310 3847 1313 3861 ‚
1384 3819 1385 3840 ,

72 3862 140 3911 rent
158 3849 218 3932 pnb
233 3849 309 3911 iconi
330 3851 409 3930 quasi
429 3851 570 3932 profanos
590 3860 621 3909 et
641 3847 839 3923 detestabiles,
857 3847 992 3912 solatium
1012 3841 1156 3925 petebant
1167 3853 1201 3902 ex

73 3947 176 3987 eornm
196 3927 421 4006 consuetudine,
442 3927 492 4007 qui
511 3927 625 3988 sinistre
644 3925 718 3986 lema
737 3924 906 3990 laborantes
917 3924 956 3986 ob
970 3939 1127 3982 commune
1147 3919 1202 3979 de-

73 4002 160 4064 decus
183 4023 234 4065 eos
253 4023 315 4065 non
335 4005 524 4086 spernebant.
561 4005 680 4063 Interes
694 4022 725 4063 se
736 3999 899 4064 miscebant
909 3998 1058 4073 adulteris,
1078 3995 1201 4087 ebriosis

73 4091 103 4138 et
121 4078 276 4155 similibus,
298 4101 422 4161 qnorum
442 4082 553 4142 scelera
571 4079 804 4160 improbassent,
824 4091 855 4138 et
874 4077 979 4158 quibus
1000 4073 1124 4165 luissent
1143 4071 1201 4132 dis·

71 4153 193 4292 sigiles,
229 4157 285 4220 nisi
316 4158 437 4239 publico
470 4157 540 4218 odio
569 4168 601 4216 et
631 4154 747 4238 repulsa
779 4155 837 4217 hue
866 4151 1048 4214 necessitatis
1077 4150 1202 4241 luissent

70 4249 88 4291 a
124 4243 173 4293 etr.
389 4267 396 4275 -
854 4277 859 4284 .
1077 4281 1081 4288 .

146 4307 250 4371 Mettba
270 4317 317 4376 11.
358 4311 421 4376 Gur·
444 4333 509 4373 eum
528 4307 698 4388 'publiceris
721 4309 865 4370 uescitur?
905 4302 1015 4366 Christi
1041 4301 1112 4365 disci
1134 4301 1211 4366 ulos·
1245 4353 1250 4370 .
1306 4305 1316 4314 “

70 4377 244 4450 adoriuntur
263 4388 385 4469 scribae,
404 4399 548 4472 atquem
566 4385 813 4472 sddelectionem
832 4379 1003 4466 sollicitent,
1022 4325 1201 4479 exprobrspt

1115 4499 1119 4506 r
