2816 4746
199 271 238 338 ts
585 235 825 326 'romanum
844 229 945 323 vna
1054 343 1057 350 .
1147 219 1152 226 ’

199 421 235 476 ιιι
262 418 381 476 contra„
398 407 488 489 magis
522 405 683 472 efferretur
718 404 851 486 adeoque
872 415 996 486 promul
1022 418 1199 486 erumperet
1237 407 1332 468 Erant

197 485 278 552 anim
298 477 403 552 ducem
422 483 501 549 need
519 483 702 549 vanissimum
722 483 850 562 quidem,
869 481 920 547 sed
938 481 1076 549 audacem
1094 495 1128 548 et
1144 483 1330 550 ambitiosum

198 560 340 656 imprimis
366 570 466 640 (quern
485 560 593 624 iccirco
614 559 752 626 Calvinus
773 557 890 628 Comici
916 557 1050 620 Caesaris
1071 560 1191 620 nornine
1215 561 1252 622 iu
1272 562 1330 622 suis

198 637 339 719 epistolis
359 637 518 720 designat),
537 635 696 699 Atuadeutn
717 634 872 695 Petrinum
899 633 1035 709 nomine,
1060 633 1119 698 boc
1145 637 1232 704 etiam
1257 637 1329 704 iam-

198 716 312 797 pridem
341 726 571 794 consequutum,
601 723 634 772 ut
662 710 815 773 Generalis
843 710 1019 789 capitaneus
1051 712 1154 805 populi
1186 713 1330 796 suffragiis

197 803 357 856 crearetur.
395 789 424 850 Is
444 802 521 854 ratus
535 789 570 862 vid,
591 787 671 868 quod
691 807 737 854 res
757 797 835 860 erat,
859 798 935 848 stare
956 807 990 847 rc
1004 807 1119 867 ,surque
1138 789 1261 864 similes,
1287 791 1330 850 ri.

137 879 139 902 '
258 867 337 932 tibus
363 866 479 949 legibus
500 887 553 948 ‚aet
575 862 755 946 praesertim«
771 862 895 932 Calvino
921 863 1033 927 assidue
1058 864 1193 927 adversus
1226 887 1328 930 eorum

196 889 345 1006 ffiiviam
366 943 541 1016 detonante,
561 953 625 1004 non
644 960 744 1020 posse,
762 939 881 1001 tandem
902 941 972 1022 quid
991 961 1049 1001 una
1070 963 1136 1002 curn
1157 942 1215 1010 suis
1234 943 1329 1003 medi-

195 1032 309 1086 taretur
373 1031 435 1084 erte
461 1019 518 1084 boc
537 1038 615 1080 auno
635 1017 763 1096 prodere
782 1020 891 1098 coepit.
931 1016 1022 1091 Quod
1043 1035 1132 1096 quum
1148 1019 1329 1086 animadver-

174 1041 371 1160 'sum'sirndl
382 1116 416 1158 ac
435 1113 600 1175 repressum
619 1091 721 1158 fuisset
741 1091 919 1154 Senatorum
939 1095 1130 1168 auctoritate,
1154 1095 1328 1176 tacuitipse

194 1173 330 1254 quidem,
355 1173 406 1234 sed
423 1171 471 1232 ,ita
491 1182 524 1234 ut
547 1191 615 1236 mor
639 1170 766 1306 apertius
786 1169 958 1250 improbitas
978 1189 1041 1231 sese
1060 1170 1209 1252 proderet.
1248 1173 1327 1234 Ecce

193 1250 274 1314 enim
299 1247 386 1330 paulo
411 1259 479 1328 pott
505 1267 541 1310 ea
562 1247 626 1327 ipso
671 1259 758 1308 enatu
779 1247 895 1325 quidam
922 1247 954 1306 in
974 1245 1125 1308 bominum
1146 1260 1237 1314 coetu
1258 1253 1325 1312 satis

194 1326 344 1406 fneqnenti
355 1323 562 1386 Calvinum-ut
581 1323 652 1384 falsa
671 1321 828 1384 docentem
848 1323 980 1404 corripit,
1000 1344 1017 1382 a
1037 1323 1152 1384 dnobus
1173 1345 1206 1384 ex
1225 1337 1327 1405 pasto-

193 1424 260 1464 rum
280 1400 407 1483 collcgio
425 1401 471 1474 (ut
490 1400 683 1477 existimatur)
695 1397 1028 1480 clanculumimpulsus,
1048 1399 1167 1464 ebrioso
1188 1413 1325 1481 utroque,

194 1499 251 1540 nec
279 1477 376 1538 miuus
405 1498 491 1557 quam
518 1475 627 1537 caeteri
647 1477 833 1540 severitatem
861 1475 959 1558 legum
983 1487 1143 1547 metuente.
1182 1477 1221 1538 Et
1246 1477 1325 1540 bunc

191 1554 476 1634 quidem-latratum
489 1553 638 1619 ¹Calvinus
651 1552 734 1613 vnilrIl
761 1564 805 1614 cst
829 1564 967 1614 moratus.
1007 1553 1139 1630 locatur
1156 1566 1254 1614 tamen
1275 1555 1325 1622 ille
1355 1605 1357 1610 .

188 1632 224 1692 i'u
247 1631 308 1704 ius,
321 1642 324 1650 ’
339 1631 515 1712 cognitaque
542 1650 625 1696 causa
653 1649 687 1688 ex
707 1629 970 1692 xsenatusconsulto
996 1621 1133 1700 infamiae
1146 1625 1323 1708 dannatur,

193 1707 403 1788 coniunctique
428 1707 486 1768 duo
510 1706 555 1770 illi
580 1704 643 1778 falsi
666 1717 798 1784 pastores
824 1716 1065 1781 exauctorantur,
1096 1705 1216 1788 ipsaque
1246 1708 1322 1778 adeo

191 1783 352 1864 oenopolia
371 1785 487 1863 penitus
506 1781 739 1858 interdicuntur,
757 1793 872 1846 tantum
893 1781 976 1846 abest
995 1793 1028 1842 ut
1047 1781 1191 1846 malorum
1210 1783 1322 1865 impro

100 1877 104 1884 “
192 1859 267 1952 bites
282 1862 442 1940 ,quicquam
463 1857 608 1920 valrr'erit.¹
655 1895 670 1912 ·.
702 1897 713 1908 ..

267 2014 380 2090 (1547.)
402 2013 596 2088 Quodautem
609 2009 778 2072 incendium
786 2009 843 2072 hoc
853 2029 932 2072 anno
944 2019 1109 2091 repressum
1115 2010 1263 2087 fuerat,e0
1272 2015 1322 2092 qni

191 2089 481 2170 moximevsequutm
502 2100 560 2164 est,
584 2107 690 2168 nempe
710 2087 933 2168 quadragesimo
951 2088 1078 2168 septimo
1102 2090 1321 2170 suprasesqui-

189 2163 385 2236 millesimum,
404 2187 522 2257 prorsus
535 2166 649 2245 erupit,
669 2183 724 2226 nec
744 2163 822 2224 aliud
841 2176 957 2244 tempus
978 2165 1152 2226 eosaeculo
1164 2167 1256 2247 ,magis
1269 2188 1318 2226 ca-

189 2241 355 2304 lamitosum
374 2243 493 2316 incidit,
518 2240 702 2302 Germanicis
723 2241 809 2301 etiam
840 2240 967 2302 ecclesiis
988 2261 1025 2300 eo
1045 2241 1187 2316 redactis,
1210 2255 1243 2302 ut
1262 2265 1319 2303 una
1350 2282 1352 2286 -

189 2339 264 2409 curn⁸
275 2317 447 2400 proceribus
468 2330 498 2380 et
517 2318 638 2383 urbibus
657 2318 762 2399 partim
782 2338 845 2388 sese
864 2315 942 2378 ultro
962 2317 1146 2393 dedentibus,
1165 2319 1271 2411 partim
1291 2322 1319 2380 vi
1339 2379 1345 2390 s

188 2407 294 2476 captia,
314 2417 381 2460 uno.
394 2407 547 2458 momento
567 2415 699 2456 eversum
718 2394 867 2458 videretur
886 2395 1024 2530 puicquid
1045 2406 1091 2456 tot
1109 2415 1191 2460 anuis
1215 2397 1319 2458 tantis-
1391 2421 1392 2450 ι

189 2493 248 2551 que
267 2473 418 2536 laboribus
444 2484 620 2538 exstructum
646 2472 756 2545 luerat,
781 2471 859 2552 iique

188 2547 382 2624 haberentur,
407 2571 481 2629 quos
502 2551 562 2612 istis
582 2547 755 2612 tumultibus
775 2548 945 2628 tempestiva
964 2569 1043 2608 mors
1064 2561 1238 2627 eripuisset.-
1294 2549 1317 2610 is

907 2491 1003 2534 emum
1029 2470 1111 2562 beati
1129 2492 1156 2562 a⁸
1170 2470 1259 2553 pleris
1282 2491 1319 2533 ue
1389 2491 1391 2550 ι

186 2624 310 2703 publicis
329 2637 377 2685 tot
394 2625 581 2692 ecclesiarum
602 2615 810 2690 calamitatibus
827 2637 1013 2716 quantopere¹
1032 2623 1111 2716 pium
1131 2623 1201 2684 illud
1215 2637 1316 2704 pectus
1388 2645 1389 2670 ³

185 2701 346 2766 cruciatum
365 2701 600 2774 existimabimus,
620 2721 680 2760 non
701 2701 785 2768 aliter
804 2713 891 2760 etiam
911 2723 942 2760 in
962 2701 1058 2761 media
1075 2719 1148 2781 pace
1167 2701 1197 2760 in
1219 2701 1317 2762 eccle-

186 2776 241 2836 sias
266 2777 454 2855 quantumvis
481 2789 606 2840 remotas
623 2777 787 2851 affectum,
817 2797 903 2856 quam
926 2777 951 2836 si
974 2783 1080 2838 omnes
1101 2777 1163 2838 illas
1185 2777 1316 2841 bumeris

187 2851 338 2944 impositas
363 2853 518 2935 gestaretd·
545 2853 630 2928 Quid
655 2851 745 2912 uero?
785 2851 887 2926 Quum
906 2872 1034 2914 summos
1058 2853 1125 2916 illos
1144 2855 1221 2926 uiros
1241 2877 1315 2936 quos

183 2929 370 2990 amicissimos
384 2929 669 3009 habuitPhilippum
689 2927 766 3004 dico,
786 2929 942 3004 Bucerum,
962 2930 1123 3010 Martyrum
1143 2932 1256 2992 videret
1273 2934 1314 2992 ita

180 3005 401 3140 periclitantes,
421 3018 455 3070 ut
479 3007 567 3069 morti
588 3027 673 3084 quam
694 3005 769 3067 vitae
785 3005 947 3142 propiores
968 3019 1081 3083 essent,
1105 3009 1221 3088 quantis
1247 3028 1313 3071 cum

204 3082 335 3142 oloribus
355 3083 553 3145 conflictatum
569 3081 756 3164 putabimus?
812 3083 956 3145 ortissimo
976 3095 1074 3144 tamen·
1095 3085 1192 3146 animo
1214 3085 1313 3148 Calvi-

181 3179 253 3222 num
272 3171 460 3240 tempestates
480 3161 545 3224 istas
561 3178 730 3239 superasse,
753 3170 816 3221 tum
834 3159 924 3238 ipsius
942 3158 1049 3240 scripta
1069 3172 1230 3237 testantur,
1249 3175 1312 3230 tum
1381 3175 1382 3205 t

182 3233 336 3298 etiam-res
356 3237 419 3317 ipsa
439 3235 658 3316 cornprobavit,
678 3257 767 3372 aprum
788 3235 867 3300 dorni
887 3236 981 3296 multo
1000 3236 1092 3298 acrius
1113 3239 1151 3298 ab
1168 3239 1311 3320 improbis
1380 3243 1381 3280 l

180 3323 297 3375 uexatus
315 3334 369 3374 suo
389 3324 486 3374 umen
507 3333 541 3372 ex
559 3313 610 3374 illo
625 3333 682 3395 gra
703 3337 722 3374 ιι
742 3311 810 3392 ipsis
825 3334 868 3374 ue
880 3313 1027 3376 tantillum
1048 3314 1165 3394 quidem
1177 3317 1310 3385 ¹cesserit.

180 3388 286 3526 ialal-lm
306 3401 339 3454 ut
358 3390 393 3450 ad
414 3389 574 3454 domestica
593 3390 751 3452 certamina
770 3389 897 3464 redeam,
917 3411 1006 3470 quum
1025 3391 1055 3450 in
1076 3411 1113 3452 eo
1132 3404 1311 3468 consessu,
1378 3385 1379 3432 l

256 3466 429 3548 ,vangeliuna
454 3468 534 3546 quod
559 3467 749 3532 annuntiabat
773 3467 943 3531 ostenderet
969 3467 1087 3532 non'in
1110 3468 1310 3548 speculatione

181 3540 321 3620 quadam,
341 3544 391 3604 sed
411 3545 441 3604 in
461 3547 523 3624 ipsa
543 3543 709 3608 Christiana
728 3543 785 3605 vita
805 3544 934 3624 positum
954 3564 1032 3619 esse,
1060 3542 1158 3604 hostes
1184 3566 1235 3610 eos
1256 3567 1310 3606 ne·
1376 3547 1377 3584 l

177 3619 304 3684 cessario
328 3639 360 3680 er
383 3632 462 3681 crtus
488 3631 546 3695 est,
561 3619 621 3700 ‹qni
641 3620 722 3680 omni
747 3620 849 3699 pietati
867 3642 900 3681 ac
926 3619 1084 3694 honestati,
1103 3609 1162 3701 ipsi
1176 3621 1308 3702 ‘denique

113 3733 121 3740 -
178 3641 417 3774 patriae-bellium
432 3697 609 3760 indixerant.
640 3697 759 3758 *Eorum
779 3709 812 3756 ut
837 3711 906 3757 ante
927 3697 1051 3764 diximus,
1066 3702 1151 3760 l'acile
1171 3700 1308 3779 princeps

1373 3587 1376 3659 l

1372 3691 1375 3735 l

132 3773 137 3780 '
177 3783 242 3832 erat
260 3772 400 3835 Petrinus
423 3772 489 3849 ille,
517 3793 606 3852 quum
632 3793 666 3834 ea
692 3785 754 3840 tum
781 3785 857 3834 esset
882 3787 911 3836 et
934 3773 1010 3836 illius
1036 3786 1066 3836 ct
1089 3797 1209 3836 suorum
1233 3797 1307 3838 con·
1351 3763 1374 3828 l

177 3848 269 3923 ditio,
293 3859 327 3910 ut
350 3849 441 3913 et.ab
467 3850 536 3930 ipsis
558 3862 689 3916 ,extrema
709 3849 825 3930 quaevis
849 3847 989 3918 tentanda
1009 3863 1172 3927 constaret,
1199 3863 1228 3912 et
1251 3855 1307 3914 im·
1370 3837 1373 3892 l

107 3929 109 3940 '
175 3925 265 4004 probi
283 3938 384 4064 aperte
404 3926 562 4001 instarent,
582 3939 615 3986 ut
635 3927 671 3985 dc
695 3927 826 4006 ipsorum
852 3927 969 4010 flagitiis
989 3929 1120 4011 cognitio
1142 3929 1306 4010 aPresby-

162 4003 288 4072 terina
328 4002 476 4066 Senatum
488 4003 705 4068 transferretur.
743 4003 964 4084 Presbyterium
991 4025 1025 4064 ex
1049 4007 1170 4067 adverso
1197 4026 1305 4088 urgere

171 4079 297 4167 pancitas
323 4078 360 4138 de
385 4078 578 4144 ecclesiastica
602 4079 754 4164 disciplina
779 4079 858 4162 leges
884 4080 975 4148 verbo
1000 4082 1057 4144 Dei
1083 4093 1305 4159 consentaneas,
1368 4131 1369 4134 ,

174 4154 328 4235 ipsiusque
342 4157 562 4222 adnotarunt
577 4175 670 4237 opem
690 4156 863 4236 implorare,
889 4179 927 4218 ne
948 4159 1017 4238 quid
1038 4158 1303 4222 detrimenti'acci-
1361 4193 1368 4238 ῃ

171 4243 257 4306 peret
286 4233 429 4294 ecclesia..
455 4227 600 4299 indicavit
618 4233 758 4308 Senatus,
789 4246 864 4294 ratas
895 4255 957 4298 esse
988 4235 1193 4301 ecclesiasticas
1220 4237 1328 4316 leges·
1366 4239 1368 4300 J

65 4381 68 4388 Ι
171 4310 473 4392 oportere,·illudque
492 4331 524 4370 re
543 4311 606 4390 ipsa
624 4310 816 4374 confirmavit.
847 4309 899 4380 ‚dc
924 4313 1044 4374 tandem
1070 4335 1160 4392 quum
1175 4312 1230 4372 ille
1250 4335 1301 4374 sua
1365 4343 1366 4348 ¹

169 4383 286 4450 audacia
306 4406 369 4453 sese
393 4388 424 4451 iu
443 4399 603 4455 alternum
628 4387 784 4452 discrimen
809 4389 1002 4472 coniecisset,
1022 4391 1114 4453 exitus
1138 4389 1237 4456 totius
1255 4393 1300 4453 rei
1364 4453 1365 4490 ,
