2808 4748
209 219 267 284 tat
292 161 296 178 ·
457 219 462 228 '
659 211 813 276 secato
833 213 886 274 Vl.

210 360 299 422 etiam
316 379 350 422 us
394 377 410 420 e
428 357 465 421 ad
483 357 654 440 patrimonii
674 358 898 421 diminutionem
919 370 949 420 et
969 378 1106 442 agrorum
1127 354 1345 420 alienationem

210 454 243 500 se
262 449 346 499 exten
369 449 407 498 at.
492 475 496 482 ·

96 499 99 514 ’
214 541 217 552 ·
286 521 335 582 21.
379 511 436 574 Utt
457 513 559 596 suerit
585 509 737 574 rtem
765 527 863 574 vestm
915 511 981 575 Hac
1011 511 1157 574 sententia
1187 513 1346 573 convincit

211 592 356 666 Christus,
375 593 499 652 miseros
518 609 581 651 esse
599 591 750 668 homines,
771 591 821 671 qui
840 591 992 652 thesauros
1011 611 1079 650 suos
1098 591 1128 650 iu
1147 601 1227 650 terra
1247 611 1343 670 repo-

211 672 285 731 sitos
308 669 433 730 habent:
459 665 527 747 quia
552 668 663 728 scilicet
688 668 795 729 caduca
819 667 857 728 sit
882 679 913 728 et
937 668 1057 730 evanida
1083 687 1184 728 eorum
1204 665 1342 727 felicitas.

210 749 330 830 Negant
353 743 431 806 enim
457 763 488 804 se
511 743 647 824 impediri
665 745 758 820 avari,
785 745 942 824 quominus
965 745 1055 804 corde
1074 743 1105 802 iu
1125 743 1242 804 coelum
1264 743 1342 824 aspi·

211 837 290 900 rent,
309 822 368 904 scd!
381 820 514 882 Christus
533 821 643 880 axioma
664 840 703 900 op
726 821 806 894 onit,
831 821 911 900 quod
932 821 1098 901 ubicunque
1117 839 1264 880 summum
1286 820 1340 880 bo-

212 899 438 970 numhomines
458 915 520 958 esse
538 897 668 978 fingunt,
693 843 753 958 illic
775 897 834 956 sint
858 899 896 958 im
920 895 992 957 liciti
1004 908 1043 958 ,ct
1060 897 1146 956 affixi.
1192 897 1277 957 Hinc
1296 917 1339 957 se-

183 1041 185 1046 ,
213 979 326 1060 quitur,
345 973 431 1037 coelo
450 973 620 1035 renuntiare
639 972 690 1052 qui
710 972 740 1032 iu
760 974 873 1036 mundo
892 919 991 1036 filices
1011 994 1073 1034 esse
1091 985 1241 1054 appetunt.
1277 974 1339 1034 Sei·

213 1077 294 1129 mus,
319 1073 406 1146 quam
425 1061 559 1111 accurate
579 1049 753 1130 disputarint
767 1049 939 1144 philosophi
959 1051 1127 1113 desummo
1153 1050 1253 1111 bo'uo:
1281 1051 1338 1110 imo

212 1134 273 1194 hoe
292 1130 349 1190 llln
368 1129 556 1210 praecipuum
575 1125 631 1186 fuit
649 1137 746 1206 eaput,
765 1149 796 1186 ιιι
818 1148 877 1208 quo
896 1128 1046 1203 sudarunt,
1065 1146 1161 1208 neque
1179 1127 1340 1202 immerito,

235 1205 453 1286 nandoquidem
475 1215 540 1266 tota
563 1203 633 1264 iude
656 1204 734 1264 vitae
760 1204 932 1266 formandae
956 1205 1032 1266 ratio
1059 1203 1221 1284 dependet,
1253 1216 1340 1284 atque

213 1231 272 1350 huc
291 1284 461 1345 referuntur
473 1299 575 1340 omnes
594 1300 704 1341 sensus.
743 1280 778 1342 Si
787 1292 923 1342 censetur
941 1281 1037 1342 honos
1056 1303 1198 1342 summum
1217 1279 1340 1352 bonurn

213 1367 335 1425 uecess'e
355 1369 413 1432 est,
432 1367 476 1447 ‘ut
499 1369 613 1418 mentes
637 1356 774 1419 humanas
794 1357 910 1451 penitus
931 1353 1057 1440 occupet
1076 1357 1212 1418 ambitio:
1243 1357 1270 1416 si
1289 1377 1338 1438 pe-

216 1441 336 1510 cuniae,
364 1433 481 1494 avaritia
500 1433 636 1513 protinus
655 1455 780 1516 reguum
800 1436 931 1495 rnvadet:
960 1436 984 1496 si
1008 1434 1159 1515 voluptas,
1188 1433 1254 1492 fieri
1281 1455 1336 1494 non

214 1513 336 1600 poterit,
357 1508 576 1592 quinhomines
596 1511 631 1571 ad
652 1511 768 1571 brutam
788 1511 999 1596 indulgentiam
1020 1512 1209 1594 degenerent
1248 1512 1338 1572 Natu-

213 1593 314 1654 raliter
333 1588 411 1647 enim
433 1607 535 1649 omnes
555 1587 591 1648 ad
611 1588 804 1670 expetendum
826 1588 937 1650 bonum
958 1588 1092 1648 ferimur:
1112 1588 1152 1648 ita
1171 1587 1214 1662 fir,
1233 1600 1271 1648 ut
1289 1609 1338 1646 nos

213 1668 303 1728 falsae
328 1664 552 1746 imaginationes
575 1664 633 1724 buc
657 1665 728 1724 illuc
752 1664 904 1746 abripiant.
950 1665 1066 1740 Quodsi
1089 1663 1175 1724 nobis
1198 1665 1295 1744 probe
1314 1675 1339 1722 et

214 1743 298 1808 serio,
317 1761 485 1822 persuasum
512 1752 604 1816 esset,
635 1740 806 1804 felicitatem
829 1754 957 1802 nostram
982 1743 1012 1802 in
1037 1741 1123 1802 coelo
1150 1759 1227 1815 esse,
1257 1741 1339 1802 facilc

195 1830 306 1894 esset,
325 1817 436 1881 calcato
457 1817 567 1878 mundo
589 1817 791 1898 despectisque
810 1820 935 1879 terrenis
956 1819 1043 1898 bonis
1062 1821 1203 1898 (quorum
1223 1818 1337 1878 fallaces

213 1881 373 1958 illecebrad
392 1894 532 1954 maiorem
553 1893 704 1953 hominum
726 1905 839 1974 partem
859 1894 1015 1974 fascinant)
1028 1895 1058 1955 in
1074 1894 1185 1955 coelum
1200 1916 1337 1955 conscen-

215 1975 295 2036 dere.
334 1972 398 2032 Hac
418 1971 533 2044 ratione
552 1970 677 2046 Paulus,
703 1971 771 2030 dum
796 1973 827 2030 in
852 1971 976 2032 sublime
996 1969 1131 2031 attollere
1155 1970 1218 2032 vult
1242 1971 1337 2032 fideles

215 2061 248 2112 et
266 2049 378 2110 hortari
398 2047 433 2108 ad
453 2047 587 2108 coelestis
605 2047 683 2108 vitae
704 2047 849 2124 studium,
877 2048 934 2108 illis
956 2047 1105 2110 Christum
1151 2050 1288 2128 reponit,
1311 2049 1337 2107 in

216 2148 276 2210 quo
295 2127 360 2187 solo
381 2124 548 2204 quaerenda
568 2135 612 2184 est
630 2123 722 2184 solida
741 2122 879 2186 felicitas:
898 2126 956 2187 acsi
976 2125 1096 2200 diceret,
1115 2068 1269 2186 absurdum
1282 2143 1339 2184 esse

216 2216 248 2265 et
265 2204 429 2286 iudignum,
447 2213 482 2262 ut
500 2202 532 2262 in
551 2212 629 2262 terta
647 2197 800 2266 subsidant
811 2222 916 2264 eorum
928 2203 1051 2278 animae,
1070 2222 1195 2282 quorum
1215 2204 1244 2262 in
1255 2197 1336 2264 ‘coelo

217 2293 263 2346 est
279 2281 441 2343 thmaucus.

259 2579 338 2655 (58.)
380 2575 552 2641 ΜΑΤΤΗ.
571 2574 627 2638 vt
669 2575 721 2640 22
746 2574 897 2640 Lucerna
915 2574 1069 2660 corporis
1092 2583 1139 2638 est
1160 2571 1288 2640 oculus:
1313 2575 1337 2634 si
1379 2568 1381 2652 ἶ

216 2679 314 2762 igitur
335 2673 450 2738 oculus
470 2684 544 2738 tuus
560 2670 695 2758 simplex
715 2673 823 2756 fuerit,
841 2685 944 2740 totum
965 2695 1082 2760 corpus
1098 2683 1187 2737 tuum
1201 2672 1339 2738 lucidum
1379 2663 1380 2674 ¹

218 2778 289 2842 erit.
328 2775 380 2838 23.
412 2771 543 2858 Quodsi
574 2768 689 2837 oculus
720 2780 795 2836 tuus
823 2773 927 2838 malus
956 2775 1067 2854 fuerit,
1095 2784 1195 2840 totum
1227 2794 1341 2860 corpus
1379 2777 1380 2838 ι

216 2885 306 2940 tuum
327 2871 537 2940 tenebrosum
559 2872 629 2938 erit.
674 2858 766 2956 Ergo
783 2873 811 2936 si
831 2872 957 2954 lumen,
987 2874 1078 2962 quod
1104 2886 1152 2940 est
1171 2878 1205 2939 in
1224 2852 1275 2953 le,
1301 2885 1342 2940 te-

194 2969 342 3042 nebrae
370 2984 458 3051 suut,
493 2977 585 3060 ipsae
618 2970 775 3040 tenebrae
803 2981 964 3060 quantae?
1016 2976 1067 3040 24.
1103 2975 1208 3040 Nemo
1238 2986 1343 3060 potest
1378 2989 1379 3024 ἐ

218 3069 348 3140 duobus
370 3073 509 3142 dominis
534 3075 670 3142 servire:
696 3084 752 3139 aut
772 3079 857 3142 enim
876 3076 963 3142 huuc
980 3075 1114 3143 habebit
1131 3076 1225 3154 odio,
1246 3087 1281 3142 et
1302 3077 1342 3142 al·
1378 3043 1379 3093 l

215 3183 320 3242 terum
345 3173 468 3260 diliget,
489 3184 545 3242 aut
564 3174 641 3240 huie
658 3174 856 3256 adhaerebit
876 3187 910 3243 ct
929 3177 1064 3245 alterum
1081 3177 1228 3265 negliget.
1269 3177 1342 3243 Non
1377 3169 1378 3230 l

215 3276 353 3362 potestis
373 3274 449 3342 Deo
471 3277 593 3341 servire
616 3286 649 3342 et
669 3299 877 3344 mammonae.
928 3331 930 3338 ,
1376 3235 1378 3346 l

301 3423 404 3491 LUC.
425 3427 478 3490 XI.
520 3427 574 3492 34.
595 3427 745 3494 Lucerna
759 3431 906 3516 eorporis
920 3441 969 3494 est
982 3430 1109 3498 oculus:
1133 3450 1229 3518 quum
1248 3431 1342 3516 igitur

218 3523 333 3594 oculus
353 3535 427 3590 tuus
448 3525 546 3592 fucrit
566 3528 713 3620 simplex,
739 3541 841 3596 totum
863 3547 994 3621 quoque
1020 3553 1137 3619 corpus
1158 3542 1245 3597 tuum
1265 3531 1342 3597 luci·
1372 3569 1377 3597 ι

218 3627 296 3696 dum
319 3629 396 3694 erite
419 3626 538 3713 quodsi
558 3630 661 3698 malus
681 3632 796 3710 fuerit,
824 3636 919 3698 etiam
940 3625 1057 3719 corpus
1077 3645 1166 3701 tuum
1195 3631 1341 3698 tenebro—
1375 3639 1376 3652 ¹

218 3751 289 3794 aum
311 3730 379 3794 erit.
419 3729 471 3792 35.
492 3730 580 3796 Vide
594 3754 681 3820 ergo,
699 3753 742 3798 ne
764 3729 881 3811 lumen,
902 3733 991 3820 quod
1012 3737 1046 3799 iu
1067 3744 1099 3801 te
1119 3743 1174 3814 est,
1191 3733 1339 3800 tenebrae
1375 3763 1376 3798 ι

218 3832 291 3896 sint.
332 3831 383 3896 36.
400 3826 446 3928 *Si
469 3849 550 3914 ,ergo
573 3855 690 3922 eorpus
718 3844 808 3900 tuum
839 3841 938 3899 totum
968 3835 1066 3900 fuerit
1091 3834 1246 3914 lucidum,
1271 3855 1336 3900 ιιοιι
1375 3845 1376 3852 ’

217 3928 344 3996 habens
366 3928 507 4016 aliquam
528 3946 652 4022 partem
673 3935 895 4014 tenebrosam,
922 3938 983 4000 erit
1003 3935 1144 4002 lucidum
1170 3947 1281 4015 totum,
1307 3945 1340 3998 ut
1374 3957 1375 3976 ι

219 4039 319 4114 quum
340 4027 475 4096 lucerna
496 4031 623 4118 fulgore
645 4035 804 4102 illuminat
823 4047 874 4115 te.
913 4033 999 4102 XVI.
1035 4036 1084 4102 13.
1110 4034 1215 4102 Nemo
1234 4057 1338 4102 servus

218 4103 328 4212 polest
349 4131 478 4200 dnobus
506 4133 645 4202 dominis
666 4141 803 4203 servire:
837 4147 891 4204 ant
919 4140 1003 4203 e'nim
1028 4160 1126 4204 uuum
1150 4138 1228 4204 odio
1247 4135 1339 4202 habe·
1372 4141 1374 4240 l

129 4279 132 4302 .
219 4221 283 4304 hii»
300 4229 349 4295 'et
369 4231 504 4304 alterum
526 4235 654 4323 diliget,
685 4249 739 4304 aut
757 4241 819 4322 uni
837 4237 1038 4317 adhaerebit,
1064 4252 1096 4305 et
1117 4238 1248 4304 alterum
1267 4259 1340 4302 con-

161 4365 164 4378 .
220 4329 349 4392 temnet.
391 4334 468 4404 Non
490 4342 625 4427 potestis
645 4339 722 4406 Deo
743 4342 866 4406 servire
888 4350 922 4406 et
940 4359 1146 4411 mammonae.
