2824 4756
71 235 73 246 '
170 247 209 308 ta
348 205 1116 334 sEc110³11jIoannrsBrarrsraenarmus.

216 387 294 470 (ta)
336 388 438 456 nuc.
459 389 482 453 1.
526 389 575 454 rs.
595 387 638 454 nt
652 399 695 465 tu,
716 410 806 476 puer,
824 365 1299 482 'empseraarusamrvooane-
1399 405 1400 418 r

173 490 233 554 ris:
268 488 409 577 praeibis
443 492 527 554 enim
558 501 632 554 ante
665 489 782 554 faeiem
809 488 943 554 Domini
976 487 1018 553 ad
1044 487 1204 574 parandas
1229 491 1309 564 vias
1400 551 1401 564 ,

176 591 263 667 eius,
305 592 354 656 77.
381 589 433 654 Ad
451 589 598 678 'dandam
624 594 789 656 scientiam
814 589 927 654 salutis
947 587 1079 676 populo
1102 591 1171 652 eius
1193 591 1227 654 in
1248 603 1301 654 re*
1400 595 1401 614 ³

175 691 328 755 missione
348 701 555 776 peccatorum
576 709 722 756 suorum:
762 691 811 755 78.
833 693 896 755 Per
915 693 1039 754 viscera
1060 689 1299 754 misericordiae
1400 677 1401 698 ³

176 788 244 853 Dei
262 793 372 868 nostri,
391 787 509 877 quihus
529 795 668 856 visitavit
687 813 748 856 nos
771 791 891 856 Oriens
913 813 951 855 ex
973 790 1058 867 alto,
1094 791 1141 853 79.
1162 791 1208 854 Ut
1228 789 1301 854 illu-

177 902 320 970 cesceret
341 893 393 970 iis,
419 876 537 978 quiin
558 889 701 957 tenebris
730 900 761 954 et
787 890 902 955 umbra
922 894 1032 957 mortis
1056 887 1230 966 sedebant,
1258 889 1301 954 ad

144 1027 147 1038 ι
178 989 365 1076 dirigendos
392 992 495 1078 pedes
518 993 709 1057 nostros-in
737 993 822 1056 viam
848 995 946 1078 pacis.
999 993 1050 1056 80.
1082 993 1168 1055 Puer
1194 1001 1301 1054 autem

177 1091 352 1170 crescebat,
373 1089 823 1179 etcorrohorabaturspiritu,
845 1102 877 1157 et
900 1104 969 1159 erat
988 1094 1023 1160 in
1042 1093 1177 1184 desertis
1197 1111 1302 1178 usque

127 1238 133 1266 r
179 1191 221 1260 ad
242 1193 327 1261 diem
348 1195 541 1262 ostensionis
563 1195 640 1270 eius¹
654 1192 741 1278 apud
756 1190 945 1264 israelitas..

254 1393 301 1451 ta
339 1385 381 1446 Et
403 1401 450 1462 tu,
475 1409 561 1462 pater.
609 1387 721 1447 lterum
745 1386 824 1448 redit
843 1386 993 1448 Zacharias
1014 1385 1049 1445 ad
1070 1385 1301 1446 commendatio-

178 1481 246 1520 nem
266 1463 376 1544 gratiae
397 1463 516 1540 Christi,
536 1463 586 1524 sed
606 1465 663 1524 hoc
683 1465 752 1528 iacit
772 1466 853 1545 quasi
874 1465 926 1525 suh
947 1464 997 1524 lilii
1017 1465 1060 1522 sui
1078 1483 1213 1543 persona,
1235 1461 1302 1520 offi-

179 1540 255 1597 cium
281 1539 423 1614 docendi,
455 1541 502 1601 cui
528 1541 685 1601 destinatus
712 1553 789 1616 erat,
819 1539 947 1616 breviter
973 1539 1121 1599 deliniens.
1172 1539 1304 1597 Tametsi

179 1617 326 1674 antemio
368 1616 466 1677 arveio
488 1630 557 1678 octo
578 1619 690 1678 dierum
713 1619 984 1679 iniante'nondum
1005 1617 1097 1675 cernit
1116 1615 1303 1696 propheticas
1349 1618 1358 1636 ⁶
1403 1659 1404 1662 ,

180 1687 275 1764 dotes,
295 1638 395 1754 oculos
415 1706 512 1754 tamen
526 1707 700 1755 convertens
721 1696 825 1754 adDei
846 1694 1003 1756 consilium
1030 1691 1109 1773 qnasi
1124 1693 1160 1750 de
1179 1711 1212 1749 re
1232 1703 1303 1751 nota
1387 1715 1404 1748 κ,

178 1766 317 1844 loquitur.
341 1770 455 1830 Vocati
464 1771 522 1830 Dei
542 1770 714 1851 prophetam
735 1772 781 1831 hic
823 1793 855 1831 ro
877 1771 988 1833 censeri
1009 1781 1039 1827 et
1057 1768 1149 1848 palam
1164 1769 1305 1849 cognosci

180 1845 329 1926 accipitur.
368 1849 430 1910 lam
449 1859 645 1928 praecesserat
665 1849 780 1924 occulta
800 1793 856 1906 hei
881 1847 1010 1906 vocatio:
1032 1844 1160 1905 restabat
1178 1857 1302 1922 tantum,

179 1930 213 1977 ut
232 1922 385 1999 patefieret
404 1923 582 1999 hominihus,
603 1925 693 2002 qualis
714 1937 797 1985 esset.
818 1993 820 1998 ¹
838 1925 915 2000 Quia
927 1945 997 1984 vero
1034 1921 1149 1982 enerale
1170 1933 1212 1980 est
1232 1942 1303 2001 pro-

178 1995 285 2074 phetae
306 2019 426 2076 nomen,
448 2021 481 2059 ex
494 1999 674 2061 revelatione
687 2002 743 2061 sibi
756 2021 809 2084 per
821 2001 965 2080 Angelum
987 1942 1072 2058 allata
1091 1999 1172 2056 illum
1185 1999 1316 2060 Christo·

179 2075 378 2153 apparitorem
403 2079 513 2137 statuit.
562 2077 696 2138 Procibe‘s
719 2093 785 2138 nate
799 2080 917 2160 saciata
935 2077 1072 2150 Domini,
1104 2075 1213 2155 inquit:
1245 2075 1304 2135 hoc

170 2162 240 2225 est,
260 2149 334 2212 hanc
353 2155 534 2232 provinciam
554 2155 669 2230 ohihis,
695 2168 728 2215 ut
746 2167 798 2215 tuo
820 2155 977 2235 praeconio
999 2163 1150 2213 cornertas
1170 2153 1303 2211 homines
1404 2157 1405 2212 i

181 2225 218 2284 ad
245 2228 418 2289 audiendum
439 2231 609 2292 Dominum.
639 2230 719 2294 'Cur
743 2244 839 2292 autem
864 2251 894 2290 se
920 2230 1100 2309 Prophetam
1125 2229 1183 2286 Dei
1208 2247 1303 2309 prope

181 2303 321 2365 consecto
341 2327 394 2366 suo
416 2329 500 2367 cursu
521 2309 648 2369 Ioannes
668 2320 731 2369 esse
756 2308 923 2391 negaverit,
956 2308 1064 2368 dictum
1090 2316 1133 2364 est
1157 2325 1209 2364 suo
1227 2305 1301 2364 'loco

178 2377 211 2514 rip
232 2379 384 2442 Ioannem.
426 2384 530 2462 Qualis
550 2399 646 2446 autem
672 2387 709 2448 sit
727 2386 781 2446 ista
800 2386 863 2446 viae
883 2384 1083 2466 praeparatio,
1103 2394 1205 2463 postea
1223 2382 1304 2443 vide-

201 2477 284 2518 nnus.
905 2481 911 2492 ’
1134 2482 1138 2496 ’

147 2547 150 2551 ’
258 2541 304 2601 77.
342 2536 401 2598 Ad
415 2535 543 2598 dandam
561 2543 708 2600 scientiam
724 2539 834 2600 solatia
874 2538 1067 2622 Praecipuum
1084 2533 1234 2615 Evangelii
1255 2553 1303 2594 ca-

181 2622 236 2692 put
255 2635 333 2673 nunc
358 2615 476 2696 attingit
495 2617 663 2691 Zacharias,
690 2618 757 2677 dum
782 2618 932 2677 scientiam
957 2614 1054 2675 salutis
1081 2613 1110 2671 iu
1134 2611 1304 2670 remissione
1405 2617 1406 2624 ’

181 2699 284 2778 peccat
306 2712 368 2749 rum
389 2694 515 2770 positam
536 2711 597 2752 esse
619 2693 714 2753 docet.
760 2689 945 2772 Nam‘quum
965 2711 1115 2756 nascamur
1133 2707 1233 2747 omnes
1252 2687 1304 2747 filii

180 2784 258 2835 rrae,
286 2711 435 2845 inquitnr,
467 2779 570 2826 natura
602 2769 752 2828 damnatos
785 2789 846 2827 esse
877 2790 909 2827 ac
940 2768 1084 2846 perditos:
1117 2765 1188 2824 haec
1211 2783 1303 2848 porro
1405 2803 1406 2816 .

177 2839 375 2901 'damnationis
396 2863 496 2916 causa,
523 2843 602 2922 q'uod
630 2844 786 2904 iniustitiae
811 2845 855 2903 rei
879 2865 985 2905 sumus.
1026 2842 1126 2915 Quare
1147 2862 1207 2899 non
1228 2839 1305 2902 aliud

183 2913 370 2996 effugiendae
390 2919 493 2979 mortis
513 2920 676 2978 remedium
690 2933 743 2993 est,
764 2921 819 2980 uisi
839 2932 872 2978 ut
891 2941 945 2981 nos
965 2918 1019 2978 sihi
1033 2921 1112 2978 llens
1132 2917 1306 2977 reconciliet

204 3004 301 3058 cecata
328 2993 414 3054 nohis
439 3017 499 3056 non
531 2996 717 3076 imputando,
747 3007 834 3076 atque
860 2997 935 3056 hanc
959 2996 1074 3058 unicam
1099 2994 1185 3053 nohis
1205 3015 1304 3056 coram

181 3013 250 3202 {eo
271 3069 406 3130 iustitiam
427 3084 552 3154 restare,
568 3093 600 3130 ex
611 3072 768 3132 Zachariae
787 3072 883 3132 verbis
905 3071 1045 3154 colligere
1065 3082 1233 3154 promptum
1252 3081 1306 3131 est.

214 3144 463 3209 attaminatus
483 3149 538 3208 nisi
559 3167 592 3208 ex
611 3148 738 3210 iustitia?
770 3149 897 3226 Quodsi
916 3149 981 3208 liliis
1001 3149 1058 3207 liei
1081 3147 1166 3207 aliam
1190 3165 1319 3224 cogam·

182 3239 264 3282 scere
283 3224 404 3284 salutem
427 3235 512 3305 quam
533 3246 566 3284 ex
586 3225 757 3284 remissione
777 3238 963 3305 peccatorum
984 3226 1026 3285 fas
1046 3245 1107 3284 non
1128 3232 1187 3299 est,
1208 3225 1306 3302 sequi-

181 3309 247 3370 tur,
277 3321 338 3360 non
358 3301 427 3360 alihi
449 3302 643 3382 quaerendam
665 3322 726 3361 esse
744 3302 891 3362 iustitiam.
931 3301 976 3360 lta
1000 3302 1123 3376 iustitia,
1152 3319 1236 3392 quarn
1257 3321 1306 3358 su-

182 3373 268 3454 perbi
288 3376 421 3438 homines
443 3399 610 3460 exoperum
630 3379 740 3439 meritis
760 3379 891 3438 conflant
911 3399 944 3438 ac
965 3377 1117 3448 fabricant,
1137 3373 1208 3435 ruhil
1228 3373 1307 3434 aliud

159 3459 227 3520 ,est
248 3473 334 3533 quam
352 3454 479 3513 iustitiae
499 3456 671 3533 imputatio,
692 3457 760 3514 dnm
780 3475 834 3514 nos
848 3456 944 3536 gratis
964 3477 980 3514 a
999 3465 1081 3514 reatu
1093 3453 1181 3518 Deus
1208 3450 1307 3510 ahsol-

182 3528 231 3590 vit.
269 3529 316 3586 Ad
339 3529 408 3590 haec
429 3531 590 3590 notandum
611 3544 670 3606 est,
688 3529 859 3591 Zachariam
880 3553 941 3590 non
962 3533 998 3591 de
1019 3529 1175 3604 extraneis,
1199 3529 1250 3588 se'd
1271 3529 1308 3587 de

182 3601 294 3698 populo
308 3605 365 3664 Dei
383 3606 493 3666 hahere
512 3626 686 3668 sermonem.
726 3609 815 3667 Unde
831 3609 972 3688 sequitur,
992 3628 1053 3668 non
1071 3605 1162 3664 modo
1183 3605 1309 3664 iustitiae

182 3683 357 3775 principium
379 3703 412 3740 er
432 3697 620 3765 peccatorum
642 3685 813 3744 remissione
833 3686 980 3768 pendere,
1000 3685 1049 3744 sed
1069 3684 1239 3762 imputative
1259 3685 1309 3758 (ut

181 3771 222 3820 rta
243 3759 360 3838 loquar)
381 3759 471 3819 iustos
492 3782 590 3820 coram
602 3761 669 3820 Deo
691 3763 723 3820 in·
741 3759 830 3820 finem
850 3781 941 3840 usque
962 3781 1022 3820 esse
1042 3759 1152 3831 fideles,
1174 3759 1240 3838 quia
1254 3757 1306 3817 ali-

183 3848 230 3896 ter
249 3857 347 3896 coram
369 3837 429 3895 cius
449 3836 588 3896 tribunali
610 3839 769 3896 consistere
789 3849 948 3918 nequeant,
968 3837 1022 3896 nisi
1033 3837 1165 3916 quotidie
1186 3835 1222 3894 ad
1242 3855 1309 3916 gra-

182 3913 283 3973 tuitam
304 3913 573 3972 reconciliationem
594 3934 624 3972 se
645 3915 809 3977 conserant.
862 3971 864 3978 .

260 3995 306 4055 78.
344 3990 405 4047 Per
422 3993 532 4049 uiscera
550 3990 771 4050 rutsarioordiae.
812 3990 847 4049 ln
867 3989 1020 4051 hoctanto
1032 3989 1177 4050 heneficio
1194 3988 1310 4047 miseri·

185 4064 315 4128 cordiam
335 4065 408 4140 Dei,
428 4079 461 4126 ut
481 4088 535 4146 par
554 4080 612 4140 est,
634 4067 784 4128 Zacharias
804 4066 967 4148 praedicat,
993 4087 1048 4129 nec
1069 4077 1224 4126 contentus
1245 4085 1309 4124 earn

183 4139 355 4220 simpliciter
374 4143 541 4217 nominare,
561 4139 692 4219 salutem,
713 4165 787 4224 quae
812 4165 828 4204 a
848 4144 969 4204 Christo
990 4142 1073 4204 allata
1092 4153 1146 4216 est,
1165 4140 1312 4228 prodiisse

185 4215 258 4274 dicit
277 4237 311 4277 ex
331 4219 399 4298 ipsis
419 4220 635 4282 misericordiae
645 4221 704 4281 Dei
721 4220 893 4295 visceribus,
912 4220 991 4300 qnod
1012 4231 1055 4280 est
1074 4219 1164 4300 magis
1190 4217 1311 4298 empha-

184 4289 285 4384 ticam·
320 4295 432 4384 'Bostea
450 4297 650 4377 metaphorice
669 4297 803 4373 subiicit,
828 4299 936 4374 facturn
957 4315 1019 4356 esse
1045 4295 1158 4378 ingenti
1177 4293 1235 4353 Dei
1254 4293 1312 4384 mi·

187 4368 356 4448 sermordm,
378 4384 414 4436 ut
433 4374 493 4437 dies
513 4373 733 4440 sedentibus-in
752 4374 882 4438 tenebris
906 4373 1097 4437 illucesceret.
1139 4371 1244 4433 onem
1262 4369 1336 4434 hre-
