2786 4742
172 193 235 259 tte
391 185 543 250 SECTIO
565 185 618 248 tx„
656 139 877 292 lnbsnnnra
893 182 1087 246 tinem.

174 333 301 410 qttriett
313 327 404 390 Unde
421 348 514 409 porro
534 328 585 391 illa
600 329 765 406 exsultatio,
784 328 842 392 nisi
860 323 1124 409 quodlicclesiam,
1143 349 1177 390 ex
1196 327 1302 409 pusillis

176 421 294 474 contem
316 403 411 487 tisque
430 405 599 468 hominihus
618 407 790 480 collectam,
816 427 879 468 uon
903 408 999 467 miiius
1019 427 1114 466 earam
1135 417 1167 466 et
1194 406 1304 486 pretiu-

175 507 237 550 sam
256 484 292 546 ha
316 495 363 558 et,
388 503 476 563 quem
495 483 520 542 si
539 496 603 545 tota
621 485 724 546 muudi
743 482 882 545 nobilitas
907 504 941 544 ac
962 482 1087 562 dignitas
1105 482 1137 542 iu
1158 502 1192 543 ea
1211 481 1305 564 fulge-

177 562 242 626 reti
278 563 324 622 he
344 559 407 642 plus
428 559 630 622 vehementiae
651 561 739 622 habet
758 561 866 634 oratio,
886 580 960 639 quae
980 560 1016 620 ad
1026 559 1145 620 Patrem
1161 559 1307 641 dirigitur,
1356 579 1357 586 ¹

104 665 111 684 t
198 659 264 700 uam
290 638 315 699 si
340 659 406 698 cum
432 637 581 718 discipulis
607 638 746 718 loquutus
777 637 865 698 foret.
917 637 1093 716 Quanquam
1118 649 1228 696 certum
1256 647 1308 710 est,

176 661 295 780 illorum
322 733 443 795 quoque
469 727 606 795 respectu
630 727 661 776 et
685 735 770 776 causa
794 715 901 798 gratias
925 713 1018 797 egisse
1042 713 1140 788 Patri,
1170 733 1209 772 ue
1234 734 1308 792 quos

177 791 348 856 offenderet
377 789 492 852 humilis
523 803 555 852 et
586 792 726 874 ignobilis
752 790 899 852 Ecclesiae
923 789 1028 859 souma.
1076 790 1202 872 Semper
1230 790 1310 849 enim

177 869 367 951 splendorem
379 868 557 948 quaerimus:
579 881 608 930 et
629 869 704 930 nihil
716 868 831 930 videtur
850 867 946 928 minus
965 878 1205 942 consentaneum,
1246 889 1309 925 usin

177 945 309 1010 coeleste
328 963 453 1027 reguum
474 943 542 1006 Filii
561 945 631 1021 Dei,
651 946 732 1006 cuius
751 943 846 1026 gloria
865 956 926 1004 um
945 942 1096 1028 magnifice
1115 965 1132 1004 a
1152 888 1309 1024 Prophetis

179 1021 358 1097 celebratur,
378 1020 502 1116 esrulgi
522 1021 603 1084 faece
625 1020 735 1100 etquis
756 1019 833 1082 uiliis
853 1033 997 1084 constare.
1036 1020 1075 1079 Et
1093 1041 1163 1080 saue
1182 1019 1240 1081 hoc
1261 1020 1311 1079 ad·

178 1099 312 1162 mirabile
331 1098 391 1162 ttat
410 1097 566 1160 consilium
586 1111 646 1176 est,
699 1043 774 1173 uod,
802 1119 893 1178 quum
912 1109 1008 1158 totum
1029 1097 1131 1158 orbem
1151 1095 1262 1157 habeat
1280 1097 1311 1156 iu

178 1197 285 1252 manu,
314 1173 490 1258 peculiarem
516 1175 574 1238 sibi
600 1121 743 1262 populum
770 1195 804 1235 ex
828 1174 1047 1254 'contemptibili
1070 1173 1159 1256 vulgo
1178 1173 1311 1256 deligere
1356 1195 1357 1200 ¹

178 1251 264 1316 malit
282 1273 368 1334 quani
388 1272 423 1312 ex
441 1252 634 1332 primoribus,
654 1252 707 1334 qui
724 1271 776 1312 sna
795 1250 966 1322 excellentia
986 1250 1105 1313 Christil
1118 1269 1311 1314 uomensme-

179 1330 234 1392 lius
261 1339 411 1392 ornarent.
463 1329 524 1392 Sed
556 1329 602 1390 hic
627 1351 645 1391 a
670 1329 800 1422 superbo
827 1340 857 1388 et
877 1328 966 1388 nimis
989 1328 1050 1388 alto
1073 1348 1159 1388 seusu
1189 1327 1312 1387 retrahit

179 1406 339 1502 discipulos
356 1426 426 1468 suos
446 1405 595 1483 Christus,
619 1427 658 1466 ne
685 1407 772 1466 uilem
801 1415 832 1464 et
855 1403 1013 1466 obscurum
1029 1401 1178 1490 Ecclesiae
1205 1416 1311 1466 statum

179 1485 232 1546 des
254 1503 332 1548 icere
351 1484 489 1556 audeaut,
511 1485 540 1544 in
553 1503 613 1565 qno
634 1483 690 1546 sihi
709 1483 771 1565 ipse
812 1480 1113 1564 lacetacgratulatur.
1152 1481 1312 1542 Caeterum

178 1573 214 1622 iit
245 1562 339 1623 ortius
363 1560 579 1638 curiositatem,
619 1580 674 1622 uae
698 1561 784 1622 subin
844 1559 963 1638 obrepit
989 1557 1120 1619 humanis
1152 1558 1311 1634 mentibus,

180 1649 360 1730 compescat,
378 1657 409 1698 se
428 1636 523 1720 ipsum
543 1581 654 1698 attollit
672 1657 759 1718 supra
778 1636 935 1709 muudum,
955 1645 985 1694 et
1004 1655 1108 1695 arcana
1128 1634 1311 1695 Deiiudicia

179 1715 316 1798 suspicit,
348 1726 381 1774 ut
400 1715 431 1774 in
451 1735 553 1776 eorum
574 1715 798 1774 admirationem
817 1733 915 1772 secum
935 1709 1006 1772 alios
1026 1710 1109 1772 simu
1129 1710 1234 1774 trahat.
1273 1712 1310 1770 Et
1356 1703 1357 1742 l

179 1803 261 1852 terte
281 1789 410 1868 quemvis
436 1789 507 1850 haec
526 1790 585 1848 Dei
605 1789 753 1849 ordinatio
778 1809 901 1850 asensu
925 1799 1029 1850 nostro
1050 1787 1199 1862 dissideat,
1225 1787 1308 1848 nimis

178 1878 277 1928 tamen
299 1865 408 1924 furiosa
428 1875 473 1924 est
490 1866 675 1945 arrogantiae
695 1875 814 1926 nostrae
834 1865 972 1939 coecitas,
992 1886 1080 1944 quum
1097 1885 1160 1925 eain
1172 1884 1307 1924 reveren·
1356 1931 1357 1934 Ἴ

182 1953 227 2004 ter
246 1941 352 2002 adoret
371 1938 504 2000 Christus
526 1952 614 2021 caput
635 1952 784 2014 nostruin,
810 1941 834 2001 si
854 1962 909 2000 nos
930 1943 1030 2002 ohstre
1052 1941 1135 2002 imus.
1174 1941 1234 2000 Sed
1254 1943 1307 2002 iani
1356 1965 1357 2022 q

179 2019 268 2080 rerba
289 2016 455 2110 expendere
474 2017 623 2077 convenit
666 2017 813 2096 Confiteor·
830 2015 882 2076 tibi
900 2017 1000 2078 Frater.
1069 2020 1091 2076 is
1111 2017 1207 2078 verbis
1227 2018 1305 2078 sein
1356 2029 1357 2082 ξ

179 2095 232 2158 illo
252 2095 347 2156 Patrrs
373 2092 494 2154 decreto
520 2114 555 2155 ac
576 2094 874 2169 nicaeere'testatur‚
905 2095 985 2174 quod
1011 2093 1048 2156 ab
1073 2094 1201 2156 humano
1224 2115 1306 2156 sensu
1356 2103 1357 2122 *

180 2184 338 2256 tantopere
358 2170 514 2264 discrepat.
554 2115 761 2232 iuberentur
780 2173 867 2234 tacita
887 2171 1036 2240 antithesis
1056 2170 1135 2232 inter
1153 2171 1227 2233 hane
1247 2171 1305 2231 lau-

181 2249 259 2325 dern,
279 2257 366 2330 qu'ain
386 2247 465 2308 Patri
484 2248 614 2324 ascribit,
633 2261 664 2309 et
683 2249 822 2330 malignas
843 2247 1073 2310 obtrectationes
1092 2249 1138 2309 vel
1158 2260 1307 2329 protervos

182 2327 269 2388 etiarn
288 2325 390 2386 mundi
409 2324 538 2387 latratus.
578 2325 664 2386 Nunc
674 2325 842 2399 ridendum,
863 2346 919 2406 qua
938 2329 968 2384 in
981 2345 1018 2384 re
1029 2324 1173 2420 glorificet
1183 2327 1306 2400 Patrem,
1356 2345 1357 2394 i

182 2403 264 2486 quod
284 2403 397 2468 scilicet
414 2403 507 2466 totius
526 2401 608 2467 orbis
628 2403 773 2468 Dominus
793 2401 928 2483 parvulos
949 2413 979 2462 et
1001 2403 1109 2466 idiotas,
1131 2402 1305 2482 sapientibus
1356 2395 1357 2458 l

182 2481 366 2573 praetulprit.
404 2480 477 2542 Nam
503 2480 538 2542 ad
559 2480 805 2576 circumstantiam
830 2480 995 2560 argumenti
1020 2500 1079 2575 non
1102 2479 1306 2570 parumhahet
1356 2495 1357 2528 l

182 2557 448 2706 tttl‘ttuttt?
460 2557 828 2712 it‘ititttti‘tt
840 2554 1306 2713 tacitaetacitae
1356 2701 1357 2712 Ν

182 2729 263 2782 meu,
282 2710 362 2800 quod
382 2729 411 2777 sa
434 2711 527 2770 ientes
548 2709 728 2784 concutiunt,
747 2709 834 2772 rudes
854 2722 884 2770 et
903 2709 1015 2770 indocti
1032 2730 1064 2770 ca
1088 2712 1151 2772 iuut
1161 2710 1305 2791 Evangelii
1356 2717 1357 2748 ³

182 2797 327 2868 mysteria.
366 2731 454 2846 Multi
473 2797 545 2860 seint
561 2785 608 2846 alii
629 2784 737 2847 similes
757 2786 827 2860 loci,
847 2785 898 2848 uhi
912 2731 1201 2873 ¹ostenditlbomiuus
1223 2792 1305 2866 gratis
1356 2835 1357 2840 1

183 2881 251 2921 ase
272 2861 398 2937 electos,
429 2863 599 2944 quicunque
618 2862 654 2922 ed
673 2861 795 2924 salutem
816 2864 1007 2944 perveniunt,
1039 2885 1127 2942 quum
1154 2865 1253 2924 mundi
1272 2867 1305 2924 sit
1356 2888 1357 2956 q

183 2937 283 3032 opifer
303 2959 336 2999 ac
356 2951 491 3014 creator,
517 2951 547 2998 et
565 2957 633 2998 suae
654 2939 711 2998 sint
731 2947 833 3000 ornnes
853 2952 976 3024 genten
1011 2939 1120 3015 Quare·
1137 2941 1241 3020 duplex
1265 2953 1306 3001 est
1356 2975 1357 2982 κ

182 3037 225 3076 vis
246 3014 330 3076 buius
348 3015 520 3096 particulae,
540 3014 625 3096 quud.
641 3035 702 3075 uon
723 3018 951 3096 ornnes'pareut
969 3015 1144 3099 Evangelio,
1164 3038 1225 3078 non
1243 3018 1304 3078 lieri
1356 3003 1357 3054 i

182 3091 242 3151 Dei
262 3092 453 3172 impotentia,
478 3093 524 3152 cui
549 3103 718 3172 promptum
744 3104 787 3152 est
812 3113 914 3170 omnes
939 3104 1084 3156 creaturas
1107 3093 1229 3176 imperio
1254 3116 1303 3154 suo
1356 3119 1357 3128 ¹

182 3167 338 3227 subiicere.
377 3169 534 3242 Secundo,
557 3169 636 3246 quod
657 3169 705 3229 alii
726 3170 869 3229 accedunt
888 3169 924 3229 ad
948 3169 1052 3242 fidem,
1077 3169 1126 3231 alii
1151 3171 1258 3252 stupidi
1278 3183 1305 3231 et

127 3291 135 3312 ,
183 3242 324 3305 obstinati
336 3257 465 3320 manent,
486 3245 515 3306 id
535 3245 598 3308 fieri
611 3247 736 3327 gratuita
748 3247 809 3308 eius
825 3246 987 3309 electione:
1007 3247 1079 3328 quia.
1093 3248 1166 3310 alins
1183 3248 1305 3322 trahens,

183 3319 246 3381 aliis
293 3321 453 3404 caeteritis,
485 3323 564 3384 solus
589 3323 667 3385 inter
696 3319 1031 3398 hominesdiscernit,
1050 3346 1175 3416 quorum
1207 3337 1303 3385 natura
1356 3345 1357 3364 ¹

183 3341 309 3478 aequalis
334 3398 383 3457 est'
404 3399 545 3459 conditio.
598 3399 689 3476 Quod
717 3412 813 3460 tamur
837 3400 973 3484 parvulos
998 3399 1079 3484 eligit
1102 3402 1304 3484 potiusquam
1356 3449 1357 3482 3

183 3473 346 3554 sapientes,
370 3475 399 3534 in
421 3495 457 3536 eo
479 3475 592 3559 gloriae
617 3487 686 3540 s'uac
705 3477 849 3537 rationem
875 3477 971 3552 babet,
1010 3479 1083 3539 Nam
1103 3491 1136 3537 ut
1155 3478 1237 3538 nimis
1258 3501 1303 3538 cu·
1356 3491 1357 3568 q

184 3552 252 3633 pide
271 3571 335 3612 sese
355 3551 447 3626 sisere
463 3575 550 3628 caro,
574 3555 598 3615 si
619 3555 772 3634 praeirent:
786 3554 862 3614 acuti
883 3567 915 3614 et
938 3554 1027 3616 ductii
1043 3553 1189 3628 homines,
1214 3555 1302 3616 statim

184 3641 324 3766 regnaret
342 3628 391 3690 illa
415 3632 580 3711 persuasIo,
606 3632 691 3692 fideus
722 3631 893 3702 dexteritate
920 3630 1071 3698 hominum
1098 3630 1144 3693 vel
1170 3631 1302 3692 industria

182 3725 218 3767 ve
249 3706 384 3767 doctriua
403 3707 522 3785 acquiri.
561 3708 663 3784 Quare
683 3728 744 3767 uon
765 3707 849 3766 aliter
866 3709 1031 3788 conspicua,
1051 3721 1083 3782 ut
1095 3721 1232 3786 ureretur,
1250 3707 1301 3767 Uei
1356 3761 1357 3782 2

183 3773 383 3843 misericordia
413 3803 474 3844 esse
526 3797 602 3846 otest
626 3805 712 3866 quain
737 3781 788 3842 teli
812 3783 913 3846 habito
940 3785 1071 3862 delectu,
1100 3785 1182 3845 unde
1202 3795 1299 3866 pateat,
1356 3785 1357 3860 i

183 3858 257 3918 nihil
284 3879 346 3920 esse
371 3859 488 3953 quicqui
533 3881 567 3920 ex
591 3884 622 3923 se
649 3859 778 3922 afferunt
804 3860 945 3922 homines.
987 3863 1059 3921 ld'eo
1085 3863 1149 3922 iure
1175 3861 1301 3922 deiieitur
1356 3909 1357 3920 ,

185 3933 311 3995 humana
330 3949 484 4016 sapientia,
504 3957 541 3996 ue
562 3938 677 3999 divinae
696 3938 807 4018 gratiae
827 3938 942 3998 laudern
963 3939 1109 3999 obscuret
1148 3938 1299 4014 Quaeritur

139 4055 144 4096 ἔ
183 4020 292 4098 tamen,
312 4033 386 4146 quos
405 4017 546 4088 sopientes
565 4011 678 4094 et‘quos
692 4013 1085 4088 pnmwsvocetsshristus.
1122 4015 1298 4098 Experieutia

152 4141 161 4161 ,
184 4102 262 4166 euim
281 4107 317 4166 pa
330 4109 374 4146 am
395 4090 494 4164 docet,
512 4111 568 4150 nec
581 4108 684 4150 omues
704 4090 809 4150 idiotas
826 4102 856 4150 et
875 4093 962 4153 rudes
981 4091 1138 4152 illuminari
1157 4093 1192 4152 ad
1212 4091 1297 4164 fidem,

183 4175 239 4214 uec
251 4169 363 4222 'omnes
381 4167 540 4244 prudentes
559 4167 604 4227 vel
624 4167 756 4229 literatos
775 4167 902 4247 relinqui
922 4169 954 4228 iii
974 4189 1024 4230 sua
1044 4169 1196 4229 coecitate.
1232 4167 1297 4228 ldeu

177 4230 334 4301 Wlfflin
356 4253 386 4295 et
409 4246 551 4316 sopientes
575 4241 733 4316 deliniunt,
760 4243 810 4322 qui
835 4243 982 4306 diabolico
1007 4245 1082 4308 fastu
1106 4245 1203 4306 inflati
1219 4233 1298 4306 Chri'a
1356 4273 1357 4282 κ

181 4313 256 4364 stum
277 4312 433 4375 eiruhliuii
462 4317 634 4400 loquentem
654 4317 755 4380 audire
776 4341 836 4380 uois
856 4325 1008 4384 sustinent.
1057 4322 1149 4404 Atqui
1168 4343 1228 4384 uon
1247 4320 1296 4381 hoe
1356 4351 1357 4364 π
