2816 4746
546 205 849 314 auounmrnii.
1218 266 1271 340 vn¹
1382 219 1383 238 ¹

147 401 182 460 ab
207 419 243 462 eo
271 397 428 480 petendum
455 395 630 474 admonent,
661 396 798 478 quiequid
822 395 853 456 iu
875 397 958 484 Lege
990 411 1020 461 et
1042 391 1198 480 Prophetis
1222 398 1268 461 iili

146 493 298 553 tribuitur.
349 486 448 566 Quare
471 501 542 550 tnnc
565 491 683 551 demum
706 479 784 551 utilis
808 490 918 552 enitet
941 491 1091 584 §ruoilum
1114 495 1268 579 Evangelii

59 665 64 670 .
126 583 251 660 lectio,
269 577 374 645 si'eam
395 605 460 644 curn
479 583 598 644 vetustis
617 581 860 664 promissionibus
880 583 1058 670 coniungere
1078 587 1228 652 &camus-

228 677 376 752 Quantum
406 677 442 738 ad
462 688 547 756 *tres
568 675 761 758 Evangelicae
794 672 932 736 historiae
965 678 1121 760 scriptores
1150 684 1268 760 attinet,

151 791 223 850 quos
239 771 418 832 enarrandos
439 769 583 852 suscipio,
606 769 770 830 Matthaeus
789 768 861 830 satis
879 780 965 833 notes
985 783 1041 832 est:
1060 774 1191 838 Marcum
1211 793 1267 858 pu-

149 875 212 923 tant
230 857 504 924 fuisse'familiarem
523 863 605 923 Petri
626 861 814 944 discipulum,
838 863 1033 944 atquo-etiam
1052 867 1129 945 quoti
1153 868 1269 950 scripsit

148 951 385 1040 Evangelium'u*
398 957 490 1016 Petro
515 952 603 1016 fuisse
630 956 658 1016 ei
679 955 833 1034 dictatum,
859 967 893 1016 ut
907 957 1094 1026 amanuensis
1109 959 1201 1022 molo
1220 961 1268 1024 vel

145 1051 257 1113 scribae
277 1049 399 1132 operlm-
416 1049 613 1130 ‘praestiterit¹
642 1049 710 1124 Q'ua
730 1049 767 1109 de
785 1069 819 1109 re
838 1071 900 1114 non
916 1059 972 1112 est'
983 1051 1066 1134 auxie
1081 1051 1166 1112 nobis
1184 1053 1268 1117 labo-

146 1145 285 1220 rantium,
317 1145 383 1225 quia
409 1155 510 1236 nostra
534 1135 624 1224 parvi
637 1141 744 1218 refert,
776 1143 867 1204 modo
885 1142 1217 1228 teneamnslegitimum
1236 1168 1270 1212 ac

146 1238 285 1320 divinitus
305 1238 471 1298 ordinatum
481 1255 553 1324 'esse
572 1233 692 1310 testem,
712 1235 762 1317 qui
781 1235 854 1297 nibil
873 1237 928 1298 nisi
947 1245 1113 1318 praeeunte¹
1126 1237 1270 1301 diurnata

147 1351 206 1412 que
227 1331 339 1412 Spiritu
369 1341 472 1392 sancto
487 1325 675 1416 ptodiderits
726 1328 815 1410 Quod
841 1330 943 1404 ‘tamen
968 1329 1040 1391 dicit
1061 1331 1271 1415 Hieronymo,

65 1455 70 1463 *
146 1421 264 1488 ratione
283 1430 403 1506 prorsus
424 1435 514 1504 caret,
534 1423 686 1506 epitomen
704 1403 973 1505 ersebvangetiia
991 1423 1143 1494 Matthaei>
1161 1429 1271 1510 scriptis

145 1522 222 1580 Nam
241 1513 338 1598 neque
358 1529 502 1580 servatum
521 1514 537 1578 a
557 1515 860 1590 Mattbaeoonlinem
879 1517 989 1597 ubique
1007 1519 1152 1598 sequitur,
1184 1533 1215 1582 et
1234 1517 1270 1584 ab

145 1615 212 1694 ipso
232 1612 329 1684 statim
345 1606 598 1672 initio'dissimilis
619 1619 822 1690 est‘quan‘tnm
842 1611 878 1672 ad
897 1613 1049 1673 tractandi«
1061 1614 1221 1692 rationem,
1241 1621 1272 1678 et

146 1705 288 1788 quaedam
306 1704 398 1765 reiert
417 1701 560 1766 ab'alter'o
581 1703 636 1764 illo
655 1698 771 1779 omissa,
791 1716 821 1764 et
839 1705 870 1766 in
887 1706 1023 1766 eiusdem
1037 1707 1081 1767 nei
1099 1701 1272 1770 oneratione
1369 1691 1380 1711 ⁰

137 1800 295 1860 interdum
314 1797 456 1879 prolixior
475 1808 526 1858 est.
544 1815 548 1844 ³
565 1796 639 1858 Mihi
660 1799 851 1880 cestemagis
870 1798 1033 1880 probabile
1051 1812 1110 1875 est,
1135 1812 1166 1862 et
1185 1821 1221 1862 ex-
1237 1823 1272 1864 ro

145 1896 237 1954 etiam
256 1892 318 1972 ipsa
337 1887 484 1963 coniicere
503 1887 594 1964 licet,
611 1887 889 1974 nunquam-librum
909 1893 1049 1954 Matthaei
1068 1893 1157 1955 fuisse
1177 1895 1272 1958 abeo

145 1989 328 2066 inspectum,
355 1994 448 2064 quum&
463 1984 527 2065 ipse
544 2001 630 2046 suum
644 1985 806 2046 scriberet:
831 1997 944 2046 tantum
964 1985 1061 2061 abest,
1076 1999 1119 2048 fut
1137 1987 1171 2048 in
1188 2009 1272 2050 com·
1302 2008 1305 2016 ·
1382 2051 1383 2056 ,

145 2079 286 2162 pendium
306 2079 492 2160 erprosesso
512 2077 648 2160 redigere
660 2079 794 2140 voluerit.
832 2078 915 2139 ltlem
936 2091 965 2141 et
985 2080 1113 2140 detnsa
1132 2079 1272 2145 iudicium
1307 2123 1314 2130 -

146 2172 243 2235 iasio:
263 2195 330 2236 uam
351 2192 425 2252 quae
444 2172 475 2231 in
494 2172 588 2232 tribus
607 2173 675 2254 ipsis
696 2183 818 2251 apparet
836 2173 1011 2250 diversitas,¹
1026 2193 1090 2234 earn
1108 2193 1171 2236 uon
1192 2175 1272 2236 diee-

147 2291 214 2331 rnus
235 2266 299 2328 data
318 2270 415 2347 opera‘
429 2263 517 2325 suisse
537 2263 718 2339 affectatam,
748 2265 800 2332 sed
820 2287 915 2350 quum
939 2264 1062 2346 singulis
1089 2267 1274 2348 propositum
1303 2311 1307 2328 .

148 2372 228 2421 esset
238 2358 522 2419 bonafidemandare
534 2357 649 2432 litteris,
659 2357 738 2436 quod
746 2369 856 2416 certum
867 2370 1108 2438 compertumque
1116 2359 1274 2438 habebant,

147 2452 297 2513 rationem
317 2451 438 2530 quisque
458 2448 565 2524 tenuit,
585 2469 671 2528 quam
691 2449 830 2528 optimam
851 2449 916 2509 iore
937 2450 1083 2509 censebat.
1124 2451 1274 2526 Quemad-

144 2544 388 2609 modumautem
408 2542 436 2600 id
457 2561 519 2600 non
538 2541 663 2625 surpuito
683 2541 818 2621 contigit,
836 2539 887 2599 sed
907 2524 1079 2602 moderante
1098 2543 1155 2603 Dei
1175 2545 1273 2626 provi-

148 2635 264 2710 dentia,
288 2633 330 2693 ita
350 2629 478 2714 Spiritus
502 2639 617 2692 sanctus
641 2630 809 2698 indiverso
823 2631 969 2694 scribendi
994 2634 1087 2698 forma
1110 2621 1274 2700 mirabilem

147 2733 206 2796 illis
226 2748 401 2802 consensum
419 2726 580 2808 suggessit,
601 2725 652 2807 qui
670 2723 749 2786 solus
770 2725 832 2785 fere
851 2725 885 2786 ad
906 2726 993 2787 fidem
1012 2728 1071 2790 illis
1088 2733 1274 2794 astruendam

148 2824 307 2896 sufficeret,
327 2819 351 2882 si
370 2840 432 2880 nou
452 2813 568 2881 aliunde
587 2819 682 2880 maior
700 2831 870 2900 suppeteret
889 2823 1054 2882 auctoritas.
1091 2823 1184 2886 Lucas
1203 2847 1302 2888 vero¹
1331 2877 1334 2888 .
1382 2849 1383 2856 “

150 2939 182 2982 se
201 2913 380 2977 individuum
399 2913 481 2974 illum
503 2902 565 2975 esse
576 2913 661 2974 Pauli
681 2915 818 2974 comitem
838 2913 1003 2975 luculentus
1025 2925 1068 2974 est
1086 2919 1175 2984 testis.
1213 2919 1275 2980 sed

148 3011 263 3098 puerile
283 3020 343 3084 est,
374 3007 453 3087 quod
480 3005 516 3066 ab
536 3007 665 3068 Eusebio
686 3007 829 3080 refertur,
859 3005 1018 3090 Evangelii
1032 3009 1111 3091 quod
1137 3010 1197 3072 eius
1217 3032 1274 3072 no·
1346 3006 1348 3014 ’

150 3109 229 3168 mine
248 3101 429 3176 inscribitur,
446 3098 569 3160 Paulum
583 3120 644 3161 esse
654 3101 824 3173 auctorem,
836 3100 903 3179 quia
914 3099 1021 3161 alicubi
1034 3101 1089 3179 (ΙΙ.
1103 3101 1178 3161 Tim.
1189 3085 1218 3178 2¹,
1231 3103 1276 3183 8.)

149 3196 303 3280 Evangelii
319 3194 363 3256 sui
383 3192 558 3254 meminerit.
599 3193 690 3268 Quasi
709 3214 779 3264 sero
801 3212 834 3252 ex
854 3213 907 3268 eo,
927 3192 1007 3273 quod
1027 3214 1093 3254 mox
1112 3194 1276 3272 subiicitur,
1330 3263 1334 3268 ,

151 3314 213 3355 uon
232 3288 345 3370 liquido
364 3297 477 3368 p'ateat,
510 3285 545 3344 de
575 3297 640 3347 tota
668 3285 903 3366 praedicatione,
930 3306 990 3356 non
1017 3297 1113 3346 autem
1134 3286 1170 3346 de
1195 3287 1274 3350 libro

150 3406 213 3448 nno
232 3382 323 3462 loqui.
361 3377 442 3440 Dicit
462 3377 554 3453 enim,
573 3378 634 3438 Pro
654 3400 712 3459 quo
732 3379 835 3441 laboro
856 3398 947 3458 usquc
967 3378 1145 3462 adxvincula.
1164 3421 1166 3426 .
1182 3379 1275 3461 Atqui

152 3489 265 3542 certum
297 3485 358 3549 est,
389 3494 451 3533 uon
469 3472 538 3532 ideo
557 3482 653 3532 actum
673 3473 760 3533 fuisse
780 3493 879 3547 reum,
912 3471 991 3552 quod
1018 3471 1124 3532 librum
1150 3471 1274 3552 aliquem

151 3569 328 3652 scripsisset,
355 3567 455 3626 verum
481 3564 561 3646 quod
585 3563 693 3625 vocalis
719 3565 819 3626 suisset
839 3549 990 3625 doclrinae
1011 3565 1121 3626 Christi
1143 3566 1276 3631 minister

150 3677 182 3727 et
205 3682 325 3746 praeco.
353 3657 462 3746 ,Unde
492 3671 628 3738 apparet,
659 3656 838 3720 laboriosum
869 3657 985 3739 quidem
1017 3657 1165 3719 bominem
1185 3658 1275 3720 fuisse

150 3757 326 3831 Eusebium,
353 3753 405 3815 sed
423 3751 533 3812 iudicio
557 3773 658 3832 parum
683 3751 824 3826 valuisse,
853 3753 903 3832 qui
926 3763 984 3812 tam
1011 3753 1129 3822 insulsas
1144 3751 1274 3812 naenias

150 3853 214 3913 sine
234 3847 351 3909 delectu
371 3845 513 3929 congerit.
553 3845 643 3906 Cuius
663 3845 707 3904 rei
727 3843 852 3908 lectores
871 3845 940 3905 ideo
959 3843 1040 3911 volui
1059 3844 1216 3918 monitos,
1234 3864 1274 3904 ne

150 3949 242 4026 quem‘
250 3939 403 4004 offendant
419 3938 525 4000 similes
545 3938 684 4018 ineptiae,
704 3959 779 4018 quae
798 3937 903 4019 passim
915 3937 991 4018 aputl
1010 3937 1091 4014 illum
1104 3949 1272 3998 occurrunt.
1294 3980 1297 3989 ι

225 4035 323 4097 Porro
353 4034 419 4113 quia
449 4052 540 4114 genus
563 4025 813 4112 interpretationis
842 4031 913 4104 mihi
943 4029 1054 4110 delegi,
1085 4025 1165 4107 quotl
1193 4027 1273 4090 forte

149 4129 234 4192 multi
253 4129 349 4210 primo
369 4138 489 4208 aspectu
508 4145 570 4184 nou
589 4123 774 4204 probabunt,
796 4124 856 4184 eius
875 4121 1023 4198 renuenda
1044 4130 1087 4180 est
1105 4119 1203 4202 ratio,
1215 4141 1272 4200 qua
1382 4173 1383 4182 ,

148 4223 204 4304 piis
223 4234 254 4283 et
273 4219 373 4301 aequis
393 4215 701 4304 lectoribus'satisfiat.
741 4214 808 4292 Hpc
828 4213 922 4295 primo
943 4224 1021 4273 extra
1041 4214 1271 4275 controversiam

149 4328 205 4396 est,
222 4335 283 4378 uon
304 4333 390 4394 posse
409 4332 499 4375 unum
519 4331 553 4374 er
571 4309 665 4372 tribus
675 4306 867 4390 Evangelistis
886 4305 957 4369 scite
977 4305 1134 4386 dextreque
1154 4305 1271 4383 exponi,

175 4483 216 4527 Ι·
821 4473 938 4534 ’,κ
