2786 4742
215 207 276 274 Μ
551 197 703 262 seculo
723 197 792 259 vn.
830 185 1037 258 ΜιιιιιοιιιιιΙ

218 349 290 412 dura
308 357 340 408 ct
357 345 462 407 misera
481 355 558 407 esset
576 345 715 408 comitum
736 343 798 404 eius
810 342 960 406 conditio?
977 341 1154 404 'fruendum
1173 353 1232 419 est,
1253 342 1347 404 fuisse

216 426 357 501 scribam,
382 425 432 506 qui
450 423 527 484 vitae
553 423 670 504 quietae
683 421 725 484 'et
749 421 921 482 commodae
943 429 1070 481 assuetus
1093 431 1290 500 versatusque
1316 421 1347 479 in

216 505 334 566 bonore
352 501 548 582 probrorum,
575 499 710 580 inopiae,
733 497 994 580 persequutionum
1020 508 1051 556 et
1068 497 1161 556 crucis
1184 497 1346 578 impatiens

215 577 329 644 fuisset.
368 576 440 636 Vult
456 577 575 670 quidem
595 575 643 636 hic
654 575 801 638 Christum
820 575 913 654 sequi,
930 574 981 636 sed
1002 572 1119 634 mollem
1139 584 1171 633 et
1188 593 1343 633 amoenam

215 659 304 732 viam,
323 665 354 716 et
370 653 498 734 hospitia
517 653 604 714 honis
625 652 760 714 omnibus
779 650 889 722 referta
907 651 1044 723 somniat,
1065 671 1153 730 quum
1172 671 1230 730 per
1247 651 1342 730 spinas

169 797 172 805 ,
217 730 426 798 ambulandum
445 729 484 812 sit
504 730 613 793 Christi
639 728 800 809 discipulis,
830 739 860 788 et
905 748 939 787 er
958 728 1108 812 contioups
1133 745 1288 798 aerumnas
1309 727 1341 786 ad

218 819 336 874 crucem
355 829 410 888 per
430 807 548 867 endum.
584 807 666 890 Ergo
686 825 745 899 quo
765 826 809 864 ma
832 805 854 864 is
881 749 1013 877 llestinat,
1040 824 1075 864 eo
1101 804 1195 873 minus
1246 816 1340 862 aratos
1364 877 1365 880 Ἴ

218 899 272 950 est.
310 827 445 946 Perinde
459 884 536 944 enim
555 883 625 946 facit
644 903 703 943 acsr
722 883 754 942 in
773 903 822 940 um
846 901 877 943 ra
897 891 927 940 et
946 881 1071 954 deliciis,
1083 881 1156 944 ,siue
1182 825 1296 941 sudore
1314 891 1340 938 et
1364 881 1365 946 l

216 964 350 1048 pulvere,
370 975 449 1023 extra
465 960 594 1022 telorum
612 959 720 1019 iactum
739 959 865 1020 militare
883 957 981 1021 vellet.
1020 957 1108 1016 Tales
1123 979 1139 1017 a
1153 955 1276 1019 Christo
1297 977 1338 1016 re-
1364 1007 1365 1018 ,

109 1037 112 1044 ’
216 1040 332 1124 pudiari
351 1040 457 1100 mirum
476 1048 616 1113 nonest,
645 1035 714 1116 quia
737 1036 823 1095 sicuti
848 1025 961 1096 temere
979 1036 1158 1113 irrumpunt,
1182 1034 1225 1094 ita
1272 1035 1338 1092 rima

218 1136 336 1202 quaque
354 1113 487 1176 molestia
507 1113 601 1188 fracti,
619 1117 715 1206 primo
729 1131 849 1192 quoque
867 1111 1025 1174 certamine
1037 1111 1188 1171 exanimati
1207 1053 1340 1171 reidrunt

129 1216 132 1230 ·
241 1194 340 1268 edem,
369 1204 400 1252 et
429 1191 526 1250 locum
552 1201 681 1270 turpiter
705 1189 851 1250 deserunt.
894 1189 981 1258 Adde
997 1187 1086 1267 'quod
1117 1187 1215 1247 locum
1246 1187 1339 1248 scriba

216 1283 274 1335 rste
293 1269 369 1362 apud
391 1267 539 1331 Christum
559 1287 701 1346 quaerere
720 1267 832 1347 potuit,
863 1277 897 1328 ut
926 1285 960 1326 ex
984 1266 1047 1324 eius
1070 1284 1168 1324 mensa
1192 1264 1286 1346 gratis
1314 1275 1339 1322 et

218 1352 298 1412 laute
316 1369 347 1406 ιιι
367 1347 433 1406 otio
452 1355 629 1424 pasceretur.
668 1344 769 1418 Quare
780 1345 912 1418 sciamus,
931 1343 961 1402 in
983 1341 1043 1400 eius
1062 1360 1184 1421 persona
1200 1362 1257 1401 nos
1277 1361 1337 1399 mo·
1357 1377 1360 1382 ·

107 1437 110 1455 ¹
217 1424 284 1488 neri
304 1443 417 1500 omnes,
437 1441 476 1480 ne
494 1430 607 1481 temere
627 1431 657 1480 et
676 1436 778 1482 secure
797 1420 946 1494 lactemus,
964 1439 1018 1478 nos
1037 1417 1103 1478 sore
1123 1416 1235 1478 Christi
1256 1417 1335 1477 disci-

190 1514 193 1530 ·
217 1501 304 1586 pulos
335 1499 372 1558 de
402 1517 490 1558 cruce
508 1509 546 1557 vet
568 1497 713 1559 aerumnis
737 1496 809 1557 nihil
835 1498 1014 1578 cogitantes:
1045 1495 1117 1574 qui'u
1145 1495 1247 1574 potius
1275 1505 1335 1553 aute

217 1591 333 1656 tempus
353 1575 544 1648 meditemur,
569 1574 662 1656 qualis
681 1593 735 1634 nos
753 1581 870 1634 maneat
889 1572 1029 1634 conditio.
1074 1573 1140 1631 Hoc
1164 1571 1243 1630 enim
1266 1572 1334 1630 tiro·

218 1653 297 1718 cinio
323 1671 378 1714 uos
401 1652 499 1712 initiat
528 1653 560 1711 in
585 1650 714 1713 scholam
733 1661 834 1726 suam,
862 1661 896 1709 ut
929 1670 985 1710 nos
1015 1647 1193 1730 abnegantes
1224 1667 1333 1708 crucem

215 1740 348 1794 nostram
366 1729 512 1788 tollamus.
866 1760 880 1800 q
1066 1751 1069 1760 *

295 1811 343 1870 20.
379 1803 416 1864 V
411 1805 493 1880 alpes
501 1805 613 1884 foveas
629 1799 739 1866 taam.
776 1802 915 1884 Declarat
932 1801 1050 1883 quidem
1059 1800 1149 1863 Filius
1160 1800 1231 1874 Dei,
1250 1800 1333 1878 qualis

217 1881 402 1948 lueritvitae
421 1901 491 1942 suae
511 1879 653 1955 conditio,
673 1880 742 1938 dum
761 1879 792 1938 in
811 1880 896 1939 terris
909 1890 1035 1940 versatus
1055 1890 1108 1954 est,
1125 1877 1177 1940 sed
1196 1877 1333 1958 discipulis

216 1961 277 2024 suis
297 1959 434 2019 omnibus
453 1954 643 2036 praescribit,
668 1955 704 2016 ad
724 1977 810 2036 quam
835 1976 866 2015 se
885 1956 961 2016 vitae
980 1957 1122 2016 rationem
1141 1955 1269 2015 formare
1289 1955 1331 2013 de-

146 2097 151 2109 ,
218 2039 319 2100 beant.
356 2035 464 2095 Mirum
483 2045 582 2093 tamen
602 2044 647 2093 est
659 2031 807 2094 Christum
827 2052 947 2115 negare,
966 2033 1021 2094 sibi
1041 2053 1102 2093 esse
1121 2043 1216 2092 terrae
1259 2033 1331 2090 eden

218 2114 271 2181 ubi
291 2123 379 2192 caput
397 2110 538 2186 reclinet,
568 2129 657 2191 quum
682 2109 790 2170 multos
814 2108 939 2170 haberet
956 2110 1020 2206 pips
1039 2109 1172 2171 homines
1191 2120 1222 2168 et
1236 2053 1331 2170 huma-
1364 2147 1365 2158 ι

219 2211 291 2266 nos,
322 2189 372 2270 qui
396 2187 524 2247 libenter
548 2207 614 2246 eum
641 2185 770 2268 bospitio
795 2187 971 2266 exciperent.
1023 2186 1082 2246 Sed
1105 2185 1265 2246 notandum
1284 2197 1329 2258 est,

218 2266 361 2330 monendi
381 2285 464 2326 causa
485 2263 541 2325 hoc
562 2284 624 2325 esse
644 2263 769 2340 dictum,
794 2283 832 2323 ne
850 2276 988 2344 tanquam
1008 2285 1024 2324 a
1048 2263 1196 2342 locuplete
1218 2263 1328 2323 domino
1364 2257 1365 2332 l

218 2342 387 2406 mercedem
409 2343 536 2484 amplam
566 2353 597 2402 et
620 2340 747 2434 opimam
772 2351 920 2478 exspectet
945 2341 1056 2418 scriba,
1088 2362 1179 2421 quum
1207 2339 1326 2400 dominus
1364 2367 1365 2458 q

219 2423 282 2510 ip'se
301 2419 435 2502 precario
478 2431 545 2502 egat
563 2420 595 2480 in
615 2417 715 2479 alienis
736 2418 815 2478 domi
838 2439 879 2480 us.

296 2499 345 2564 2‘1.
382 2495 424 2556 Er
441 2497 578 2572 sepeliam
594 2497 711 2572 patrem
733 2517 835 2555 meum.
878 2493 1024 2570 Diximus,
1049 2481 1171 2568 scribaris
1196 2488 1325 2574 repudiari

219 2595 238 2639 a
258 2573 378 2638 Christo
398 2575 547 2651 comitem,
585 2574 632 2633 uia
651 2572 708 2634 sibi
727 2572 913 2633 commodum
932 2571 1007 2632 vitae
1048 2591 1118 2630 enus
1137 2571 1175 2630 liu
1200 2571 1275 2630 endo
1290 2579 1324 2626 tc*

219 2655 353 2714 mere'se
371 2651 535 2744 ingerebat.
566 2596 635 2710 qllic
654 2668 741 2724 uero,
773 2668 861 2729 quem
885 2649 994 2709 retinet
1060 2647 1160 2722 ristos,
1178 2589 1326 2708 habetabat
1364 2665 1365 2704 l

220 2725 372 2805 contrario
391 2727 477 2787 vitio:
503 2748 568 2788 nam
593 2725 750 2806 quominus
775 2738 867 2786 extem
890 2725 919 2803 lp
944 2738 1061 2806 pareret
1081 2723 1201 2788 Christo
1225 2718 1325 2784 vocanti
1364 2713 1365 2772 ἶ

221 2803 358 2864 obstabat
376 2802 425 2863 illa
444 2803 607 2876 iufirmitas,
626 2801 706 2881 quod
724 2813 836 2882 patrem
878 2820 991 2879 eserere
1002 2802 1104 2861 durum
1118 2814 1203 2878 esset,
1222 2822 1257 2861 ac
1275 2817 1324 2858 cre·
1364 2813 1365 2856 ἲ

222 2878 316 2939 dibile
335 2888 379 2938 est
399 2879 486 2940 luisse
506 2878 675 2941 conlectum
694 2878 793 2951 senio,
820 2899 910 2958 quum
931 2879 1022 2953 dicat,
1046 2879 1187 2938 Permitte
1206 2889 1240 2937 ut
1258 2893 1326 2955 sepe·
1364 2885 1365 2948 l

163 3030 169 3038 .
220 2956 299 3016 liam.
346 2955 423 3016 Nam
448 2956 520 3016 haec
539 2955 677 3034 loquutio
697 2954 875 3032 subindicat,
905 2975 967 3016 non
991 2955 1114 3016 multum
1137 2968 1196 3015 tem
1220 2954 1278 3014 oris
1294 2950 1326 3011 illi
1364 2967 1365 2982 ¹

220 3031 311 3094 luisse
329 3033 486 3094 residuum.
523 3031 624 3092 Lucos
648 3051 681 3090 ex
704 3031 796 3107 rimit,
825 3032 932 3094 iussum
957 3031 1045 3094 fuisse
1068 3055 1083 3092 a
1105 2977 1232 3094 Christi).
1243 3043 1276 3090 nt
1292 3048 1326 3089 se·
1364 2999 1365 3070 l

205 3163 207 3168 .
220 3120 371 3245 queretur.
419 3109 480 3170 Pro
513 3129 548 3170 eo
570 3107 641 3168 dicit
667 3052 853 3190 lllottlumo,
884 3131 974 3169 unum
1004 3107 1091 3170 luisse
1122 3130 1156 3169 ex
1187 3105 1326 3188 discipulis·

177 3217 200 3232 --
249 3203 319 3246 orro
346 3187 533 3247 vocationem
558 3205 618 3245 non
644 3199 773 3262 recusat,
802 3185 853 3246 sed
879 3198 1073 3247 commeatum
1097 3185 1152 3246 sibi
1172 3186 1208 3246 ad
1227 3197 1326 3263 tempus

177 3307 181 3316 .
222 3261 286 3322 dari
310 3263 399 3342 petit,
431 3262 500 3323 dum
531 3261 657 3342 pietatis*
672 3262 772 3323 officio
797 3259 938 3345 fungatur
961 3283 1031 3346 erga
1055 3274 1176 3344 patrem.
1214 3257 1329 3322 Perinde

222 3337 302 3401 euim
319 3338 395 3402 valet
414 3339 474 3399 eius
495 3338 651 3415 excusatio,
672 3340 729 3402 acsi
749 3339 874 3408 liberum
893 3359 931 3412 se
944 3353 1077 3422 negaret,
1097 3340 1191 3400 donec
1210 3351 1328 3400 mortuus

208 3425 298 3491 ,esset
317 3426 409 3494 pater.
449 3415 606 3477 Caeterum
627 3436 660 3476 ex
673 3416 782 3478 Christi
801 3437 943 3496 responso
963 3416 1161 3500 intelligimus,
1179 3416 1221 3476 sic
1240 3414 1328 3474 colen·

163 3515 205 3529 ·-”
222 3492 289 3552 dam
309 3509 370 3551 esse
390 3490 455 3552 filiis
480 3494 619 3574 pietatem
643 3514 713 3576 erga
736 3505 887 3575 parentes,
910 3505 944 3553 ut
968 3510 1001 3554 ea
1026 3493 1204 3574 posthabita,
1226 3489 1328 3571 quoties

223 3570 282 3630 alio
301 3568 383 3632 Deus
400 3581 503 3644 uocat,
528 3571 653 3650 primum
674 3573 734 3630 eius
753 3570 892 3631 mandato¹
912 3570 1032 3654 gradum
1051 3570 1196 3632 tribuant:
1220 3583 1327 3634 cessare,

221 3647 358 3727 inquam,
384 3657 506 3724 oportet
547 3667 717 3728 uaecunque
737 3643 882 3706 debentur
900 3645 1068 3706 hominibus
1088 3645 1198 3722 officia,
1215 3644 1264 3705 ubi
1280 3639 1327 3702 sihi
1364 3659 1365 3694 t

223 3743 342 3860 operam
361 3721 491 3813 impendi
511 3724 539 3782 iu
564 3737 593 3784 et
603 3724 692 3785 Deus.
730 3724 818 3784 Nunc
833 3724 952 3806 siugulis
965 3723 1120 3785 videndum
1133 3725 1186 3797 est,
1205 3721 1325 3802 quidnam
1364 3695 1365 3780 l

221 3823 237 3861 a
280 3799 336 3860 rllrs
355 3809 486 3878 requirat
505 3799 602 3877 Deus,
628 3814 659 3861 et
678 3800 880 3881 quidvocatio
908 3801 954 3861 cui
979 3813 1048 3860 sunt
1071 3799 1176 3861 addicti
1200 3795 1322 3880 postulet,
1364 3843 1365 3854 ,

221 3897 260 3936 ne
280 3878 357 3970 ipsos
383 3875 495 3936 terreni
520 3888 655 3956 parentes
674 3877 851 3960 impediant,
880 3877 1035 3956 quominus
1059 3898 1173 3938 summo
1198 3889 1228 3937 et
1249 3871 1322 3934 unico
1364 3903 1365 3964 l

221 3975 353 4014 omnium
373 3951 454 4012 Patri
472 3975 556 4012 suum
575 3954 618 4014 ius
637 3954 785 4036 integrum
805 3964 930 4015 maneat.
1364 3965 1365 4024 l

194 4047 201 4070 l
296 4035 344 4094 22.
381 4024 499 4090 Mortui
516 4031 654 4105 sepeliant
671 4043 804 4091 mortuos.
848 4031 901 4091 His
920 4029 1017 4093 verbis
1036 4050 1098 4090 nou
1118 4027 1233 4090 damnat
1250 4022 1322 4086 Chri·
1364 4063 1365 4068 κ

219 4115 280 4164 stus
300 4105 466 4184 sepulturae
486 4106 631 4167 osticium:
657 4120 733 4168 esset
752 4110 830 4168 euim
851 4107 971 4168 foedum
991 4120 1022 4167 et
1049 4108 1191 4181 immane,
1214 4103 1322 4165 abiicere
1364 4143 1365 4156 ,

220 4179 365 4258 insepulta
384 4197 569 4246 mortuorum
589 4184 744 4260 cadavera,
763 4195 793 4244 et
812 4179 933 4261 s'cimus,
952 4183 1039 4260 ritum
1059 4181 1218 4264 sepeliendi
1236 4175 1322 4238 divini-

221 4263 268 4310 tus
288 4258 375 4316 fuisse
394 4261 533 4324 traditum
553 4256 737 4336 hominibus,
762 4272 792 4320 et
811 4261 887 4342 apud
913 4273 1028 4322 sanctos
1048 4279 1100 4319 uso
1120 4269 1264 4338 receptum
1296 4249 1322 4312 ad

147 4385 169 4395 ..
221 4345 303 4404 spem
323 4332 440 4396 ultimae
460 4337 682 4402 resurrectionis
702 4337 947 4400 confirmandam.
975 4337 1101 4398 Tantum
1122 4298 1323 4401 docerevoluit,
