2816 4746
7 4189 8 4196 '
39 4253 58 4260 ,
110 4217 114 4229 ·
145 4192 266 4268 „luerit
312 4195 417 4286 Itaque
443 4196 467 4255 si
491 4215 632 4276 prospera
656 4217 693 4256 vo

136 221 177 284 aa
329 190 331 199 ’
477 248 481 261 =
576 219 631 278 10.
653 216 821 280 csuvuu

141 375 291 440 venturos,
303 374 514 446 rogarentque,
525 375 558 424 ut
566 383 635 423 snae
645 363 818 426 valetudinis
829 361 972 422 rationem
982 361 1113 422 haberet.
1151 361 1267 422 Postri-

143 440 192 500 die
210 441 430 522 i'gitnrhqunm
461 441 497 519 ad
522 461 588 500 eum
614 461 717 502 omnes
743 461 758 500 e
784 438 863 499 curia
885 438 1048 511 venissent,
1078 449 1180 500 mutuo
1201 439 1267 500 data

128 529 319 598 «acceptaque
334 518 437 592 salute,
457 529 610 597 postquam
622 518 734 618 vpniam
746 515 895 597 petivisset
913 516 993 594 quod
1005 516 1042 596 ad
1060 516 1155 596 ipsum
1174 535 1267 594 usque

142 594 298 667 venissent,
320 616 408 674 quum
429 595 483 654 sibi
505 596 602 678 potins
621 594 656 654 ad
677 614 727 652 eos
747 593 943 653 accedendum
965 605 1050 666 esset,
1071 605 1101 652 et
1120 591 1267 671 praelatus

135 690 206 730 ¹sese
225 671 395 750 iampridem
418 671 472 731 lroc
493 693 558 738 cum
579 671 645 750 ipsis
668 668 846 748 colloquium
866 669 1049 749 expetivisse,
1069 669 1149 748 qnod
1170 677 1294 739 tament

143 747 466 828 eousque'distulisset,
492 748 558 808 dum
586 746 672 826 paulo
699 748 805 805 certius
830 746 936 805 exitum
962 768 1045 806 snum
1065 747 1269 826 praesentiret,

143 824 234 906 „Ego
254 843 341 899 vero,
371 825 511 905 inquit,
542 823 707 882 honorandi
730 823 865 896 Domini,
895 823 1029 902 ingentes
1055 820 1268 900 vobisgratias

143 921 241 983 „ago,
266 902 344 1037 qpod
366 921 412 960 me
432 902 518 982 plane
545 899 616 960 nihil
636 899 777 959 eiusmodi
802 901 993 991 promeritum
1019 899 1106 958 tantis
1132 899 1276 972 affecistis

110 997 113 1004 ·
143 978 274 1051 „honori
299 999 346 1052 us,
374 995 511 1057 measque
542 975 678 1056 plurimas
707 976 892 1035 infirmrtates
923 987 986 1036 tarn
1013 975 1159 1055 patienter
1182 993 1269 1055 saepe

88 1081 93 1089 ·
143 1054 331 1130 „tolerastis,
364 1054 444 1134 quod
468 1054 621 1112 maximum
641 1073 757 1132 semper
780 1053 856 1133 apud
881 1072 928 1111 me
954 1052 1010 1112 luit
1029 1063 1143 1112 vestrae
1167 1055 1196 1112 in
1220 1069 1269 1110 me

118 1131 321 1212 ‘·„singularis
341 1129 566 1190 benevolentiae
588 1141 801 1209 argumentum.
844 1129 884 1189 Et
904 1129 1032 1207 quamvis
1056 1128 1128 1187 mihi
1147 1147 1270 1188 munere

56 1239 59 1248 ι
144 1228 238 1282 „meo
265 1207 438 1288 defungenti
463 1207 541 1266 varia
565 1206 715 1266 subeunda
742 1206 917 1282 certamina,
948 1205 1078 1286 variique
1108 1203 1270 1266 sustinendi

144 1283 285 1359 „luerint
303 1283 437 1361 insultus,
456 1281 537 1364 quod
556 1283 598 1343 sic
610 1294 748 1364 oporteat
767 1283 909 1362 optimum
923 1282 1009 1342 etiam
1024 1301 1170 1361 quemque
1191 1301 1272 1340 exer·

144 1361 240 1435 „·eeri,
260 1361 322 1422 scio
341 1371 439 1420 umen
461 1372 491 1420 et
510 1377 650 1440 agnosco,
670 1359 744 1419 nihil
764 1360 889 1419 istorum
906 1370 1000 1419 vestra
1021 1358 1105 1439 culpa
1125 1359 1271 1418 accidisse.

143 1433 282 1512 „Precor
300 1448 395 1495 autem
415 1458 467 1498 vos
485 1439 693 1510 vehementer,
720 1447 770 1511 ut,
801 1437 825 1496 si
845 1455 1037 1526 quaecunque
1057 1436 1191 1514 oportuit
1208 1455 1271 1514 non

141 1513 320 1594 „praestiti,
346 1513 506 1574 voluntatis
528 1533 610 1573 meae
635 1511 734 1592 potius
760 1535 847 1592 qnam
867 1513 1010 1572 facultatis
1032 1511 1159 1571 habeatis
1180 1512 1271 1570 ratio-

141 1611 249 1668 ,·,nem.
299 1583 376 1650 Illud
406 1591 483 1653 euim
512 1611 582 1652 vere
602 1611 720 1670 possum
751 1590 867 1662 testari,
898 1588 984 1648 fuisse
1016 1607 1063 1646 me
1094 1587 1272 1670 reipublicae

144 1678 283 1742 „vestrae
303 1668 455 1726 exanimo
476 1668 653 1741 studiosum,
677 1678 725 1740 et,
749 1677 783 1724 ut
802 1665 902 1724 olficio
929 1674 996 1724 nien
1022 1663 1111 1744 plene
1136 1686 1197 1724 non
1219 1664 1272 1724 sim

144 1742 343 1818 „delunctns,
368 1742 494 1824 publicis
522 1743 640 1823 quidem
660 1754 741 1802 certe
762 1741 925 1820 commodis
950 1761 1004 1819 pro
1025 1741 1101 1800 virili
1121 1740 1273 1801 studuisse.

137 1819 264 1895 „',Quod
289 1820 344 1880 nisi
369 1840 577 1900 agnoscerem,
610 1819 771 1879 Dominum
790 1819 913 1877 vicissim
945 1836 1035 1907 opera
1058 1814 1205 1876 interdum
1230 1818 1273 1876 uti

146 1910 237 1971 „mea
262 1919 322 1958 non
349 1897 493 1957 inutiliter
512 1896 652 1971 voluisse,
678 1894 913 1955 dissimulationis
934 1895 1045 1954 c'rrmen
1071 1914 1131 1953 nou
1157 1893 1273 1975 elinge-

146 1993 242 2047 „rem
282 1974 342 2033 Sed
363 1973 420 2034 hoc
440 1973 558 2038 avobis
579 1973 669 2032 etiam*
686 1983 773 2064 atque
794 1972 879 2031 etiam
900 1982 982 2050 peto,
1003 1981 1036 2030 ut
1056 1970 1273 2030 excusationem

145 2050 248 2130 „apud
259 2071 311 2110 vos
332 2051 486 2123 inveniam,
508 2049 586 2128 quod
606 2060 665 2108 tam
688 2069 789 2130 exigna
808 2049 1069 2126 sintquaecunque
1112 2046 1208 2106 nblice
1226 2047 1273 2108 vel

145 2127 308 2206 „privatim
328 2126 469 2207 praestiti,
488 2145 558 2206 prae
578 2125 612 2188 iis
623 2145 698 2205 quae
717 2147 733 2185 a
753 2145 799 2182 me
819 2125 882 2183 fieri
903 2124 1043 2203 oportuit.
1085 2067 1172 2183 Dltro
1194 2136 1274 2184 certe

144 2224 318 2286 „agnosco,
338 2223 385 2262 me
404 2202 487 2263 vobis
507 2202 565 2262 hoc
586 2221 705 2281 quoque
726 2200 846 2275 nornine
866 2199 1021 2280 plurimum
1044 2199 1168 2276 dehere,
1193 2200 1273 2280 quod

145 2281 384 2358 „vehementiam
408 2279 488 2339 illam
512 2300 606 2338 meam
632 2279 781 2338 interdum
807 2277 1026 2352 immoderatam
1052 2297 1146 2356 aequo
1173 2279 1271 2336 animo

146 2353 295 2436 „tulistisz
318 2377 392 2437 quae
412 2367 538 2438 peccata
552 2377 614 2416 mea
634 2355 753 2416 confido
775 2353 845 2413 milri
865 2354 956 2414 aDeo
978 2373 1097 2434 qnoque
1116 2354 1179 2433 ipso
1200 2375 1273 2413 con·-

146 2435 285 2511 „donata
326 2434 485 2496 Caeterum
503 2432 582 2512 quod
608 2433 644 2492 ad
664 2433 826 2492 doctrinam
852 2431 970 2506 attinet,
995 2452 1081 2510 qnam
1102 2450 1135 2492 ex
1154 2450 1201 2490 me
1220 2451 1273 2490 an-

147 2511 264 2589 „distis,
284 2523 377 2572 testor
397 2531 444 2569 me
464 2531 525 2570 non
545 2521 657 2569 temere
677 2528 774 2588 neque
794 2509 924 2582 incerto,
945 2507 995 2568 sed
1016 2526 1089 2587 pure
1108 2529 1142 2580 ae¹
1159 2507 1274 2567 sincere

147 2588 289 2663 „verbum
309 2588 367 2647 Dei
391 2587 463 2645 mihi
489 2588 690 2646 concreditum
712 2585 862 2658 docuisse,
893 2585 973 2658 cuius
993 2585 1064 2644 iram
1085 2584 1194 2664 alioqui
1212 2597 1273 2644 tam

145 2665 270 2740 „scirem
292 2665 358 2722 huic
379 2663 467 2740 capiti
487 2682 553 2722 meo
573 2664 685 2736 iamiam
706 2661 872 2732 imminere,
892 2682 977 2739 quam
989 2670 1084 2720 certus
1098 2681 1172 2734 sum,
1192 2681 1273 2721 meos

145 2742 198 2817 „io
219 2740 355 2799 docendo
375 2738 490 2796 labores
512 2738 538 2796 ei
559 2755 620 2797 oon
633 2737 818 2818 displicuisse.
856 2737 890 2794 Id
915 2757 950 2794 ne
970 2757 1068 2796 coram
1082 2736 1149 2796 Deo
1171 2749 1200 2796 et
1220 2757 1273 2796 vo·

145 2817 214 2895 „bis
235 2835 271 2875 eo
292 2814 429 2873 libentius
449 2813 601 2886 testificor,
622 2804 701 2893 quod
722 2813 841 2894 minime
862 2759 1008 2884 duisitem,
1029 2812 1165 2872 Satanam
1185 2824 1275 2894 prout

146 2894 320 2970 „consuerit
340 2888 501 2969 improbos,
521 2889 608 2964 leves,
628 2891 823 2970 vertiginosos
844 2889 971 2968 denique
992 2889 1125 2949 homines
1137 2909 1273 2950 eorrum-

145 2969 305 3106 ctltltt
326 2965 860 3105 ttttxtttt..².⁰llltttlttt²⁰
882 2964 1275 3104 lttlttlttltlttl

147 3122 275 3196 suerent,
296 3066 395 3203 Elige,
415 3140 489 3202 ego,
509 3120 646 3199 inquit,
665 3123 792 3199 optimus
812 3065 879 3179 simil
894 3120 986 3192 testis,
1006 3130 1080 3199 quot
1100 3067 1275 3200 quantisque¹

147 3197 303 3278 „perieulis
317 3198 429 3278 Optimi
441 3195 557 3260 Maximi
576 3198 634 3258 Dei
654 3218 756 3256 manns
776 3215 832 3256 vos
852 3197 1000 3256 exemerit
1038 3196 1151 3256 Videtis
1170 3217 1274 3276 porro,

147 3293 231 3354 ,‚quo
252 3273 320 3334 loco
341 3277 409 3336 sitis.
449 3277 519 3339 Sive
542 3276 632 3358 igitur
650 3273 795 3335 secundae
815 3293 861 3334 res
880 3285 993 3334 vestrae
1013 3272 1124 3332 fuerint
1142 3274 1201 3334 sive
1221 3273 1274 3332 ad-

146 3369 287 3428 „versae,
307 3351 393 3426 illud,
414 3373 540 3445 quaeso,
560 3351 643 3414 vobis
664 3351 703 3411 ob
725 3349 829 3410 oculos
847 3369 964 3431 semper
983 3350 1171 3425 obversetur,
1190 3349 1273 3410 illum

147 3447 258 3503 „unum
279 3448 356 3502 esse,
377 3451 426 3508 qur
445 3450 477 3490 re
500 3451 536 3489 na
557 3441 587 3488 et
606 3429 734 3490 ciuitates
746 3426 896 3502 stabiliat,
921 3446 1017 3506 eoque
1037 3426 1157 3486 nomine
1177 3426 1236 3487 coli
1256 3447 1273 3486 a

146 3502 340 3583 „mortalibus
360 3506 438 3566 velit.
477 3449 672 3570 dimiseritis,
688 3525 826 3586 magnum
846 3503 927 3564 illum
948 3503 1089 3565 Davidem
1107 3504 1221 3579 testari,
1241 3522 1273 3563 se

148 3594 231 3658 „tum
257 3581 422 3661 prolapsum
449 3601 531 3658 esse,
564 3603 653 3662 quum
678 3581 734 3642 alta
759 3581 815 3642 iam
835 3601 907 3660 pace
932 3581 1094 3652 frueretur,
1123 3601 1273 3660 uunquam

1323 1365 1341 1606 -

84 3704 89 3712 .
147 3669 249 3735 „certe
269 3671 481 3734 surrecturum,
514 3660 568 3720 nisi
589 3659 735 3719 Dominus
765 3657 898 3718 bonitate
922 3653 1061 3750 singulari
1085 3677 1135 3717 sua
1155 3677 1272 3732 manum
1337 3665 1340 3672 ’

147 3737 200 3811 „ei
215 3735 399 3815 porrexisset.
445 3735 525 3810 Quid
550 3735 641 3818 igitur
662 3733 781 3794 tantillis
808 3733 991 3796 homunculrs
1016 3733 1196 3813 fiet,>quum
1221 3732 1271 3808 ille

147 3825 228 3888 „tam
254 3823 360 3892 potens
381 3811 518 3872 et'lortis
543 3811 701 3888 ceciderit?
738 3813 853 3890 Nempe
877 3829 983 3892 magna
1002 3809 1085 3870 vobis
1110 3809 1200 3870 animi
1220 3809 1272 3868 de-

58 3951 60 3954 ,
147 3890 305 3962 „missione
327 3908 400 3968 opus
420 3899 473 3961 est,
493 3901 526 3948 nt
545 3911 590 3948 ma
614 3911 648 3948 na
668 3911 734 3950 cum
746 3888 806 3948 Dei
826 3890 988 3948 reverentia
1007 3884 1132 3948 sollicite
1152 3886 1272 3946 inceda-

146 3966 215 4041 „tis,
234 3966 369 4044 illiusque
388 3965 472 4024 unius
492 3909 612 4044 praesid

147 4053 215 4114 „ut,
239 4043 319 4129 qnod
344 4054 402 4102 tarn
421 4059 508 4120 saepe
528 4062 561 4100 re
584 4043 645 4176 ipsa
665 4041 808 4115 sensistis,
838 4039 1014 4101 firmiillius
1040 4060 1098 4120 ope
1122 4037 1271 4120 perstetis,

146 4119 276 4191 „etiamsi
298 4117 377 4179 velut
402 4139 435 4178 ex
466 4116 550 4178 tenui
576 4119 626 4178 fio
651 4139 698 4177 sus
721 4139 789 4178 ensa
813 4129 908 4179 vestra
932 4117 1006 4178 salus
1033 4127 1063 4176 et
1085 4115 1270 4176 incolumitas

696 4140 739 4254 iis
760 4195 926 4268 evenerint,
955 4205 1056 4254 cavete
1077 4213 1203 4272 quaeso,
1233 4212 1271 4251 ne

147 4267 357 4348 „profanorum
378 4284 469 4334 rnstar
488 4271 669 4347 efferamini,
692 4271 743 4334 sed
762 4268 830 4330 Deo
850 4271 949 4352 potius
969 4291 1035 4330 cum
1055 4269 1146 4330 animi
1165 4267 1271 4330 demis-

147 4347 252 4422 „siooe
272 4347 377 4428 gratias
402 4349 488 4431 agite.
534 4349 587 4411 Sin
612 4349 731 4412 adversa
753 4347 839 4412 vobis
863 4347 1040 4425 acciderint,
1067 4346 1200 4427 adeoque
1219 4355 1272 4406 tos

607 3966 636 4026 io
656 3965 802 4040 nitamini,
823 3964 896 4024 certi
915 3964 1051 4024 nimirum
1070 3963 1109 4024 ita
1129 3963 1271 4038 futurum,
1349 4001 1356 4008 -
