2816 4746
511 180 603 243 nnn.
624 179 789 242 uoxurv.
862 153 868 176 ‘
1185 189 1222 252 rs
1320 156 1359 184 “’“

91 332 187 412 praeci
212 349 252 390 no
280 345 418 399 munere,
442 323 530 406 quod¹
545 323 855 387 in..administra‘tiooc
874 323 958 387 verhi
984 327 1111 407 positum
1137 339 1222 402 essu,
1276 352 1280 361 ·

90 407 168 468 ultro
189 350 280 467 bonis
301 405 363 466 istis
381 424 455 483 quos
475 413 582 470 vocant
601 400 774 466 doctoribus
794 401 959 464 cessissent:
980 421 1015 464 ea
1035 415 1134 464 tamen
1147 425 1222 464 con-

90 486 214 559 ditione,
234 493 269 542 ut
288 492 422 562 tanquam
443 498 529 540 canes
549 477 677 540 dominis
694 477 828 538 illis'suis
842 478 1032 555 subserviant,
1047 501 1081 540 ex
1094 501 1221 562 quorum

89 561 199 620 mensis
220 579 285 618 ossa
304 557 421 618 taudem
440 555 545 616 millies
565 553 725 637 abligurita·
746 553 917 628 corrodunt.
953 559 1033 618 Ausa
1051 558 1148 618 iuerat
1165 560 1175 620 i
1197 559 1222 617 i-

89 650 141 697 tur
160 635 325 711 Sorbona,¹
342 632 425 694 nulio
445 651 542 711 neque
568 632 665 692 divino
687 651 785 712 neque
805 631 934 690 humano
952 633 1015 693 iure
1036 634 1125 711 fulta,
1150 579 1221 698 fidei

91 713 278 775 Christianae
300 709 436 773 articulos
461 709 677 789 praescribere,
702 707 846 768 eiusmodi
870 705 1003 787 quidem,
1026 723 1143 772 uttam
1171 733 1223 776 sua

90 789 236 863 falsitate,
258 799 318 848 tum
342 785 398 848 illis
422 788 541 850 summis
564 787 697 866 ineptiis,
722 804 798 865 quae
817 795 891 845 sunt
910 784 955 844 illi
974 785 1223 852 sodalitati-iami-

93 866 197 939 liares,
221 885 335 926 omnem
361 863 419 924 sibi
443 863 511 943 ipsis
531 864 776 924 anctoritatem'a
799 860 838 922 ud
859 861 995 922 homines
1019 883 1080 922 nou
1103 887 1224 945 prorsus

94 953 224 1003 amentes
241 941 347 1002 merito
370 940 515 1022 derogare
534 939 699 1020 potuerint:
753 883 838 1000 uibus
863 949 962 1002 nmen
983 938 1032 998 alii
1054 952 1149 1017 metu,
1174 944 1224 1004 alii

92 1039 150 1111 per
167 1011 340 1098 imperitiam
359 1016 439 1077 ultro
459 1017 698 1096 subscripserant
733 959 840 1098 itaque
860 1015 1014 1094 respondit
1032 1015 1067 1076 iis
1078 1016 1225 1097 Calvinus,

90 1108 133 1155 rta
152 1107 186 1154 ut
205 1105 235 1154 et
253 1113 371 1164 errores
391 1093 493 1155 solidis
511 1093 674 1154 rationibus
694 1093 862 1174 pererudite
881 1091 1040 1168 refutaret,
1066 1104 1226 1155 eteorum

30 1179 32 1186 ’
93 1169 332 1236 demzstultitiam
353 1170 490 1240 omnibus
516 1187 576 1230 non
603 1171 720 1250 penitus
744 1168 859 1230 insulsis
882 1170 1011 1230 suaviter
1035 1169 1236 1232 deridendam¹

93 1249 277 1338 propinaret.
316 1247 368 1307 Sic
388 1259 432 1308 est
451 1267 544 1308 annus
568 1246 618 1314 ille
643 1259 775 1321 tractus,
799 1265 887 1326 quem
911 1244 983 1306 alius
1004 1246 1101 1307 nihilo
1126 1247 1228 1308 mitior
1292 1257 1297 1262 “
1331 1273 1335 1282 ’

93 1336 223 1415 exceprt,
245 1323 349 1384 iisdem
372 1324 455 1385 malis
480 1324 601 1388 caritate
624 1323 762 1384 videlicet
786 1345 819 1384 ac
843 1334 926 1401 peste
946 1321 1122 1385 sabaudiam
1147 1323 1226 1384 inie-

91 1399 253 1473 stantrbus,
277 1411 307 1458 ct
332 1412 477 1482 pergente
496 1401 620 1460 vicissim
638 1399 765 1478 Calvino
785 1399 866 1459 dorni
891 1400 1008 1480 ‘quidem
1025 1402 1225 1470 suosconlim

92 1497 183 1551 mare,
202 1475 285 1560 foris
296 1496 367 1538 vero
388 1475 576 1538 ecclesiarum
593 1476 692 1540 hostes
711 1476 830 1537 fortiter
847 1477 1019 1556 reprimere,
1038 1477 1123 1538 editis
1164 1497 1228 1538 rae·

92 1552 197 1622 sertim¹
213 1552 298 1612 libris
317 1564 445 1632 quatuor
464 1553 500 1612 de
521 1552 607 1616 liberi
629 1552 744 1614 arbitrii
763 1551 973 1628 controversia,
992 1574 1066 1634 quos
1085 1499 1164 1616 Phili
1207 1575 1247 1616 or

93 1627 319 1690 Melanchthoui
330 1630 444 1704 dicavit,
455 1628 750 1692 adversusblberturn
760 1629 897 1712 Pighium
906 1629 1112 1712 Campensem,
1124 1651 1177 1713 sop
1200 1632 1228 1692 i..

93 1719 165 1766 stam
185 1704 263 1766 illius
283 1707 384 1778 aetatis
404 1705 487 1768 facile
506 1707 602 1787 princi
625 1727 687 1782 em,
701 1729 728 1768 a
749 1728 814 1788 quo
838 1707 925 1766 etiam
945 1707 1042 1766 fuerat
1065 1729 1120 1789 pro
1146 1721 1228 1772 auta-

94 1783 222 1864 gouista,
234 1779 380 1858 delectus,
413 1803 446 1844 ex
466 1805 525 1866 quo
545 1783 685 1846 videncet
701 1794 853 1864 reportata
872 1783 978 1866 insigni
997 1784 1120 1846 victoria
1144 1786 1229 1870 gale-¹

93 1880 160 1918 rum
179 1879 249 1918 mox
268 1877 285 1918 a
303 1858 448 1920 Pontificc
469 1873 709 1940 consequeretur.
748 1861 789 1920 At
807 1861 858 1920 ille
873 1861 944 1922 »boc
962 1883 1016 1922 sno
1042 1861 1229 1922 laboratum

93 1946 202 1998 ¹stratus
221 1935 252 1994 id
276 1957 366 1994 noum
393 1949 572 2017 assequutus¹
588 1949 649 2013 est,
681 1939 762 2018 quod
787 1950 940 1998 merentur
963 1939 1093 2000 veritatis
1117 1939 1230 2017 hostes,

94 2031 203 2092 nempe
222 2021 304 2086 utet
324 2013 418 2074 doctis
438 2013 512 2074 sanis
536 2034 571 2074 ue
591 2015 759 2076 bominibus
778 2017 918 2089 foeteret,
937 2027 968 2075 et
987 2015 1024 2076 ab
1041 2016 1104 2096 ipso
1121 2017 1227 2076 Satana

95 2087 291 2169 deciperetur.
330 2091 390 2150 Eos
410 2102 505 2152 autern
515 2035 618 2152 ‘iibros
638 2093 739 2170 quanti
759 2091 885 2166 iaceret,
905 2101 1032 2153 :testatus
1051 2105 1096 2153 est
1111 2094 1172 2153 'suis
1191 2093 1231 2152 ii·
1263 2111 1265 2122 ¹

94 2165 167 2224 teris
185 2165 355 2246 Philippus,
381 2187 450 2245 quas
476 2168 584 2228 iccirco
605 2170 692 2228 etiarn
717 2168 843 2228 edendas
861 2170 1045 2260 putavimus,
1068 2182 1103 2228 ut
1121 2165 1231 2231 haheat

96 2243 253 2320 posteritas
293 2254 421 2310 certum¹
442 2241 684 2325 luculentumqne
702 2247 936 2318 ¹testimonium,
974 2246 1054 2324 qued
1093 2247 1232 2306 adversus

95 2318 250 2396 utriusque
271 2319 493 2381 calumniatores
514 2334 655 2400 opponat.
695 2322 756 2380 Sed
776 2333 806 2380 et
826 2341 860 2379 ex
872 2322 1002 2380 eiusdem
1015 2320 1128 2380 Caluini
1138 2321 1231 2381 literis

94 2395 205 2456 eodem
226 2394 457 2462 annotecclesiae
474 2397 743 2476 Mombelga'rdeusi
762 2398 886 2488 scriptis,
907 2397 976 2473 quid
996 2397 1033 2454 sit
1052 2397 1087 2456 iis
1108 2416 1231 2476 respon.-

94 2468 230 2530 dendum
251 2468 342 2549 quivis
363 2482 540 2550 cognoscet,
567 2477 617 2550 qui
645 2473 681 2529 de
707 2473 905 2550 nimia,rpsius
924 2470 1079 2530 severitate
1098 2471 1128 2530 in
1149 2489 1233 2531 exer-

97 2545 202 2607 cendis
220 2543 440 2604 ecclesiasticae*
458 2543 579 2624 politiae
599 2545 715 2628 legibus
735 2552 906 2626 queruntur.

133 2767 137 2777 ,
155 2699 269 2776 (1544.)
283 2697 432 2776 Seqnutus
445 2709 491 2758 est
501 2719 593 2758 annus
605 2719 691 2780 supra
703 2701 984 2780 sesquimillesimum
997 2702 1233 2784 quadragesimus

99 2786 235 2856 quartus,
254 2775 285 2847 in
305 2795 372 2855 quo,
388 2774 525 2844 Calvinus
545 2775 582 2838 de
600 2777 850 2840 Neocotnensium
875 2778 1232 2848 iunctissimusque,

97 2851 173 2914 suris
196 2851 331 2912 instituto
355 2871 435 2929 enam
461 2851 635 2914 sententiam
663 2855 784 2934 aperuit.
827 2855 921 2917 ‹Domi
944 2875 1016 2918 vero
1041 2856 1232 2920 Saturnum
1282 2876 1286 2884 ·

97 2929 151 2989 ille
176 2923 333 3005 Cast'ellio,
358 2929 444 2990 cuius
464 2927 722 3008 autcn'levitatem
746 2933 930 3010 notavimus,
961 2945 995 3000 ut
1020 2945 1083 2994 erat
1106 2931 1233 3016 quadarn

98 3003 356 3081 ταπεινοφροσύνης
379 3006 478 3086 specie
497 3008 676 3088 ineptissime
695 3009 881 3086 ambitiosus,
905 3029 939 3082 ac
963 3011 1050 3090 plane
1075 3030 1232 3071 ex-eorum

98 3103 228 3179 genere,
248 3105 322 3166 quos
343 3085 452 3148 Graeci
470 3083 675 3157 ἰδιογνώμονας
692 3086 856 3168 appeliant,
875 3088 1043 3170 indignatus
1068 3088 1148 3169 quod
1167 3106 1247 3148 suas*

96 3160 223 3242 rueptias
243 3162 275 3220 in·
293 3162 396 3242 gallica
406 3162 483 3221 Novi
493 3163 677 3224 Testamenti
695 3165 830 3223 versione
843 3163 966 3225 Calvino
985 3183 1048 3224 non
1066 3165 1234 3245 probasset,

98 3257 232 3316 eousque
253 3238 402 3316 efferbuit,
421 3249 454 3298 nt
472 3241 593 3306 exotica
604 3241 743 3320 quaedam
765 3240 873 3300 docere
886 3262 948 3300 non
963 3252 1121 3320 contentus
1135 3235 1232 3321 palam

99 3317 260 3379 Canticum
281 3315 463 3389 Salomonis,
487 3326 627 3395 tanquam
646 3318 791 3397 impuram
817 3327 848 3377 et
871 3317 1027 3378 obscenam
1044 3319 1232 3392 cantionem,

98 3415 135 3454 ex
155 3393 280 3454 Canone
301 3395 427 3480 expungi
449 3391 581 3465 iuberet,
602 3405 637 3462 et
657 3405 854 3530 repugnantes
874 3395 1023 3454 ministros
1043 3393 1234 3465 atmcissimis

99 3469 241 3531 conviciis
261 3471 475 3550 proscinderet.
504 3469 539 3528 Id
560 3469 601 3530 illi
621 3489 692 3530 vero
713 3493 736 3530 ει
758 3471 768 3529 i
787 3491 848 3530 non
873 3471 1028 3530 ferendum
1049 3474 1154 3532 merito
1175 3471 1235 3533 rati

99 3546 254 3608 hominem
280 3547 316 3606 ad
337 3547 478 3610 Senatum
497 3560 621 3610 vocant:
646 3547 697 3606 ubi
722 3547 818 3628 pridie
839 3546 960 3606 Caleud.
980 3548 1058 3608 lunii
1077 3551 1233 3631 patieutis·

99 3625 173 3685 sime
191 3621 322 3698 auditus,
347 3625 466 3707 cognita
488 3646 525 3685 ue
545 3636 629 3686 causa
649 3623 809 3704 calumniae
835 3623 1003 3702 damnatusq
1027 3647 1060 3685 ex
1084 3626 1159 3687 urbe
1185 3643 1234 3682 ex·

100 3700 208 3760 cedere
227 3699 319 3762 iussus
339 3713 392 3762 est.
430 3645 665 3764 IndeBasileam
691 3721 778 3792 quum
804 3705 945 3775 venisset,
969 3703 1085 3763 tandem
1112 3703 1155 3762 ibi
1177 3699 1232 3776 ad-

100 3778 204 3838 missus
238 3775 353 3862 qualem
382 3799 413 3838 se
444 3780 639 3860 praestiterit,
670 3777 740 3838 alubi
764 3800 779 3838 a
804 3776 891 3838 nobis
911 3779 1033 3860 dicetur.
1073 3781 1233 3842 Caeterum

101 3873 181 3914 anno
202 3854 355 3934 superiore
368 3876 466 3935 quum
487 3856 611 3917 Carolus
632 3856 755 3935 quintus
774 3854 1048 3917 adversusGallnm
1072 3856 1143 3916 totis
1162 3851 1233 3910 viri-

101 3930 157 3991 bus
188 3950 317 4007 mpvens
335 3929 490 3994 Germanis
512 3935 555 3994 sic
581 3935 714 4009 cavisset,
735 3943 768 3994 nt
793 3933 949 4012 tantisper,
974 3935 1043 3992 dum
1063 3927 1233 3993 Concilium

102 4007 265 4068 uniuersale
298 4020 469 4089 cogeretur,
501 4012 582 4089 quod
606 4031 670 4071 sese
698 4022 864 4071 curaturum
895 4005 1103 4090 promittebat,
1134 4003 1233 4065 neutri

102 4083 231 4164 partium
250 4086 432 4164 praeiudicio
457 4087 554 4162 iacto,
578 4088 657 4147 inter
682 4109 751 4168 quas
776 4087 813 4146 de
836 4085 982 4168 religione
1008 4079 1233 4162 disceptabatur,

103 4160 254 4240 utrimque
295 4163 336 4220 ari
355 4162 436 4232 inter
452 4183 483 4224 se
501 4165 566 4223 iure
585 4177 754 4237 uterentur,
778 4162 936 4243 plurimum
961 4179 995 4220 ea
1015 4178 1048 4220 re
1067 4171 1232 4220 commotus

102 4238 241 4298 Pontifex
291 4259 409 4300 omanus
427 4239 533 4302 Paulus
552 4241 823 4323 III..gravissimam
843 4239 874 4297 in
894 4238 988 4316 ipsum
1007 4236 1161 4297 Caesarem
1179 4255 1231 4294 ex-

102 4315 334 4405 postulationem
355 4315 455 4393 edidit,
475 4317 555 4398 qnod
575 4317 727 4406 catholicis
740 4315 903 4376 haereticos
914 4312 1025 4374 scilicet
1036 4323 1232 4392 exaequasset,
1288 4344 1293 4356 ·
