2786 4742
449 25 455 37 ·
489 4 499 43 i

287 241 347 318 (rr.
365 239 475 308 marm
492 197 698 304 canaan„
717 241 787 323 resa
802 214 953 326 tangens.)
1127 221 1187 308 ata
1271 254 1277 266 ·

1 368 7 428 i
57 385 188 453 domum
214 406 322 481 suam·
364 389 415 456 42.
448 381 613 475 Quoniam
644 383 742 454 unica
769 385 838 454 filia
866 383 939 456 era't
966 385 998 456 ei
1026 373 1191 456 annorum*

56 488 240 567 duodecim,
261 499 293 554 et
312 487 393 554 haec
412 485 619 572 moriebatur.
660 489 786 554 Verum
806 490 1049 562 intereundum
1069 489 1187 558 turbae

34 588 267 656 „coarctabant
289 612 370 656 eum.
417 591 469 656 43.
488 588 531 658 Et
550 583 681 668 mulier,
709 611 793 676 quae
816 600 885 655 erat
905 587 1044 658 obnoxia
1065 593 1189 678 proflu-

55 692 113 754 vio
133 692 298 776 sanguinis
319 690 360 755 ab
381 693 474 756 annis
496 690 679 770 duodecim,
700 713 783 777 quae
804 692 837 755 in
857 688 1004 755 medicos
1022 679 1201 780 impende?
1246 693 1249 716 ⁴

1 797 2 806 ’
56 801 108 854 rat
128 812 255 856 omnem
277 789 495 876 substantiam,
515 814 578 857 nec
600 790 641 857 ab
664 791 734 858 ullo
750 787 907 879 'potuerat
926 795 1042 871 curari,
1062 775 1189 860 44.Ἀο-

1 885 3 920 *
59 893 155 976 cessit
175 903 279 973 retro,
302 903 333 958 et
352 895 455 980 tetigit
475 891 635 972 fimbriam
655 894 840 958 vestimenti
862 892 944 970 eius,
968 902 1001 956 et
1020 895 1191 963 confestim

1 1033 2 1044 ι
57 994 147 1056 stetit
167 991 270 1060 fluxus
295 997 460 1079 sanguinis
482 996 559 1060 eius.
600 995 651 1059 45.
679 994 721 1058 Et
744 996 788 1058 ait
807 994 912 1071 lesus,
939 992 1024 1078 Quis
1044 1004 1106 1072 est,
1134 996 1192 1079 qui
1289 1037 1296 1056 ι

57 1113 111 1167 ane
132 1097 254 1182 tetigit?
295 1085 498 1181 Negantibus
520 1097 626 1160 autem
644 1093 809 1175 omnihus,
840 1093 918 1160 dixit
938 1094 1057 1174 Petrus,
1081 1095 1191 1180 etqui

1 1271 2 1280 ἵ
59 1214 132 1258 cum
160 1193 218 1260 illo
247 1205 355 1276 erant,
381 1195 592 1283 Praeceptor,
619 1195 733 1262 turbae
754 1205 787 1262 te
809 1196 1032 1282 constringunt
1053 1203 1086 1258 et
1110 1189 1194 1258 aiiii-

1 1305 2 1316 ’
58 1304 160 1380 etant,
182 1307 215 1361 et
229 1296 329 1376 dicis,
352 1295 436 1384 Quis
457 1317 509 1360 mc
533 1299 654 1382 tetigit?
697 1298 748 1362 46.
774 1297 816 1362 Et
839 1295 918 1362 dixit
938 1297 1043 1375 lesus,
1070 1295 1192 1399 Tetigit

1 1411 2 1418 ’
58 1415 113 1460 me
135 1395 265 1483 aliquis:
290 1417 364 1462 nam
388 1415 448 1483 ego
466 1399 562 1492 novi,
581 1399 732 1462 virtutem
755 1417 774 1460 a
794 1419 846 1462 me
867 1417 1021 1464 manasse.
1063 1397 1115 1462 47:
1133 1396 1194 1461 Vi-

1 1496 3 1534 ³
60 1495 144 1562 dens
171 1506 278 1578 autem
305 1495 439 1576 mulier,
475 1495 564 1583 quod
586 1519 655 1562 non
680 1496 840 1577 latuisset,
874 1508 1013 1564 tremens
1039 1501 1131 1563 venit
1155 1521 1193 1564 ac

0 1603 1 1626 ³
58 1596 204 1684 procidit
225 1597 421 1683 antepedes
441 1599 525 1676 eius,
548 1607 583 1662 ct
602 1595 646 1662 ob
669 1619 763 1684 quam
785 1606 916 1664 causam
933 1601 1089 1687 tetigisset
1110 1620 1194 1678 eum,

59 1696 218 1766 indicavit
243 1700 274 1764 ei
296 1719 404 1764 coram
425 1708 496 1764 toto
515 1695 656 1786 populo,
679 1709 711 1764 et
732 1699 1002 1786 quemadmodum
1023 1699 1194 1766 confestim

1 1852 4 1870 ,
58 1809 173 1864 sanata
193 1809 286 1864 esset.
326 1799 380 1866 48.
399 1799 443 1866 At
462 1797 519 1866 ille
539 1800 621 1876 ,dixit
642 1801 681 1880 ei,
703 1797 849 1868 Confide
871 1801 956 1881 filia,
977 1801 1063 1870 fides
1083 1813 1139 1892 tua
1159 1815 1193 1870 te

1 1936 3 1943 ν
58 1901 318 1968 servavitsrade
339 1902 373 1968 in
394 1923 484 1987 pace.
921 1915 924 1920 “
1029 1919 1032 1927 ·

33 2131 35 2137 A
130 2057 245 2120 'Matth
264 2065 311 2126 18.
349 2059 437 2120 Haec
455 2082 542 2140 quaro
560 2060 620 2120 illia
638 2047 830 2139 loqueretur.¹
859 2057 921 2136 Qui
946 2061 1030 2124 aliam
1057 2063 1196 2126 amares

60 2145 94 2196 et
114 2133 194 2196 Luca
214 2155 301 2214 quam
321 2157 337 2195 a
356 2135 505 2201 Matthaeo
526 2136 680 2197 historiam
699 2137 804 2199 referri
824 2139 956 2219 fingunt,
983 2139 1087 2201 clarius
1113 2141 1163 2201 rei
1179 2177 1196 2194 ,-

58 2222 165 2288 tantur
184 2211 220 2271 ab
241 2213 488 2292 ipsocontextu,
520 2233 607 2290 quam
632 2223 668 2273 ut
689 2233 737 2272 res
762 2212 851 2294 ionga
877 2215 1076 2306 disputatione
1100 2229 1196 2300 egeat.

60 2291 141 2350 Tres
162 2309 220 2348 uno
241 2307 294 2348 ore
313 2299 449 2368 rogatum
470 2309 486 2347 a
505 2288 638 2369 principe
663 2307 831 2424 synagqgae
851 2289 1000 2351 Christum
1021 2293 1138 2374 dicunt,
1163 2306 1198 2378 ut

62 2367 185 2427 domum
206 2365 325 2426 ¹reniret
348 2363 494 2423 sanandae
518 2361 593 2425 filiae
619 2385 713 2424 causa.
793 2367 830 2424 oc
855 2365 946 2424 modo
973 2379 1019 2428 est
1040 2369 1198 2440 diversum

1 2445 2 2456 ¹
63 2440 147 2522 quod
167 2459 278 2500 nomen
296 2439 366 2500 Iairi
387 2438 571 2500 a'Matthaeo
590 2458 777 2521 suppressum
796 2440 874 2520 apud
894 2443 1027 2502 Marcum
1048 2454 1078 2502 et
1088 2444 1198 2506 Lucam

64 2515 251 2598 exprimitura
285 2527 316 2576 et
340 2515 392 2576 ilie
415 2527 526 2598 patrem
546 2517 588 2578 sic
614 2517 785 2610 loquentem
805 2516 934 2594 inducit,
965 2516 1039 2581 Filia
1059 2539 1123 2580 mea
1144 2521 1198 2581 de·-

63 2595 168 2658 i‘uucta
187 2604 240 2668 est,
260 2593 366 2673 reliqui
378 2592 436 2654 duo
456 2604 528 2653 tuuc
548 2593 637 2654 inisse
656 2615 686 2654 ιιι
708 2591 841 2655 extremis
855 2594 967 2671 dicunt,
986 2607 1113 2659 mortem
1126 2617 1198 2660 reru

1 2673 2 2682 ’
63 2673 98 2734 in
119 2669 225 2730 itinere
246 2669 335 2732 inisse
355 2671 535 2745 nuntiatam,
560 2672 629 2730 dum
650 2668 801 2732 Christum
820 2671 987 2732 adduceret.
1027 2673 1087 2732 Sed
1107 2673 1138 2734 in
1160 2694 1198 2735 eo
1293 2727 1295 2734 Α

64 2748 141 2810 nihil
161 2746 296 2820 absurdi,
322 2747 403 2827 quod
423 2747 588 2808 Matthaeus
608 2747 785 2830 compendio
805 2751 926 2808 studens
945 2748 1036 2810 semel
1054 2751 1200 2830 perstrina
1302 2755 1304 2762 “
1390 2753 1391 2760 ’

1 2853 2 2884 ι
64 2827 121 2911 git,
141 2843 216 2903 quae
235 2824 285 2885 alii
304 2824 441 2885 distincte
460 2825 518 2884 suis
538 2825 610 2886 locis
629 2825 776 2908 digerunt.
815 2826 974 2886 Caeterum
982 2841 1072 2906 quum
1086 2827 1211 2907 reliqua·

1 2955 2 2964 ,
66 2903 168 2966 omnia
187 2911 246 2962 tam
264 2912 332 2982 apte
345 2901 536 2982 cohaereant,
555 2915 645 2983 quum
665 2914 713 2963 tot
731 2901 762 2961 in
782 2923 873 2962 unum
884 2916 1053 2984 pongruant
1072 2903 1201 2965 cissam-

1 2983 2 2986 ’
65 2979 210 3053 stantiae,
233 2991 267 3039 ut
291 2990 350 3040 tres
371 2978 455 3061 digiti
478 2980 632 3045 rideantur
654 2979 741 3040 simul
762 2978 865 3038 directi
886 2998 947 3038 esse
967 2979 1002 3039 ad
1028 3001 1090 3042 rem
1111 3003 1200 3046 unam
1390 3051 1391 3060 ἵ

1 3079 2 3082 ’
65 3055 297 3130 monstrandam,
316 3055 396 3118 uuila
414 3054 489 3116 ratio
509 3057 621 3136 patitur
633 3055 831 3118 narrationem
851 3054 924 3118 hauc
944 3056 980 3116 ad
993 3057 1111 3117 diversa·
1123 3070 1202 3117 tem..
1310 3095 1316 3103 -
1390 3125 1391 3134 χ

66 3155 144 3215 pora
169 3133 294 3206 trahere.
345 3135 474 3194 Narrant
502 3153 563 3192 uno
595 3151 648 3192 ore
669 3131 896 3232 Evangeiistaef
921 3154 1010 3211 quum
1032 3133 1203 3202 Christusa
1241 3157 1271 3216 .'
1390 3171 1391 3174 =

90 3211 204 3290 riucipe
223 3229 390 3290 synagogae
410 3221 529 3344 rogatus
549 3210 579 3269 in
600 3209 720 3288 domum
740 3224 800 3270 erus
812 3208 937 3285 veniret,
951 3208 988 3269 in
1008 3211 1115 3271 itinere
1134 3233 1202 3270 rnu-
1390 3219 1391 3229 ¹

67 3233 173 3350 iterem
194 3286 313 3346 occulto
333 3285 419 3346 vestis
445 3285 521 3346 eiius
546 3293 627 3349 tactu
650 3297 779 3346 sanatam
800 3285 888 3346 fuisse
901 3307 925 3349 ,a
944 3285 1023 3347 fluxu
1042 3289 1202 3370 sanguinis,

66 3361 347 3449 posteaChristum,
368 3383 457 3441 quum
477 3365 506 3422 in
529 3363 648 3423 domum
689 3361 808 3442 sincipis
818 3363 953 3438 venisset,
973 3361 1101 3444 pucilam
1120 3386 1202 3426 mor-

46 3455 151 3504 tuam
169 3444 329 3502 suscitasse.
379 3439 469 3499 Certe
500 3439 592 3520 longo
617 3383 777 3500 veriorum
802 3439 926 3500 circuitu
951 3461 1025 3520 opus
1052 3461 1114 3503 csse
1139 3461 1203 3514 non

68 3531 157 3600 puto,
175 3527 209 3576 ut
249 3516 387 3577 rohemus
406 3515 484 3576 idern
505 3536 521 3576 a
540 3515 636 3576 tribus
655 3515 770 3578 referri.
808 3515 967 3576 Veniamus
987 3539 1066 3578 nunc
1086 3517 1122 3578 ad
1141 3519 1203 3580 sin·-

30 3629 32 3641 ι
69 3594 149 3679 gula.
260 3596 409 3669 aprinos
426 3591 568 3672 qaedam*
607 3592 783 3672 Quanquam
809 3611 843 3650 ex
868 3593 931 3653 aiiis
957 3594 1071 3656 duobus
1097 3593 1205 3672 liquet,
1280 3616 1284 3625 ¹

69 3694 133 3738 non
155 3689 285 3750 eousque
310 3689 492 3751 progressam
513 3669 601 3730 fuisse
625 3669 703 3730 iliius
723 3668 873 3744 fiduciam,
898 3681 931 3730 ut
949 3670 1038 3732 vitam
1057 3669 1135 3732 filiae
1155 3690 1208 3730 rea

70 3745 153 3809 stitui
173 3745 259 3829 pos'se
279 3757 424 3826 speraret,
449 3767 509 3806 non
532 3745 651 3806 dubium
671 3758 771 3810 tamen
794 3757 854 3820 est,
879 3747 987 3826 quina
1009 3745 1128 3808 Christo
1150 3746 1205 3806 ohe

71 3825 205 3907 iurgatus
237 3824 377 3885 maiorem
403 3843 484 3902 spem
511 3843 597 3902 quarn
625 3823 714 3882 domo
745 3821 883 3884 attulerat
913 3823 1092 3903 conceperit
1143 3821 1205 3884 Sed

72 3901 250 3976 Matthaeus,
270 3912 304 3961 ut
320 3898 433 3970 dietum
453 3910 507 3974 est,
527 3899 711 3980 compendio·
724 3899 843 3961 studens
868 3901 983 3980 inipso
1004 3898 1124 3960 eaordio
1149 3921 1205 3980 po,-

13 3997 16 4006 ’
73 3977 130 4054 nit,
151 3977 231 4059 quod
252 3976 391 4057 temporis
411 3979 545 4038 successu'
567 3977 673 4036 sactum
694 3983 746 4036 es't.
778 3975 827 4038 stc
839 3989 937 4040 tamen
949 3975 1070 4037 historia
1082 3975 1206 4041 texenda

74 4064 130 4128 est,
151 4056 230 4134 quod
251 4051 451 4134 primoIairus
469 4053 590 4134 petierit
609 4052 704 4114 sanari
722 4053 810 4114 filiam
821 4075 901 4116 suam
921 4075 937 4114 a
956 4052 1076 4112 morbo:
1099 4051 1208 4116 deinde

74 4150 90 4188 a
111 4145 207 4192 morte
225 4132 258 4192 in
278 4130 366 4202 vitam
387 4130 517 4202 restitui,
543 4142 698 4211 postquam
723 4129 835 4192 scilicet
860 4129 903 4191 illi
922 4131 1050 4198 animum
1072 4129 1206 4192 Christus
1233 4150 1238 4158 ’

75 4205 194 4270 addidit
237 4206 386 4272 Adorats‘o
412 4227 473 4299 pro
497 4205 704 4290 genuflexione
729 4227 761 4268 ca
785 4209 857 4282 itur,
889 4205 975 4267 sicuti
999 4227 1034 4267 ex
1058 4206 1151 4270 Marci
1176 4213 1208 4268 e't

76 4279 173 4344 Lucae
197 4283 294 4346 verbis
319 4283 387 4348 colli
411 4295 510 4354 rmusr'
530 4277 627 4364 neque
651 4282 731 4344 enirn
758 4227 886 4345 divinum
913 4279 1033 4350 Chiisto
1059 4283 1206 4346 honorem

78 4303 410 4440 maturanensi
434 4361 527 4430 coluit
545 4373 578 4429 ut
597 4361 654 4424 Dei
675 4361 858 4448 prophetam·
899 4357 1076 4427 Gcauiiexio
1098 4373 1223 4438 sutem·
