2808 4748
78 207 97 238 ·l
262 211 263 216 ’
351 191 354 200 '
985 235 988 242 ,

142 297 145 309 '
260 274 263 282 ’
340 361 343 366 ,
392 289 540 366 (28-ἰ29
559 287 688 350 loannes
705 285 903 372 praedicans.)
956 379 958 388 ‚
1161 281 1217 358 '96
1277 283 1283 297 ‘
1378 350 1380 361 ,

87 431 176 494 Unde
196 427 374 570 eollip'uipus,
391 441 498 514 quanta
517 429 607 492 inerit
626 427 720 492 lamae
739 431 800 498 eins
817 431 983 512 celebritas,
1001 431 1049 499 sel
1064 409 1138 514 quls'
1153 431 1215 495 Dei

86 509 243 572 consilium
280 529 298 568 u
328 551 339 586 ‚
363 527 460 570 rarum
483 507 515 568 in
542 527 580 569 eo
605 507 780 591 frugalitatis
800 508 946 590 exemplar
968 527 1156 593 proponere,
1179 523 1215 574 ut

85 586 145 647 hoc
163 585 255 646 modo
267 585 393 648 ludaeos
410 585 542 646 alliceret
558 584 595 646 ad
616 583 769 648 doetrinae
787 585 850 646 eius
866 589 1069 664 reverentiam,
1087 588 1135 653 vel
1153 587 1213 650 sal·
1255 625 1258 630 ι

83 673 147 722 tem
177 661 393 744 ingratitudinis
421 660 626 736 convinceret,
657 659 819 723 secundnm
846 660 921 723 illud
951 661 1061 726 Christi
1091 665 1222 744 dictum,
1265 687 1268 696 ’

84 739 177 798 Venit
191 735 321 800 Ioannes
340 756 403 800 non
422 738 513 799 edens
531 757 629 817 neque
648 735 769 814 bibens,
789 749 845 800 etc.
884 731 955 798 Luc.
974 741 1097 818 ’1,33.).
1201 768 1205 780 ·

161 815 266 876 Matth.
290 819 319 880 6,
356 817 446 877 Marc.
472 821 501 881 6.
544 813 853 890 nasammonas
980 830 1110 890 perosus.
1148 819 1212 880 Te-

85 890 256 951 stimonium
274 891 476 971 poenitentiae
500 889 558 950 luit
580 889 652 951 haec
676 890 841 952 confessioc
865 911 933 950 nam
958 891 1045 952 sicuti
1066 893 1212 959 Dominus

83 968 116 1026 in
136 968 321 1028 sacramentis
344 985 376 1030 se
403 967 487 1048 quasi
510 967 579 1026 dato
603 965 801 1050 chirographo
826 967 920 1028 nobis·
938 967 1068 1052 obligat,
1094 969 1134 1030 ita
1155 991 1237 1051 nos⁴
1285 1003 1293 1020 =

15 1097 18 1104 ,
83 1063 203 1138 quoque
218 1043 341 1106 vicissim
360 1043 405 1106 illi
422 1043 602 1125 respondere
621 1062 676 1124 par
694 1053 746 1105 est
784 1041 823 1104 In
841 1043 993 1130 Baptismo
1011 1055 1146 1128 testatur,
1163 1066 1235 1108 re-¹

7 1169 8 1176 ,
80 1121 161 1181 mittr
180 1121 265 1182 nobis
283 1127 422 1216 peccata,
446 1139 561 1198 nosque
585 1119 622 1178 ad
640 1117 854 1200 poenitentiam
873 1120 985 1183 invitat.
1022 1121 1105 1204 Ergo
1130 1132 1164 1182 ut
1181 1141 1215 1186 se

80 1196 137 1257 rite
156 1197 197 1258 ad
212 1198 389 1281 baptismum
408 1196 536 1258 ollerant
555 1195 705 1271 homines,
721 1207 910 1279 peccatorum
930 1196 1080 1266 confessio
1098 1195 1135 1260 ab
1155 1197 1215 1262 illis

80 1274 256 1354 requiritur:
288 1270 400 1354 alioqui
429 1271 504 1334 nibil
533 1291 619 1350 quarn
642 1271 730 1333 inane
753 1285 830 1335 esset
859 1273 1002 1336 ludicrum
1030 1285 1094 1337 tota
1107 1301 1111 1316 =
1125 1277 1213 1338 actio.

80 1349 178 1411 Porro
199 1351 362 1412 notandum
383 1361 442 1426 est,
467 1348 504 1408 de
523 1345 628 1408 adultis
647 1347 696 1409 hie
714 1348 805 1410 verba'
823 1350 903 1426 lieri,
930 1371 1005 1431 quos
1024 1352 1130 1414 seimus
1148 1373 1213 1428 non

70 1427 248 1507 promiscue
269 1426 304 1496 in,
316 1425 479 1487 Ecclesiam
498 1443 562 1487 esse
579 1425 792 1500 admittendos,
811 1446 867 1488 nco
885 1425 1031 1508 baptismo
1050 1427 1213 1491 initiandos

80 1521 144 1564 esse
167 1504 201 1562 in
227 1501 339 1572 Christi
365 1521 489 1583 corpus,
515 1500 571 1576 nisi
596 1501 727 1562 examine
748 1502 830 1638 prius
854 1503 964 1564 habito.
1003 1504 1092 1565 Unde
1115 1506 1213 1642 palam

78 1577 123 1654 fit,
143 1599 234 1658 qnam
250 1577 367 1640 ridiculi
386 1579 448 1640 sint
464 1579 616 1663 Papistae,
643 1577 746 1640 dume
786 1579 1000 1641 confessionem
1019 1581 1120 1643 aurien
1132 1601 1213 1644 arem

77 1653 139 1715 lroc
159 1655 353 1735 detorquent:
381 1655 580 1735 nequeenim
604 1653 727 1716 aderant
750 1655 895 1731 Satrilici,
919 1656 951 1715 ln
975 1677 1101 1736 quornm
1126 1679 1213 1724 aures

77 1729 244 1810 clanculum
263 1731 374 1814 singuli
388 1733 571 1792 insusurrant
589 1753 640 1792 sua
659 1741 789 1810 peccata,
808 1749 864 1794 nec
883 1733 920 1792 de
932 1733 1068 1795 omnibus
1085 1736 1214 1815 peccatis

76 1808 111 1866 fit
137 1808 269 1884 mentio,
294 1827 350 1868 nec
374 1809 480 1868 dicitnr
497 1807 626 1888 loannes
651 1808 831 1880 ordinarium
856 1808 1017 1871 confitendi
1029 1811 1128 1872 situm
1151 1813 1213 1877 suis

76 1883 226 1964 discipulis
245 1885 404 1946 mandasse.
442 1886 508 1945 Irno
528 1895 562 1944 ut
579 1885 707 1965 Papistis
718 1885 828 1946 'demus
847 1888 927 1966 qnod
948 1887 1116 1968 postulant,
1140 1889 1212 1956 solis

77 1959 294 2042 catechumenis
314 1962 434 2043 propria
460 1963 516 2022 erit
535 1961 700 2040 consessio,
726 1974 794 2042 post
820 1963 995 2044 baptismum
1019 1983 1092 2028 veno
1110 1963 1211 2028 locum

8 2093 9 2102 ,
77 2056 140 2097 non
159 2037 291 2098 habebit.
332 2039 423 2100 Certe
443 2051 547 2102 contra
565 2037 687 2107 loannis
707 2039 871 2122 exemplum
897 2042 1059 2104 confitendi
1078 2043 1174 2128 legem
1193 2063 1212 2105 a

78 2112 225 2195 baptismo
246 2117 459 2222 praesc'ribunt
1194 2145 1197 2153 ·

117 2269 202 2352 (as.)
242 2271 415 2337 marra.
442 2256 502 2334 ru.¹
530 2269 568 2334 r.
598 2266 708 2355 Quum
735 2271 1003 2340 attenuasset
1024 2243 1144 2342 multos
1170 2295 1212 2340 ex

75 2371 259 2460 Pharisaeis
281 2381 313 2437 et
323 2371 521 2437 sadducaeis
542 2373 712 2435 venientes
733 2371 777 2437 ad
795 2369 987 2456 baptismum
1008 2393 1112 2453 suum,
1131 2371 1212 2440 dixit

7 2467 24 2546 ‚²
73 2472 150 2548 illis,
171 2471 349 2555 Progenies
367 2473 560 2556 viperarum,
582 2471 655 2556 quis
670 2467 765 2536 vobis
785 2468 1045 2550 submonstravit,
1065 2482 1101 2537 ut
1121 2471 1228 2558 luget

72 2573 154 2638 retis
181 2591 199 2633 a
225 2578 361 2652 ventura
385 2573 456 2635 ira?
496 2569 525 2633 8.
552 2571 665 2636 Facite
691 2572 787 2656 igitur
813 2571 936 2647 fructus
962 2571 1077 2658 dignos
1095 2577 1212 2660 poeni·
1323 2650 1328 2670 x

73 2674 186 2742 tentia
227 2657 259 2736 9.
285 2670 328 2738 Et
348 2691 391 2737 ne
414 2672 560 2758 cogitetis
582 2671 692 2736 dicere
713 2667 748 2738 in
769 2670 878 2752 vobis,
905 2673 1032 2740 Patrem
1051 2672 1211 2744 habemns
1284 2732 1288 2742 ,

7 2765 9 2842 Ϊ
75 2771 256 2840 Abrabam:
280 2771 354 2839 dieo
385 2773 471 2842 enim
498 2770 609 2851 vobis,
635 2772 726 2859 ,quod
747 2776 849 2860 possit
868 2773 961 2840 Dens
986 2763 1141 2844 suscitare
1169 2797 1210 2847 ex

72 2873 240 2962 lapidibus
264 2868 314 2938 bis
340 2871 658 2956 filiosAbrahamQ
688 2874 738 2940 10.
758 2874 824 2952 lam
849 2895 930 2969 vero
958 2885 990 2942 et
1015 2881 1137 2944 seouris
1164 2877 1208 2947 ed

70 2977 215 3064 radicosa
237 2973 391 3041 arborum
409 2977 516 3063 posita
543 2985 609 3042 est:
637 2978 742 3058 omnis
764 2978 861 3064 igitur
887 2973 998 3054 arbor,
1025 2962 1207 3066 quasnam
1305 3031 1308 3050 .

71 3077 150 3146 iacit
170 3069 307 3170 laddum
328 3076 465 3157 bonum,
487 3077 646 3144 exciditur
666 3088 698 3143 et
719 3063 754 3143 in
775 3081 881 3164 ignem
902 3079 1043 3143 mittitur.
1200 3139 1202 3145 .

112 3193 217 3262 LUC.
238 3195 293 3262 111.
334 3196 363 3261 7.
391 3194 534 3262 Dicebat
563 3215 641 3282 ergo
668 3189 710 3260 ad
738 3193 862 3276 turbas,
889 3213 973 3282 quae
999 3195 1143 3280 exibant,
1169 3210 1207 3268 nt
1263 3178 1282 3194 Η

70 3291 316 3386 baptizarentur
344 3293 501 3382 abipso,
528 3297 707 3386 Progenies
726 3297 928 3381 viperarum,
955 3298 1027 3384 quis
1051 3297 1207 3368 submon‘-

70 3399 185 3464 stravit
209 3395 318 3478 vobis,
353 3407 392 3462 ut
415 3398 571 3482 fugeretis
599 3417 617 3460 a
648 3407 784 3462 ventura
806 3400 879 3464 ira?
920 3395 953 3463 8.
979 3399 1092 3467 Facite
1125 3425 1205 3490 ergo
1284 3479 1285 3486 ,

50 3495 194 3574 ¹fruct‘us
215 3496 331 3584 dignos
351 3499 561 3586 poenitentia.
591 3497 634 3562 Et
653 3519 697 3563 ne
719 3500 892 3585 coeperitis
913 3497 1023 3566 dicere
1044 3504 1079 3567 in
1099 3501 1206 3584 vobis,
1305 3549 1306 3556 1

71 3600 199 3665 Patrem
220 3596 378 3666 habemus
398 3596 577 3663 Abrahamr
598 3596 673 3664 dico
693 3600 778 3671 enlm
798 3598 903 3673 vobis,
923 3609 1033 3690 potest
1051 3601 1144 3667 Deus
1165 3620 1205 3668 ex
1329 3655 1330 3660 1
1396 3637 1397 3642 κ

18 3689 21 3696 ’
71 3697 236 3788 lapidibus
269 3703 346 3790 istis
371 3701 526 3765 suscitare
551 3695 643 3764 lilios
669 3696 865 3766 abrahamo.
891 3703 943 3772 ,9.
970 3701 1036 3766 lam
1063 3722 1143 3766 vero
1171 3711 1205 3768 et

71 3806 193 3868 securis
218 3802 261 3869 ad
287 3801 429 3867 radicem
457 3798 610 3866 arborum
636 3802 743 3890 posita
761 3810 830 3866 est:
857 3804 962 3869 omnis
989 3821 1066 3887 ergo
1096 3797 1217 3881 arbor,
1305 3850 1307 3854 -

72 3924 154 3990 qnae
176 3923 244 3969 non
269 3901 347 3988 iacit
366 3899 505 3966 fructum
524 3897 647 3965 bonum
671 3900 843 3978 exciditur,
864 3904 952 3967 etin
972 3903 1079 3989 iguem
1101 3904 1224 3994 eonii-¹
1287 3933 1289 3946 =

72 4006 162 4068 citur.
205 4005 257 4068 tu
277 4003 320 4068 Et
340 4000 584 4088 interrogabant
605 3997 678 4067 enni
698 3999 823 4082 turbae,
845 4001 998 4082 dicentes,
1019 4001 1111 4090 Quid
1122 4023 1203 4089 ergo

72 4102 245 4171 iaciemus?
287 4105 335 4169 ll.
355 4103 574 4190 Respondeas
596 4113 702 4167 autem
723 4103 802 4168 dicit
821 4102 896 4180 illis,
918 4103 987 4188 Qui
1002 4101 1103 4168 habet
1118 4104 1202 4170 duas

72 4207 207 4285 tunicas,
235 4207 396 4292 impertiat
416 4226 484 4271 nnn
506 4202 655 4283 habenti,
676 4213 709 4269 et
729 4207 786 4292 qui
806 4201 906 4268 habet
926 4223 1034 4282 escas,
1053 4201 1201 4294 similiter

71 4303 175 4372 iaciat.
218 4307 268 4372 12.
295 4293 468 4372 Venerunt
489 4314 594 4371 autom
622 4316 654 4371 et
679 4303 863 4393 publicani,
890 4312 926 4367 nt
944 4302 1200 4392 baptizarentur,

73 4415 104 4466 et
126 4406 274 4500 dixerunt
295 4405 335 4472 ad
356 4405 460 4488 illum,
484 4407 653 4493 Magister,
681 4405 760 4492 quid
774 4405 955 4492 ,laniemusl
997 4407 1046 4474 13.
1077 4395 1122 4473 At'
1140 4407 1199 4472 ills
