2824 4756
400 263 404 270 '
468 217 578 338 Ι(6-7.
598 255 730 340 Angelus
749 257 886 338 Mariae.)
1204 267 1241 327 21

35 453 36 460 ,
109 401 267 476 homines,
293 399 319 459 si
339 396 396 457 Dei
415 417 445 459 se
465 399 539 461 filios
559 400 665 466 iactare
684 401 792 478 ausint,
817 401 873 462 nisi
890 403 1030 482 qnatenus
1049 413 1118 465 sunt
1135 402 1187 462 uni
1209 423 1241 464 e·

108 481 166 538 niti
187 479 260 538 Filii
279 476 418 558 membra,
457 475 557 550 Quare
578 489 690 538 certum
710 491 764 552 est,
783 490 897 538 sanctos
915 491 1011 558 patres
1031 481 1150 541 nonnisi
1161 422 1239 542 Filio

110 555 282 614 mediatore
307 552 398 612 lectus
419 565 478 612 tam
503 552 685 614 honorificae
705 554 901 615 invocationis
924 555 1057 616 fiduciam
1081 556 1136 617 sibi
1160 579 1240 618 sum-

111 632 215 710 psisse.
239 629 394 689 Caeterum
406 630 475 707 quid
495 629 610 710 plenior
630 633 693 706 ista,
714 632 751 691 de
764 653 821 711 qua
837 652 914 690 nunc
934 630 1089 721 loquimur,
1108 635 1239 716 cognitio

112 708 229 779 valeat,¹
258 704 327 764 alibi
346 705 451 765 Paulus
476 707 578 766 docet:
610 729 717 788 nempe
736 720 770 766 ut
799 711 855 766 iarn
881 707 1025 786 intrepide
1049 709 1149 782 liceat,
1176 731 1238 771 nou

18 807 19 812 ¹
114 784 209 842 modo
230 801 332 843 vocare
352 782 447 840 Deum
468 783 602 856 Patrem,
622 785 672 843 sed
694 785 828 844 clamare.
866 783 952 843 Rom.
973 788 1005 857 8,
1026 790 1072 848 15.
1092 797 1122 844 et
1142 785 1239 847 Galat.

17 1815 18 1826 2
117 1777 170 1835 uhi
189 1775 265 1836 filius

117 867 149 933 4,
169 866 196 923 5.
238 857 328 917 Dabit
346 858 428 918 Deus
451 859 554 918 solium
573 859 680 920 Dauid.
718 861 864 934 Diximus,
885 859 1032 941 Angelum
1061 863 1184 922 mutuari
1205 883 1238 922 ex

117 934 272 1014 Prophetis
292 934 397 1016 elogia,
417 935 522 1014 quihus
543 937 702 1001 Christum,
715 939 867 1018 insigniat,
896 955 954 1016 quo
976 934 1079 997 melius
1103 950 1240 1018 agnoscat

119 1023 216 1071 sancta
235 1012 333 1093 virgo,
356 1011 422 1072 lore
441 1012 671 1092 ¹Redemptorem
691 1015 820 1093 patribus
840 1014 915 1081 ,oliuu
932 1012 1115 1092 promissum.
1154 1012 1239 1086 Quo·

117 1089 173 1148 ties
198 1088 234 1146 de
254 1087 402 1148 Ecclesiae
426 1089 634 1148 instauratione
659 1089 825 1170 Prophetae
851 1089 1028 1168 loquuntur,
1054 1100 1146 1147 totam
1170 1089 1240 1148 fide·

115 1163 187 1222 lium
205 1181 285 1244 spem
306 1165 341 1224 ad
361 1161 393 1223 'r'e
416 1187 484 1224 num
505 1166 623 1240 Davidis
643 1172 814 1238 revocant‚''
827 1167 979 1225 ut‘tritum
1001 1177 1078 1224 esset
1096 1153 1171 1244 apeid
1192 1166 1241 1224 lu·

116 1241 205 1300 dacos
224 1243 351 1315 axioma,
408 1241 529 1302 eclesiae
558 1242 679 1301 salutern
704 1243 735 1300 in
759 1242 839 1313 lelici
863 1243 947 1324 regui
974 1242 1051 1302 illius
1071 1253 1148 1301 statu
1175 1240 1242 1302 lore

115 1317 258 1396 positam,
291 1325 347 1378 nec
367 1318 493 1377 Messias
513 1317 612 1378 officio
634 1319 791 1408 quicquam¹
807 1339 868 1378 esse
887 1319 977 1400 magis
996 1330 1096 1398 aptum
1117 1330 1147 1378 et
1167 1337 1241 1378 con-

113 1395 248 1468 veniens,
268 1415 354 1472 quam
374 1414 499 1474 regnum
518 1393 636 1453 Davidis
658 1394 693 1452 de
712 1407 829 1476 integro
851 1395 974 1476 erigere.
1014 1395 1116 1470 Quare
1135 1406 1165 1454 et
1185 1415 1242 1454 no·

113 1489 185 1528 nien
203 1469 323 1530 Doridis
342 1470 490 1528 interdum
510 1471 545 1529 ad
565 1469 699 1531 Messinm
719 1471 902 1546 transfertur,
923 1483 956 1529 ut
974 1471 1117 1531 herciniae
1136 1477 1184 1546 30,
1203 1477 1243 1545 9.,

116 1547 255 1608 Servient
274 1547 405 1605 Domino
425 1568 489 1620 suo,
509 1559 539 1605 et
554 1547 649 1606 David
661 1546 737 1629 Regi
756 1566 819 1607 suo.
857 1548 933 1606 Item
944 1547 1106 1608 Ezechielis
1124 1553 1178 1622 34,Ι
1193 1553 1242 1610 24.

117 1635 149 1682 et
167 1629 216 1698 37,
230 1629 294 1696 ’2.1,
312 1623 406 1684 David
424 1643 521 1684 servus
533 1643 614 1704 meus
633 1643 665 1682 re
689 1624 771 1684 nabit
810 1624 923 1708 rinceps
937 1644 1031 1703 super
1043 1643 1103 1684 eos.
1123 1625 1241 1684 lloseae

113 1691 146 1771 ’3,
166 1708 209 1773 5.,
233 1700 396 1834 ΒεῗΡιιῐτεηῐ
414 1699 591 1776 Dominum,
616 1712 647 1758 et
665 1643 761 1762 David
780 1645 891 1784 liegem
911 1697 1004 1760 suum.
1041 1699 1242 1776 Lociautem,

312 1777 400 1836 avidis
418 1777 573 1849 vocitatur,
591 1777 659 1836 satis
681 1778 745 1837 noti
759 1789 826 1837 sunt
846 1799 879 1837 ac
899 1776 1038 1836 celebres.
1076 1775 1113 1835 Iu
1132 1794 1243 1837 summe

116 1854 261 1934 significat
271 1851 411 1934 Angelus,
429 1853 580 1934 impletum
601 1853 631 1912 in
646 1854 755 1916 Christi
774 1874 899 1934 persona
918 1855 954 1912 iri
972 1853 1139 1916 vaticinium
1150 1853 1243 1912 Amos

117 1931 156 2065 dc
175 1931 338 1990 suscitando
357 1930 548 1990 tabernaculo
569 1929 700 2009 Davidis,
722 1931 801 2012 quod
821 1931 948 1996 dirutum
969 1941 999 1990 et
1019 1949 1150 1992 evorsum
1171 1940 1242 1989 erat.

139 2027 209 2066 ¹mos
229 2014 258 2082 9,
277 2013 323 2071 ll·
533 2047 534 2050 =
800 2054 802 2062 .
931 2011 934 2016 ’
1197 2009 1202 2018 ’

193 2089 239 2148 33.
278 2083 423 2159 Regnabat
445 2107 533 2161 super
551 2083 666 2144 domum
684 2084 784 2145 Iacob.
832 2086 933 2161 Quum
953 2085 1033 2145 ‘salus
1057 2082 1243 2164 peculiariter

116 2159 232 2219 Iudaeis
252 2159 341 2220 luerit
359 2163 499 2240 promissa
519 2162 620 2239 (sicuti
640 2162 743 2220 loedns
765 2183 830 2220 cum
849 2174 932 2242 patre
951 2162 1084 2241 ipsorum
1095 2160 1243 2219 Abraham

139 2256 287 2296 ercussum
307 2250 394 2310 erat),
421 2250 450 2296 et
470 2237 620 2310 Christus,
640 2248 716 2298 teste
735 2237 827 2296 Paulo
848 2238 948 2315 (lium.
969 2244 1016 2308 15,
1035 2239 1093 2311 8.),
1113 2236 1244 2295 minister

115 2257 209 2371 luerit
234 2313 474 2388 circumcisionis,
498 2330 560 2372 non
586 2314 731 2372 immerito
751 2313 881 2393 Angelus
906 2332 1031 2391 regnum
1057 2311 1118 2370 eius
1142 2309 1244 2371 statuit

115 2391 148 2448 in
171 2399 260 2468 gente
276 2389 342 2460 illa,
367 2389 449 2448 sicuti
473 2383 594 2468 propria
619 2389 676 2446 luit
700 2387 782 2448 sedes
808 2411 841 2448 ac
867 2386 1056 2446 domicilium.
1106 2385 1165 2442 Sed
1185 2385 1244 2444 hoc

118 2483 187 2524 cum
207 2463 268 2520 aliis
286 2464 427 2522 vaticiniis
444 2465 566 2522 minime
585 2475 707 2544 pugnat,
727 2483 801 2540 quae
820 2483 945 2543 regnum
959 2460 1067 2521 Christi
1081 2465 1245 2539 propagant

117 2550 149 2601 et
170 2538 331 2597 extendunt
349 2561 381 2597 us
404 2559 441 2597 ue
460 2540 496 2598 ad
516 2537 634 2598 ultimos
658 2551 754 2600 terrae
778 2538 879 2596 finees
903 2537 985 2596 Deus
1009 2536 1086 2595 euim
1113 2555 1188 2595 nova
1214 2545 1244 2599 et

117 2607 284 2678 admirabili
303 2615 584 2697 adoptione'gentes
602 2614 776 2674 inseruit‘in
797 2613 933 2673 familiam
954 2612 1056 2687 Iacob,
1075 2631 1148 2696 qnae
1163 2610 1244 2692 prius

117 2703 273 2754 extraneae
293 2692 421 2751 fueraut:
441 2693 482 2752 sic
499 2704 601 2764 tamen
618 2703 651 2750 ut
670 2691 780 2767 Iudaei,
799 2704 937 2772 tanquam
958 2688 1166 2772 primogeniti,
1186 2707 1242 2824 po..

116 2773 225 2830 tionem
243 2781 382 2828 tenerent
402 2769 546 2850 gr'adum,
557 2769 802 2847 quemadmodum
824 2767 853 2826 in
874 2767 991 2832 Psalmo
1011 2773 1083 2842 110,
1103 2773 1130 2830 2.
1150 2765 1187 2823 ha
1212 2783 1242 2823 e·
1267 2821 1269 2828 .

116 2859 175 2918 tur,
196 2845 521 2926 Sceptrumpotentiae
541 2855 606 2906 tuae
626 2845 740 2904 emittet
758 2846 902 2912 Dominus
924 2864 956 2903 ex
977 2845 1061 2904 Sion.
1098 2843 1243 2902 horarum

118 2941 190 3001 ergo
211 2922 266 2982 luit
284 2923 388 2984 solium
410 2923 519 2984 Christi
538 2922 567 2980 in
588 2922 700 3002 populo
720 2923 825 2996 Israel,
851 2921 930 2980 unde
947 2933 1043 2980 totum
1064 2918 1170 2978 orbem
1187 2917 1244 2977 sihi

117 3001 282 3061 subiiceret.
336 2997 494 3077 Quotquot
519 3010 622 3059 autem·
641 3005 808 3080 aggregavit
833 3017 887 3098 per
906 2997 998 3070 fidem¹
1011 2996 1077 3054 filiis
1095 2993 1243 3068 Abrahae,

117 3098 202 3146 verus
222 3076 312 3137 Israel
332 3087 496 3134 censentur.
524 3075 603 3135 “Etsi
628 3089 724 3135 autem
744 3076 844 3134 ludaei
869 3072 1108 3135 assuefactione
1131 3091 1163 3130 se
1188 3068 1241 3131 ab-

118 3153 252 3212 dicarunt
272 3153 307 3210 ab
327 3151 456 3210 Ecclesia
475 3152 544 3226 Dei,
563 3153 689 3212 servabit
707 3163 804 3211 tamen
824 3151 971 3210 Dominus
990 3169 1081 3227 usque
1101 3148 1131 3206 in
1151 3147 1241 3212 finem

119 3227 227 3308 aliquas
247 3228 393 3306 reliquias,
414 3229 552 3320 quoniam
567 3229 682 3288 vocatio
704 3229 765 3288 cius
786 3229 847 3289 siue
867 3227 1049 3308 poenitentia
1070 3235 1122 3284 est.
1162 3223 1263 3294 Cor·'¹

117 3326 171 3384 pus
193 3303 309 3382 quidem
329 3303 432 3396 populi
450 3305 481 3362 in
501 3304 628 3384 speciem
649 3317 793 3367 resectum
813 3314 871 3374 est,
895 3303 946 3363 sed
964 3301 1129 3364 meminisse
1150 3298 1241 3359 debe·
1319 3316 1324 3325 ·

118 3403 182 3438 mus
212 3381 357 3459 mysterii,
382 3379 418 3438 de
439 3400 497 3460 quo
523 3380 638 3444 disserit
665 3373 775 3439 Paulus'
791 3379 825 3440 ad
846 3379 931 3437 Rom.
951 3386 1004 3451 11,
1022 3384 1069 3442 25.
1108 3375 1242 3435 landem

118 3457 250 3516 luterum
269 3457 393 3529 scilicet,
421 3467 455 3513 ut
472 3455 554 3514 Deus
575 3455 687 3535 aliquos
707 3475 740 3516 ex
758 3455 872 3516 ludaeis
894 3474 927 3512 ex
947 3453 1134 3532 dissipatione
1155 3451 1241 3511 c‘olli-

119 3544 178 3614 gat.
217 3531 339 3593 Interim
360 3531 506 3604 Ecclesia,
536 3547 610 3610 quae
629 3535 797 3612 pe'rtotum
817 3530 920 3592 orbem
940 3550 1036 3614 sparsa
1061 3541 1121 3599 est,
1153 3527 1241 3613 spiri.
1276 3567 1294 3594 ,-

117 3609 204 3669 tualis
225 3621 268 3668 est
287 3608 390 3669 domus
408 3607 511 3682 Iacob,
532 3607 649 3686 quando
669 3609 813 3689 originem
832 3627 912 3670 suam
932 3627 966 3664 eu
986 3605 1080 3665 Sione
1097 3604 1185 3663 duxit.

195 3683 236 3742 ln
253 3698 408 3744 moenum.
445 3683 596 3746 Admonet
614 3683 756 3765 Angelus,
776 3705 835 3763 quo
855 3703 940 3744 sensu
953 3682 1051 3742 'toties
1069 3679 1148 3760 apud
1161 3680 1241 3740 Pro·

118 3760 222 3846 phetas
247 3761 388 3841 promissa
412 3759 502 3819 luerit
524 3761 702 3840 perpetuitas
726 3781 818 3842 regno
839 3759 967 3824 Davidis.
1009 3757 1104 3816 Huius
1126 3765 1243 3816 tantum
1299 3822 1303 3826 Ρ

102 3849 150 3896 ‘et
161 3836 328 3900 Salomonis
348 3847 441 3902 aetate
460 3835 602 3896 floruerat
620 3837 753 3915 potentia
774 3848 804 3895 et
823 3836 939 3922 opibus,
958 3832 1125 3916 Rehaheam
1137 3829 1241 3888 tersius,
1330 3899 1333 3911 Ρ

119 3914 333 3974 successorvis
356 3913 466 3975 tribum
485 3931 572 3972 unam
593 3924 623 3970 et
643 3912 787 3972 dimidiam
811 3913 939 3973 retinnit.
981 3911 1025 3969 Ex
1045 3929 1081 3968 eo
1106 3925 1168 3965 non
1189 3904 1242 3964 de·

119 3991 195 4049 stitit
212 3989 296 4050 variis
316 3987 445 4047 cladibus
465 3989 593 4062 concuti,
613 3988 708 4054 donec
726 3989 842 4048 tandem
862 3987 1041 4048 concideret.
1078 3979 1245 4054 Nunehna'
1284 4059 1287 4063 .

119 4067 202 4146 gelus
223 4065 428 4139 deelaratpnhi
440 4063 599 4124 stabilitum
614 4059 706 4128 luerit
722 4065 754 4129 in,
764 4065 877 4136 Christi
893 4075 1035 4144 persone,¹
1050 4056 1161 4117 excidio
1178 4077 1241 4117 non

120 4145 188 4202 lore
208 4141 380 4217 obnoxium,
402 4139 486 4204 etad
508 4159 572 4200 cam
590 4159 654 4200 rem
672 4141 853 4206 asserendam
865 4134 1092 4199 ve-rhaDanielis
1112 4145 1242 4215 usurpat,

141 4237 196 4280 uae
223 4217 368 4277 habentur
395 4239 425 4276 ca
447 4217 488 4276 ite
510 4221 547 4294 7,
573 4223 636 4291 11,
684 4217 779 4276 Huius
801 4212 1030 4296 -regnin'ollum
1055 4210 1126 4302 lore,
1144 4211 1243 4286 linem,

121 4239 281 4354 llaeterum
307 4292 360 4352 etsi
378 4237 536 4354 verborum
560 4297 661 4354 sensus
684 4305 743 4369 est,
772 4292 871 4350 Deum
901 4289 989 4372 regul
1006 4287 1116 4348 chriso
1136 4300 1165 4348 et
1182 4289 1242 4347 Ec-

122 4369 226 4435 clesiae
237 4381 390 4444 aeteruum
408 4368 474 4436 lore
492 4368 656 4455 praesidem
673 4389 708 4438 ae
720 4362 882 4444 muntem,
901 4379 935 4431 ut
953 4385 1104 4452 nunquam
1117 4364 1247 4428 intereat
