2824 4756
188 201 239 304 42¹
343 209 352 336 ¹¹
382 230 532 296 SECTIO
551 229 608 292 111.
645 203 721 292 Isso
741 243 887 310 narum
906 249 948 296 nr
966 247 1133 296 rnrannm.

490 409 730 537 SE'CTIO
760 449 832 538 ΠΙ.
860 425 1008 538 ‹n-'ao
1041 399 1076 408 Ν

420 631 518 690 IESU
549 635 747 690 NATALES
779 635 832 688 ET
865 632 1079 722 INFAN'I'IA.

232 793 311 872 (14.)
352 789 523 854 ΜΑΤΤΗ.
541 789 565 852 Ι.
608 787 639 852 1.
666 785 767 852 Liber
787 792 1004 874 generationis
1024 790 1097 852 Iesu
1109 783 1231 852 Christi
1251 787 1313 853 filii

187 891 308 969 David,
326 891 386 956 filii
397 887 567 954 Abraham.
609 889 638 952 2.
661 887 823 954 Abrabam
838 901 942 954 autem
956 891 1066 974 genuit
1088 889 1189 958 Isaac¹
1225 891 1313 954 Isaac

188 1005 293 1060 autem
318 994 429 1078 genuit
455 987 562 1056 Iacob.
603 988 706 1055 Iacob·
733 985 839 1059 antem
866 993 976 1076 genuit
998 989 1110 1056 Iudam
1137 999 1169 1054 et
1196 989 1313 1054 iratres

187 1099 269 1162 eius:
306 1095 336 1159 3.
367 1089 463 1156 Iudas
483 1091 601 1153 'autem
636 1092 747 1176 genuit
763 1092 897 1161 Phates
926 1101 958 1155 et
979 1093 1091 1154 Zaram
1120 1112 1138 1154 e
1164 1090 1313 1155 Thamar.

184 1195 308 1270 Pbares
340 1201 444 1256 autem
476 1191 586 1274 genuit
619 1189 737 1256 Esron.
791 1191 898 1256 Esron
932 1202 1044 1280 autem!
1066 1193 1176 1276 genuit
1205 1192 1311 1256 Aram.

184 1283 330 1362 &Aram
359 1304 464 1356 autem
493 1291 603 1375 genuit
624 1289 815 1356 Aminadab.
858 1290 1039 1358 Aminadab
1068 1303 1172 1357 autem
1201 1294 1314 1377 genuit

183 1398 342 1464 Naasson.
383 1391 533 1456 Naasson
556 1400 661 1456 autem
683 1394 793 1476 genuit
814 1390 955 1457 Salmon.
997 1393 1026 1456 5.
1049 1391 1181 1458 Salmon
1204 1402 1312 1457 autem

184 1497 295 1584 genuit
321 1494 408 1556 Boas
438 1513 456 1555 e
482 1489 624 1556 Rachab.
673 1491 760 1556 Boas
789 1500 894 1556 autem
911 1495 1032 1578 -genuit
1051 1491 1150 1556 Obed
1174 1495 1310 1559 eRuth.

101 1662 110 1674 ,
185 1595 285 1662 Obed
298 1603 402 1658 autem
422 1593 532 1680 genuit
544 1592 639 1656 Iesse.
671 1591 701 1656 6.
722 1593 811 1668 Iesse
823 1603 928 1680 antem
951 1594 1060 1694 genuit
1071 1591 1179 1658 David
1192 1615 1310 1679 regern.

1402 1053 1404 1162 I

1402 1169 1404 1282 I

182 1695 293 1764 David
316 1705 421 1758 autem
434 1692 617 1778 rex'genuit
628 1690 835 1758 Salomonem
851 1714 889 1758 ex
911 1713 958 1769 ea,
978 1713 1062 1777 quae
1084 1692 1189 1758 fuerat
1199 1699 1310 1777 (uxor)
1403 1723 1404 1728 ¹

182 1801 292 1866 Urtae.
315 1797 344 1859 7.
358 1793 512 1862 Salomon
521 1777 906 1876 autemgenuItRoboam.
928 1790 1308 1880 Roboamautemgenuit

182 1899 276 1967 Abia.
303 1894 387 1966 Abia
403 1904 507 1958 autem
522 1895 632 1978 genuit
652 1893 725 1957 Asa.
763 1892 795 1956 8.
815 1893 881 1954 Asa
902 1903 1008 1957 autem
1021 1897 1130 1977 genuit
1148 1893 1307 1980 Iosophat.
1403 1895 1404 1928 ³

179 1999 331 2085 Iosaphat
353 2006 458 2060 autem
483 1996 594 2082 genuit
614 1994 729 2063 loram.
770 1991 876 2056 loram
916 2004 1022 2058 autem
1049 1997 1158 2078 genuit
1185 1995 1306 2060 Osiam.

52 2150 55 2158 .
181 2107 210 2169 9.
233 2100 331 2165 Osias
346 2107 452 2162 autem
474 2098 583 2180 genuit
603 2093 755 2159 Ioatham.
797 2092 943 2159 Ioatham
957 2105 1061 2158 autem
1075 2097 1307 2180 genuithchas.

179 2202 285 2268 Achas
308 2209 413 2264 autem
434 2198 544 2281 genuit
566 2193 748 2260 Ezechiam.
803 2193 854 2258 10.
881 2193 1040 2260 Ezechias
1063 2185 1307 2281 antem'genuit

171 2307 374 2378 Manassen·
415 2299 581 2371 Manassen
604 2306 708 2361 autem
722 2295 832 2380 genuit
845 2296 960 2362 Aaron.
1001 2297 1107 2362 Amon
1128 2307 1232 2362 autem
1254 2318 1307 2382 ge·
1332 2357 1334 2362 s

178 2411 250 2474 nuit
270 2404 396 2473 Iosiam.
444 2397 493 2464 11.
520 2397 622 2463 Iosias
649 2402 768 2460 autem·
784 2397 893 2481 genuit
919 2396 1102 2472 lechoniam
1130 2408 1161 2462 et
1191 2397 1307 2462 fratres

180 2509 250 2573 eius
270 2505 304 2568 in
327 2499 439 2566 exsili0
459 2497 675 2584 Babylonico.
717 2497 767 2563 12.
796 2498 873 2563 Post
895 2497 1037 2563 exsilium
1058 2519 1137 2564 vero
1158 2497 1306 2583 Babylo

177 2612 286 2674 ninum
313 2604 482 2668 Iechonias
511 2602 621 2685 genuit
648 2598 813 2674 SalathIel.
863 2597 1019 2664 SalathIeI
1037 2664 1040 2670 ,
1055 2610 1160 2672 autem
1195 2601 1305 2684 genuit

178 2702 376 2773 Zorobabel.
418 2702 468 2766 13.
489 2697 678 2764 Zorobabel
699 2709 804 2762 autem
826 2703 936 2784 genuit
956 2699 1091 2784 Abiud„
1116 2698 1226 2764 Abiud
1249 2722 1305 2778 an·
1327 2696 1335 2712 “

177 2820 243 2874 tem
265 2805 374 2890 genuit
394 2800 540 2865 EIIacim.
581 2799 716 2865 Eliacim
739 2808 844 2862 autem
866 2803 976 2884 genuit
997 2801 1095 2866 Azor.
1145 2801 1194 2864 14.
1215 2801 1305 2867 Azor

131 2955 133 2960 -
177 2917 283 2973 autem
310 2905 420 2988 genuit
446 2900 562 2966 Sadoc.
608 2899 717 2966 Sadoc
749 2911 854 2964 autem
883 2905 993 2986 genuit
1018 2900 1142 2966 Acbim.
1189 2901 1304 2968 hchim

177 3019 283 3074 autem
307 3005 416 3088 genuit
437 2999 545 3084 Elind.
586 2999 880 3066 secundantem
902 3005 1012 3088 genuit
1025 3001 1172 3067 Eleazar.
1206 3003 1304 3068 Elea-

123 3181 124 3186 *
178 3130 234 3178 zar
266 3115 370 3170 autem
403 3103 513 3188 genuit
549 3101 690 3174 Mathan.
744 3101 877 3166 Mathan
910 3115 1013 3168 autem
1050 3106 1160 3188 genuit
1195 3102 1303 3170 Iacob.

1401 2179 1404 2339 t

177 3199 228 3277 16.
251 3201 350 3270 Iacob
371 3215 477 3269 autem
500 3205 609 3288 genuit
630 3202 747 3304 Ioseph
769 3204 914 3268 maritum
935 3205 1078 3282 Mariae,
1105 3226 1143 3268 ex
1164 3227 1227 3292 qua
1248 3228 1302 3292 ge·
1402 3199 1403 3240 1

176 3311 263 3376 nitus
284 3316 331 3370 est
352 3304 489 3382 IESUS,
511 3305 566 3388 qui
589 3303 705 3368 dicitur
730 3303 887 3369 Christus.
936 3306 984 3372 17.
1005 3307 1129 3372 Omnes
1150 3328 1227 3394 ergo
1245 3329 1303 3393 ge·
1401 3329 1402 3334 ¹

150 3457 153 3462 -
177 3405 373 3486 nerationes,
393 3403 434 3468 ab
454 3402 616 3469 Abraham
637 3405 804 3492 usquead
825 3406 1202 3493 David,ygenerationes
1225 3431 1303 3494 qua-

174 3509 370 3584 tuordecim:
399 3517 431 3570 et
452 3527 471 3570 a
491 3505 601 3570 David
627 3528 729 3594 usque
756 3507 800 3572 ad
827 3490 1133 3594 trbnsmigrationem
1156 3497 1312 3594 Babyloss

173 3619 279 3686 nicam
301 3608 527 3695 generationes
551 3607 809 3692 quatuordecim:
837 3619 869 3673 et
899 3631 917 3673 a
941 3607 1217 3692 transmIgr'atione
1239 3611 1300 3676 Ba·
1401 3657 1402 3664 .

174 3715 332 3804 bylonica
353 3728 456 3793 usque
478 3707 520 3772 ad
542 3705 705 3773 Christum
725 3713 949 3793 generationes
971 3709 1221 3798 quatuordeeIm.

216 3845 318 3916 LUC.
339 3843 393 3907 III.
419 3841 469 3905 23.
481 3842 604 3906 IESUS
615 3842 789 3928 putabatur
802 3841 888 3908 filius
899 3841 1026 3930 Ioseph,
1040 3845 1095 3929 qui
1109 3807 1169 3908 Ioit
1182 3844 1300 3928 (filius)

174 3951 266 4030 Heli,
307 3945 358 4010 24.
382 3943 449 4028 Qui
471 3941 702 4022 sustinebat,
730 3947 784 4030 qui
799 3945 864 4020 ¹snit
885 3945 979 4022 Levi,
1007 3948 1061 4030 qui
1081 3945 1145 4010 tuit
1165 3945 1299 4028 Melchi,

176 4055 231 4140 qui
252 4052 312 4116 fuit
332 4049 441 4120 lanne,
463 4047 517 4130 qui
540 4043 599 4110 tuit
622 4045 754 4132 Ioseph,
781 4045 831 4110 25.
855 4039 919 4140 Qui
941 4046 1001 4110 Iuit
1022 4045 1222 4126 Matthatiae,
1244 4051 1300 4134 qui
1401 4087 1402 4096 κ

140 4144 143 4157 ¹
175 4154 236 4216 fuit
244 4155 350 4226 Amos,
363 4147 417 4232 qui
430 4144 490 4211 fuit
502 4144 639 4223 Nahum,
658 4151 714 4232 qui
726 4146 786 4211 fuit
796 4145 873 4223 Eoi,
887 4149 942 4232 qui
957 4146 1016 4211 tuit
1027 4147 1146 4233 Nagge,
1166 4151 1216 4214 26.
1231 4150 1300 4236 Qui

176 4251 237 4321 [uit
256 4245 385 4324 Maatb,
408 4247 463 4336 qui
483 4245 544 4310 tuit
564 4245 768 4324 Matthatiac,
795 4248 849 4332 qui
871 4245 930 4311 tuit
951 4247 1080 4334 Semei.
1094 4253 1149 4335 qui
1170 4249 1231 4313 Iuit
1249 4251 1301 4315 Io·

177 4349 349 4443 repono
371 4345 433 4418 run
452 4345 550 4427 luda,
573 4337 649 4440 'az
677 4347 745 4440 Qui
770 4346 830 4418 tuo
850 4347 987 4430 mama,
1018 4333 1160 4448 qn'fuit.
1180 4350 1304 4432 nassa,
