2824 4756
390 265 502 350 (2-5.
519 263 654 368 ¹Angelos
672 265 852 350 Zachariae.)
1146 277 1186 340 ta

63 383 151 490 istud,
173 407 421 492 quando-virum
440 429 503 470 non
527 409 696 492 cognosco?
727 432 813 492 quam
832 422 930 476 tamen
947 411 1081 499 Angelus
1100 413 1186 478 dissi-.-

64 489 169 564 mulat,
201 488 261 548 acsi
284 486 355 547 nihil
380 498 454 547 esset
479 487 510 546 in
530 507 564 548 ea
583 488 656 548 vitii.
698 488 820 566 ,Quilit
840 509 929 570 ergo,
958 505 993 552 nt
1015 493 1184 555 Zachariam

22 603 23 626 r
64 567 141 646 quasi
161 564 327 647 gravissimi⁸
345 562 457 642 peccati
481 583 563 623 reum
588 575 647 624 tam
671 584 772 626 severe
796 567 920 648 castiget
937 567 1036 630 Dens?
1073 571 1184 632 Fateor

63 643 210 722 equidem,
229 641 254 702 si
274 639 360 700 verba
379 635 489 699 tantuni
503 651 684 776 spectentur,
702 641 748 702 vel
766 663 867 724 parem
888 642 973 704 luisse
992 645 1024 704 in
1044 645 1184 712 omnihus

64 719 195 798 culpam,
225 715 271 777 vel
289 715 455 776 Zachariam
481 717 511 776 ni
534 714 554 776 il
577 738 722 798 peccasse.
772 719 831 780 Sed
853 740 942 798 quum
962 719 1037 792 lacta
1056 735 1085 782 et
1104 723 1184 786 dicta

61 794 213 854 hominum
235 814 267 852 cx
286 793 380 854 cordis
395 791 504 852 aflectu
523 797 674 854 aestimare
695 796 861 867 conveniat,
879 795 940 854 Dei
959 796 1054 875 potius
1072 798 1183 860 iudicio

61 872 197 931 standum
220 882 275 944 est,
305 869 352 932 cui
399 881 481 928 atent
503 871 635 931 occultae
661 871 755 932 cordis
784 871 924 933 latebrae.
974 871 1056 932 Vidit
1077 874 1183 953 procul

63 947 154 1007 dubio
173 947 314 1007 Dominus
335 946 365 1006 in
377 891 518 1007 Zacharia
537 945 646 1026 aliquid
667 945 805 1025 deterius,
825 970 911 1028 quam
921 947 1011 1010 verba
1031 948 1092 1008 eius
1110 971 1182 1030 prae
1258 961 1273 978 ““

62 1024 222 1098 scierant,
251 1036 340 1102 atque
364 1021 434 1082 ideo
460 1023 490 1083 in
516 1022 610 1101 ipsum
636 1025 805 1100 excanduit,
836 1025 917 1104 quod
936 1025 1109 1105 promissam
1127 1026 1183 1090 sibi

82 1101 180 1160 ratiarn
206 1099 372 1159 diffidentia
395 1097 561 1179 repelleret.
605 1099 674 1160 Non
700 1113 744 1160 est
763 1100 882 1182 quidem
902 1101 1054 1176 nostrum,
1086 1098 1182 1184 legent¹

57 1119 123 1236 Zeu
141 1177 362 1258 praescribere,
381 1177 451 1256 quin
478 1175 604 1236 liberum
624 1177 652 1235 ei
678 1177 729 1251 sit,
755 1180 785 1238 in
811 1199 872 1238 uno
892 1179 998 1258 punire
1040 1176 1099 1239 uod
1120 1177 1183 1240 aliis

58 1255 182 1335 ignoscit
206 1253 362 1314 delictum.
407 1251 468 1311 Sed
493 1251 578 1314 sacile
602 1266 722 1333 apparet
746 1255 887 1314 diversam
912 1255 999 1330 inisse
1050 1254 1185 1315 achariae

59 1351 177 1405 causam,
198 1352 288 1410 qnam
310 1327 559 1403 sueritAbrahae,
581 1327 735 1405 Gideonis,
754 1331 800 1390 vel
818 1331 939 1392 Mariae.
977 1329 1014 1390 Id
1033 1331 1063 1390 in
1083 1330 1183 1391 verbis
1276 1393 1286 1408 ,

59 1428 116 1466 non
133 1407 327 1488 perspicitur.
368 1404 511 1486 Cognitio
531 1403 622 1486 igitur
639 1403 707 1466 Deo
727 1407 927 1487 relinquenda,
947 1409 1027 1468 cuius
1048 1407 1126 1474 oculi
1146 1405 1184 1470 ad
1388 1405 1389 1416 ¹

60 1482 167 1544 iontem
191 1503 291 1574 usque
318 1481 414 1542 cordis
439 1491 605 1561 penetrant.
644 1481 693 1542 Sic
716 1481 797 1543 Deus
820 1485 899 1544 inter
923 1483 1013 1546 Sarac
1036 1486 1127 1544 risum
1152 1495 1184 1546 ct

58 1559 188 1620 Abrahae
214 1559 373 1633 discernit,
404 1577 494 1637 quum
517 1569 615 1617 tamen
639 1557 713 1618 alter
736 1558 773 1618 ab
800 1559 893 1622 altero
919 1560 949 1620 in
973 1583 985 1621 s
1008 1559 1100 1622 eciem
1120 1579 1187 1621 non

60 1635 172 1696 diflerat
197 1635 434 1712 (Gen.17‚17.
460 1645 491 1694 et
514 1635 658 1713 18,10.).
706 1633 803 1697 Porro
833 1656 917 1696 causa
943 1637 972 1697 di
1008 1637 1123 1697 dentiae
1149 1641 1182 1697 in

59 1712 191 1773 Zacharia
212 1711 283 1786 tuit,
303 1711 382 1790 quod
401 1711 431 1771 in
448 1710 553 1772 ordine
573 1724 693 1772 naturae
712 1711 870 1773 subsistens
880 1710 939 1772 Dei
958 1715 1108 1794 potentiae
1127 1713 1182 1772 rni-

60 1811 109 1849 uus
128 1790 234 1849 tribuit
243 1809 330 1868 qoam
350 1786 482 1848 decebat.
519 1787 649 1848 Nimium
669 1789 748 1849 enirn
767 1790 900 1852 restricte
920 1801 951 1850 et
969 1790 1095 1873 maligne
1114 1810 1184 1852 sen-

59 1866 131 1924 tiunt
150 1867 187 1926 de
209 1865 351 1946 operibus
369 1865 444 1938 Dei,
471 1865 521 1946 qui
545 1886 607 1925 non
631 1865 696 1947 plus
723 1866 866 1927 iacturum
887 1865 1011 1928 credunt
1030 1889 1115 1947 quam
1135 1886 1184 1927 se·
1260 1905 1262 1909 ·

60 1943 181 2004 cundum
201 1954 337 2002 naturam
357 1941 497 2002 credibile
517 1953 571 2017 est,
591 1943 672 2023 quasi
693 1943 753 2004 eius
773 1965 875 2006 manus
893 1942 942 2004 rel
961 1943 1058 2004 sensui
1077 1954 1182 2008 nostro

59 2017 204 2093 subiecta,
228 2017 275 2080 vel
299 2019 422 2078 terrenis
446 2019 549 2079 mediis
573 2018 685 2080 inclusa
711 2031 795 2081 esset.
831 2020 923 2102 Atqui
942 2019 1011 2079 fidei
1030 2021 1183 2101 proprium

59 2107 113 2168 cst,
138 2096 231 2177 longe
251 2093 315 2174 plus
334 2096 456 2155 credere
476 2117 561 2176 quana
581 2095 645 2156 fieri
662 2117 747 2176 posse
768 2097 861 2158 carnis
880 2097 954 2158 ratio
975 2097 1073 2158 dictet.
1110 2096 1183 2157 Non

60 2171 198 2233 dubitavit
219 2172 388 2245 Zacharias,
406 2182 482 2230 esset
507 2191 563 2231 vox
581 2171 640 2232 Dei
660 2193 769 2246 necne,
788 2174 839 2232 sed
860 2195 949 2254 quum
969 2173 1053 2232 nirnis
1075 2173 1183 2234 defixus

59 2260 130 2307 esset
150 2249 183 2307 in
202 2247 327 2322 mundo,
349 2248 422 2307 obre
444 2248 481 2306 sit
500 2249 531 2305 in
550 2247 612 2318 ¹ttius
631 2260 761 2308 mentem
781 2248 900 2329 obliqua
921 2248 1082 2323 dubitatio,
1101 2248 1183 2307 lutu-

58 2345 159 2382 rumne
180 2333 259 2382 esset
278 2323 358 2402 quod
378 2268 516 2382 audierat.
564 2322 608 2382 Ac
638 2343 671 2383 ea
696 2325 725 2383 in
753 2344 785 2384 re
809 2345 871 2386 non
895 2325 990 2385 levem
1014 2325 1080 2382 Deo
1111 2324 1183 2395 iecit

56 2398 210 2470 iniuriam,
232 2397 298 2474 quia
315 2400 438 2490 perinde
459 2409 522 2456 erat
540 2399 597 2458 acsi
617 2419 714 2458 secum
734 2399 908 2478 disputaret,
927 2419 1051 2460 veraxne
1069 2398 1183 2458 baben-

55 2475 105 2534 dns
128 2485 208 2534 esset
222 2473 315 2548 Deus,
336 2495 422 2552 quem
443 2473 596 2532 constabat
615 2475 767 2552 loquutnm
782 2492 853 2532 esse.
892 2475 1069 2551 Quanquam
1087 2473 1185 2544 eciem

54 2552 121 2612 dum
143 2561 206 2624 est,
233 2569 295 2608 non
316 2549 357 2608 ita
376 2546 558 2608 incredulum
582 2548 670 2607 fuisse
690 2547 873 2624 Zachariam,
898 2561 930 2609 ut
950 2569 1069 2629 prorsus
1090 2564 1105 2608 a
1125 2547 1184 2608 fide

56 2628 243 2688 descisceret.
282 2625 335 2685 Est
355 2625 433 2688 enirn
443 2623 587 2706 generalis
607 2625 688 2700 fides,
708 2646 782 2705 quae
803 2625 1026 2706 promissionem
1046 2638 1184 2685 aeternae

56 2704 150 2765 salutis
172 2702 361 2785 amplectitur
381 2713 411 2761 et
436 2701 581 2783 gratuitae
600 2701 655 2760 ado
678 2703 765 2762 tionis
784 2703 991 2763 testimonium.
1032 2701 1185 2776 Quemad-

57 2783 306 2855 modumautem,
325 2791 479 2860 postquam
500 2799 553 2838 nos
573 2723 794 2860 semeirecepit
812 2778 894 2840 Deus
913 2780 944 2838 in
963 2779 1096 2861 gratiam,
1115 2797 1183 2859 spe-

58 2857 167 2918 cialiter
186 2858 278 2918 multa
297 2855 462 2937 promittit,
477 2855 557 2934 quod
576 2877 630 2923 nos
650 2867 760 2936 pascet,
780 2855 886 2948 eripiet
905 2877 942 2918 ea
957 2855 1104 2948 periculis,
1125 2856 1182 2916 erit

59 2933 160 2994 vindex
177 2933 369 2996 innocentiae
388 2943 521 3005 nostrae,
552 2933 637 2992 vitam
657 2933 802 3008 tuebitur,
827 2945 867 2994 rta
886 2931 1018 3014 specialis
1039 2933 1180 3012 quaedam

61 3023 101 3070 est
119 3012 204 3084 fides,
225 3031 298 3094 quae
320 3009 442 3092 singulis
462 3009 627 3069 huiusmodi
646 3009 888 3090 promissionibus
908 3009 1077 3090 respondet.
1115 3009 1139 3068 F
1142 3009 1183 3068 iet

61 3086 144 3166 igitur
167 3089 317 3148 interdum
343 3098 376 3146 ut
396 3085 538 3166 quispiam
563 3086 599 3145 de
623 3098 811 3165 peccatorum
836 3086 1008 3146 remissione
1034 3097 1064 3144 et
1088 3082 1182 3144 salute

62 3183 105 3223 sua
116 3165 183 3225 Deo
204 3165 296 3224 fidens
316 3163 346 3222 in
367 3175 449 3243 parte
468 3161 564 3242 aliqua
577 3161 707 3222 vacillet:
727 3185 794 3222 narn
813 3161 860 3223 vel
879 3163 1001 3222 nimium
1019 3160 1183 3241 trepidabit

60 3233 87 3297 in
106 3242 209 3302 mortis
229 3239 373 3322 periculo,
391 3237 438 3298 rel
457 3237 493 3297 de
508 3238 586 3298 rictu
598 3239 767 3318 quotidiano
788 3238 909 3298 nimium
931 3238 987 3296 erit
1005 3238 1113 3311 anxius,
1133 3235 1181 3296 vel

61 3317 177 3376 uinrium
196 3317 351 3398 perplexus
371 3316 427 3374 erit
447 3314 475 3372 in
496 3315 553 3374 suis
568 3315 705 3375 consiliis*
741 3315 822 3375 Talis
843 3315 899 3374 suit
909 3312 1064 3375 Zachariae
1083 3314 1182 3374 incre·
1221 3353 1223 3358 -

62 3390 175 3471 dulitas,
198 3395 266 3474 quia
285 3391 397 3453 scilicet
415 3390 484 3449 lidei
503 3391 629 3450 radicem
650 3413 683 3451 ac
703 3389 924 3451 fundamentum
942 3402 1046 3451 tenens
1066 3401 1181 3451 tantum

22 3509 23 3514 κ
61 3487 114 3529 nna
133 3470 164 3530 in
184 3483 270 3552 parte
290 3467 452 3542 haesitavit,
475 3487 513 3526 an
533 3467 614 3526 Deus
640 3467 731 3526 filium
755 3467 798 3526 illi
818 3467 940 3536 daturus,
957 3478 1039 3528 esset.
1080 3465 1182 3541 Quare

62 3545 176 3610 sciamus
204 3568 265 3606 non
286 3545 419 3626 protinus
437 3544 461 3603 ¹a
480 3542 537 3602 fide
558 3543 690 3602 excidere
709 3543 756 3604 vel
776 3544 912 3619 deiicere,
931 3537 1004 3624 'quos
1029 3563 1080 3604 sua
1099 3543 1181 3603 inlic-
1297 3613 1305 3620 ,

62 3621 140 3683 mitas
159 3625 190 3684 in
212 3623 311 3702 aliquo
332 3619 499 3702 particulari
521 3620 641 3702 negotio
662 3618 762 3680 turbat
780 3619 826 3680 vel
846 3623 992 3696 concutit,
1016 3640 1072 3680 nec
1091 3619 1181 3678 fidem
1247 3648 1251 3658 ,
1274 3623 1279 3640 ¹

64 3715 78 3754 a
95 3700 189 3763 radice
212 3697 394 3772 labefactari,
425 3696 541 3777 quoties
562 3697 621 3755 cius
641 3696 713 3755 rami
732 3696 768 3755 ad
786 3697 880 3757 varios
899 3697 1024 3778 impetus
1043 3696 1180 3755 titubant.
1225 3717 1228 3728 ⁴

63 3772 141 3834 Adde
160 3777 243 3857 quod
267 3773 341 3834 nihil
366 3773 461 3833 minus
486 3772 579 3832 voluit
597 3772 748 3832 Zacharias
773 3794 859 3851 quam
884 3772 916 3832 in
937 3791 1055 3833 examen
1073 3788 1182 3831 vocare

64 3847 144 3929 fidem
162 3853 285 3913 “divinae
310 3850 528 3932 promissionis,
553 3849 604 3909 sed
625 3869 714 3926 quum
737 3849 767 3908 iu
792 3869 901 3931 genere
921 3869 1073 3931 persuasus
1094 3855 1180 3918 esset,

64 3945 188 3990 veracem
210 3949 271 3989 esse
291 3927 403 4002 Deum,
422 3939 486 3987 astu
506 3936 537 3985 et
555 3921 809 3986 insidiisSatauae
830 3927 930 3986 suctim
950 3927 979 3985 in
999 3943 1113 4006 pravam
1135 3921 1180 3978 di-

65 4003 244 4067 stinctionem
263 4016 372 4065 tractus
392 4015 443 4062 est.
489 4003 559 4077 Quo
583 4003 673 4083 magis
698 4023 752 4062 nos
778 4002 813 4062 ad
833 4003 958 4084 agendas
978 3998 1111 4060 excubias
1131 3996 1180 4056 in-

65 4087 155 4142 tentos
176 4103 237 4143 esse
259 4083 352 4142 decet.
393 4079 467 4154 Quis
489 4079 566 4138 enirn
586 4091 717 4140 nostrum
737 4079 891 4139 aSatanae
904 4075 1045 4156 decipulis
1061 4091 1179 4132 securus
1210 4137 1218 4144 ,

22 4197 24 4206 ,
66 4156 131 4230 erit,
160 4159 193 4218 in
213 4181 284 4250 quas
310 4157 456 4218 cernimus
479 4168 539 4215 tam
561 4175 643 4216 rarae
663 4157 821 4216 sanctitatis
845 4155 950 4229 virum,
971 4151 1021 4230 qui
1039 4159 1103 4209 tota
1121 4149 1180 4212 vita

65 4232 159 4295 sedulo
179 4235 237 4296 sibe
257 4245 381 4309 caverat,
401 4233 550 4313 delapsum
572 4232 652 4294 esse?
1177 4289 1181 4298 ,

133 4318 179 4378 19.
215 4309 285 4387 Ego
301 4307 513 4370 sum'Gnhrr'el.
559 4309 613 4370 'His
644 4306 741 4371 verbis
771 4303 915 4386 significat
938 4297 1087 4388 Angelus,
1117 4325 1179 4366 non
1270 4381 1274 4392 ,

64 4380 124 4462 sibi,
141 4389 271 4474 squeo
291 4409 308 4449 a
327 4407 386 4468 quo
407 4387 507 4454 mittm
528 4399 582 4466 est,
601 4397 632 4450 et
650 4386 733 4462 cuius
752 4379 919 4446 mandatum
938 4380 1070 4462 pertudit,
1089 4381 1178 4446 abro-
