2808 4748
3 1967 10 1984 ,
114 1911 188 1970 tidie
209 1926 274 1970 cum
295 1907 396 1968 eadem
415 1907 577 1986 impostura
597 1903 766 1966 luctandum
787 1917 847 1981 est,
872 1909 952 2002 (pund
973 1923 1004 1972 et
1021 1911 1130 2004 singuli
1148 1911 1167 1970 fi

470 231 616 311 (sl-ta.
637 229 717 292 lesus
737 235 892 311 tentatur.)
952 248 955 250 ·
1190 238 1248 302 113

106 382 164 444 boc
183 379 252 448 loco
271 377 378 440 namo
401 373 523 449 dicitur,
548 395 639 453 quum
657 371 753 434 modia
777 372 969 456 negligimus,
990 396 1065 460 qius
1091 363 1178 442 nobis
1202 377 1240 438 ad

108 480 226 521 manum
260 455 395 538 porrigit.
433 450 561 514 Perinde
592 451 670 510 enim
701 450 812 511 faciunt
843 451 910 530 qui,
939 456 1105 533 praeteritis
1136 449 1259 516 mediis*
1326 517 1328 526 .

107 555 183 616 quae
203 535 285 594 Deus
312 528 512 603 commendat,
531 528 698 608 potentiam
722 527 783 586 eius
810 537 839 586 et
864 528 957 587 robur
979 531 1084 591 volunt
1107 533 1243 613 experiri,

109 612 171 674 acsi
189 611 254 690 quis
275 607 388 668 bomini
409 604 594 666 abscinderet
613 601 730 663 brachia
752 613 782 662 et
801 623 920 677 manus,
945 617 974 664 et
1001 621 1103 684 postea
1124 609 1244 670 iuberet

109 708 177 750 eum
198 683 323 768 operari.
361 682 397 742 In
416 703 537 756 summa,
556 680 687 760 quisquis
708 679 941 759 experimentum
961 681 1072 742 divinae
1091 687 1244 765 potentiae

110 783 217 856 capere
238 762 364 842 appetit,
389 757 442 821 ubi
461 777 584 820 necesse
606 778 668 816 non
690 767 749 832 est,
768 754 818 816 ille
839 755 937 816 Deum
957 761 1066 833 tentat,
1090 762 1151 822 cius
1170 775 1244 844 pro·
1287 767 1291 776 '

109 841 265 902 massioncs
285 835 441 900 subiiciens
461 834 571 894 iniusto
592 832 726 892 examini.
1241 871 1244 876 ·

188 921 216 981 8.
252 915 422 988 Asconursit
444 932 508 972 esua
531 908 663 970 diodolus
691 911 724 968 in
753 921 876 968 montom
899 909 1054 970 emortum.
1102 911 1247 978 Memoria

112 993 273 1054 tenendum
300 1003 344 1052 est
368 988 450 1070 quod
474 987 556 1068 prius
581 986 655 1061 dixi,
679 1006 742 1046 non
765 984 967 1048 imbecillitate
991 1001 1112 1048 naturae
1137 986 1247 1052 Christi

112 1091 175 1130 esse
195 1069 315 1143 lactum,
335 1077 369 1126 ut
388 1065 479 1126 Satan
500 1062 543 1123 illi
562 1063 664 1124 oculos
683 1063 852 1146 stringeret,
873 1063 925 1124 sed
943 1063 1108 1126 voluntaria
1128 1064 1247 1146 dispen-
1299 1135 1308 1148 .

110 1148 224 1208 satione
245 1156 275 1205 et
294 1142 445 1223 permissu.
483 1140 601 1200 Deinde
622 1139 663 1198 sic
681 1150 775 1200 tactos
802 1151 834 1200 et
852 1138 967 1202 illectos
981 1141 1077 1203 luisse
1096 1141 1159 1205 eius
1178 1161 1247 1202 sen·
1287 1207 1289 1214 ¹

113 1245 177 1299 sus,
208 1221 328 1284 obiecta
350 1237 515 1300 regnorum
530 1216 652 1299 gloria,
683 1227 718 1274 nt
743 1215 823 1276 nulla
847 1217 927 1278 intus
951 1219 1095 1300 cupiditas
1119 1219 1248 1280 animum

115 1301 176 1361 eius
216 1296 370 1380 upugerit,
394 1315 484 1374 quum
509 1293 603 1353 carnis
629 1290 781 1367 libidines,
804 1304 945 1374 tanquam
969 1295 1051 1358 ferae
1074 1296 1249 1372 indomitae,

113 1377 147 1438 ad
169 1321 287 1437 obiecta
308 1391 381 1452 quae
402 1369 490 1430 nobis
509 1369 627 1450 placent
646 1367 778 1428 ferantur
798 1379 828 1428 et
847 1391 902 1432 nos
914 1371 1045 1452 rapiant:
1066 1393 1134 1442 nam
1155 1371 1249 1434 sshn-
1343 1437 1345 1445 ,

112 1463 172 1515 stus
188 1469 376 1530 communem
395 1445 498 1506 babuit
517 1445 671 1505 nobiscum
688 1463 816 1519 sensum,
835 1467 897 1506 non
917 1461 1015 1510 autem
1034 1451 1179 1529 appetitus
1198 1449 1247 1510 in·

114 1528 306 1608 compositos.
351 1525 509 1585 Caeterum
534 1521 647 1602 specics
668 1522 843 1583 tentationis
869 1522 940 1600 fuit,
968 1537 1003 1586 ut
1025 1524 1247 1604 haereditatem,

114 1626 201 1684 quam
220 1600 386 1676 Deus'filiis
406 1599 464 1659 suis
489 1598 624 1678 promisit
661 1597 778 1660 aliunde
799 1597 933 1662 Christus
951 1621 1038 1681 quam
1057 1623 1074 1664 a
1093 1603 1161 1668 Deo
1181 1604 1247 1683 ipso

115 1691 241 1761 peteret.
279 1677 378 1758 Atque
399 1675 446 1741 bic
465 1675 604 1756 sacrilega
624 1641 736 1736 diaboli
755 1675 875 1736 audacia
895 1679 1061 1757 seprodit,
1087 1681 1168 1759 quod
1187 1692 1251 1742 ter-

115 1777 165 1818 rae
191 1755 347 1836 imperium
371 1753 439 1813 Deo
472 1763 607 1832 ereptum
631 1752 687 1812 sibi
715 1763 844 1833 usurpat.
882 1754 981 1830 Haec,
1009 1755 1122 1836 inquit,
1152 1758 1252 1819 omnia
1317 1774 1319 1777 ’

112 1854 180 1894 mea
187 1845 266 1907 sunt,
284 1851 340 1892 nec
354 1829 445 1890 aliter
464 1850 551 1908 quam
571 1847 638 1896 meo
656 1828 804 1890 beneficio
816 1829 999 1894 obtinentur.
1018 1833 1058 1893 Et
1073 1833 1160 1896 nobis
1171 1855 1251 1972 puo—
1325 1857 1328 1871 ·

1189 1911 1251 1974 eles

3 2015 9 2026 ·
116 1988 147 2047 iu
168 2007 199 2047 se
218 1986 363 2060 sentiunt,
385 1995 420 2060 ¹ct
438 1975 469 2042 in
488 1995 552 2043 tota
572 1983 730 2062 impiorum
748 1983 805 2043 vita
826 1983 931 2046 clarius
951 2001 1135 2122 pigrsprcrtur.
1174 1989 1251 2053 Nam

118 2063 172 2124 etsi
192 2065 290 2124 omnia
310 2073 410 2122 nostra
429 2060 588 2139 praesidia,
612 2080 701 2139 opes,
727 2060 883 2122 commoda
908 2063 940 2122 in
991 2064 1017 2123 ci
1038 2063 1251 2126 benedictione

117 2141 333 2216 constituimus,
349 2135 472 2197 titillant
489 2147 587 2195 tamen
607 2157 662 2199 nos
681 2133 806 2196 subinde
826 2131 856 2198 et‘
873 2139 1027 2218 pelliciunt
1037 2161 1139 2203 sensus
1154 2132 1257 2204 nostri'

117 2217 151 2278 ad
181 2216 352 2299 quaerenda.
373 2213 499 2277 Satanae
524 2211 666 2286 subsidia,
697 2212 755 2272 acsi
785 2233 859 2274 unus
885 2215 967 2276 Deus
997 2238 1061 2277 non
1090 2219 1250 2280 sufficeret.

116 2295 202 2353 Bona
221 2303 319 2352 autem
345 2288 447 2348 mundi
490 2295 556 2361 ars,
579 2286 647 2346 Deo
673 2286 717 2346 ius
744 2298 775 2346 et
799 2289 956 2369 imperium
979 2287 1261 2371 terraetabdicans,

118 2370 257 2429 Satanam
283 2368 338 2426 sibi
362 2364 450 2445 fingit
473 2309 624 2423 bonorum
650 2361 781 2422 omnium
808 2365 950 2425 datorem.
989 2367 1077 2428 Unde
1103 2371 1181 2428 enim
1207 2371 1252 2447 fir,

118 2457 152 2506 nt
172 2444 254 2507 malis
278 2441 444 2514 artibus‘ct
467 2439 576 2518 rapinis
601 2449 632 2496 et
656 2438 808 2500 fraudibus
835 2441 898 2500 iere
925 2461 1027 2514 onures
1051 2463 1083 2504 se
1107 2443 1254 2523 addicant,

74 2591 78 2598 ‚
118 2520 175 2580 nisi
195 2519 275 2598 quod
303 2517 491 2594 in'Satanam
515 2513 716 2574 transcribunt
740 2516 821 2596 quod
840 2516 899 2576 Dei
921 2519 1076 2608 proprium
1099 2533 1179 2597 erat,
1202 2543 1255 2586 sua

121 2595 334 2659 benedictione
355 2592 451 2654 ,ditare
472 2611 547 2670 quos
570 2591 663 2651 visum
690 2591 751 2653 est?
791 2591 853 2652 Ore
878 2594 997 2674 quidem
1021 2616 1128 2676 panem
1154 2599 1255 2678 quoti-
1305 2641 1308 2652 .

120 2671 322 2736 dianumda'ri
341 2669 398 2732 sibi
418 2691 434 2729 a
453 2668 521 2728 Deo
547 2667 715 2749 postulant,
739 2670 789 2729 sed
816 2689 870 2730 ore
893 2683 995 2750 tenus,
1016 2673 1088 2754 quia
1112 2675 1253 2738 Satanam

119 2749 296 2832 praeficiunt
316 2745 523 2810 distribuendis
543 2745 634 2805 totius
654 2745 755 2805 mundi
775 2746 889 2808 divitiis.
1104 2811 1106 2818 ,

197 2832 245 2892 10.
284 2823 358 2903 Ati,
377 2823 501 2884 Somno.
541 2822 602 2882 Pro
624 2823 765 2892 eo'Lucas
784 2823 884 2901 habet,
902 2823 967 2886 Abi
978 2841 1048 2903 post
1064 2828 1254 2903 masmana.
1287 2867 1291 2872 ·

123 2903 226 2978 Quare
252 2902 362 2964 frustra
388 2902 419 2966 in
445 2899 584 2961 adverbio
631 2899 727 2959 uidam
750 2900 1014 2982 philosophantur,
1066 2928 1134 2968 uum
1159 2907 1254 2968 Petro
1299 2965 1303 2978 „

122 2982 232 3042 dictum
253 2991 298 3040 est
316 2976 436 3060 (Mattb.
456 2983 510 3053 16,
529 2920 704 3052 ratbode
724 2989 822 3054 retro,
848 2982 930 3058 quasi
950 3001 1012 3044 non
1031 2927 1109 3045 idem
1129 2983 1257 3044 audierit
1294 3055 1297 3060 Ι

120 3059 186 3139 ipse
206 3056 306 3116 Satan.
345 3056 409 3115 Sim
429 3055 528 3116 liciter
553 3053 631 3113 euim
650 3053 735 3114 iubet
755 3054 888 3117 Christus
915 3077 981 3116 enm
1002 3059 1153 3122 lacessere.
1192 3051 1256 3120 lam
1280 3057 1286 3076 '

120 3133 245 3198 veroin
271 3132 375 3200 eodem
401 3076 589 3192 defensionis
606 3149 716 3212 genere
742 3132 856 3214 pergit,
880 3133 1061 3214 scripturam
1086 3158 1148 3197 non
1172 3133 1257 3216 quasi

122 3211 260 3271 iunceum
280 3211 425 3290 clypeum,
444 3206 496 3268 sed
515 3225 584 3268 vere
603 3225 727 3268 aeneum
739 3218 909 3288 opponens:
929 3231 963 3271 ac
977 3213 1176 3276 testimonium
1187 3214 1258 3274 citat

125 3309 160 3348 ex
182 3286 280 3368 Lege,
306 3285 387 3366 quod
410 3305 486 3344 unus
504 3283 587 3343 Deus
610 3283 776 3344 adorandus
796 3285 833 3345 sit
859 3297 888 3345 et
915 3287 1067 3350 colendus.
1103 3291 1201 3360 Porro
1223 3309 1258 3352 cx

123 3362 322 3444 applicatione
343 3373 373 3421 et
392 3361 552 3454 praesentis
576 3361 635 3420 loci
656 3361 886 3437 circumstantia,
906 3386 1047 3444 quorsum
1065 3379 1181 3448 spectet
1198 3365 1259 3426 Dei

123 3440 277 3514 adoratio,
299 3451 332 3499 et
351 3439 421 3517 qurd
442 3437 552 3510 valeat,
577 3436 661 3512 facile
682 3437 839 3519 colligitur.
877 3440 1027 3522 Papistae‚
1052 3465 1142 3524 quum
1160 3443 1257 3506 solum

123 3517 221 3578 Deum
241 3518 422 3577 adorandum
442 3524 567 3594 negant,
592 3513 752 3594 sophistico
779 3531 949 3579 commento
976 3519 1054 3581 bunc
1074 3521 1172 3582 locum
1192 3517 1257 3578 clu-

123 3594 198 3653 dunt
218 3605 249 3652 et
268 3593 383 3656 similes.
420 3591 537 3650 Latriae
563 3591 680 3669 quidem
705 3591 908 3652 adorationem
934 3594 1104 3656 concedunt
1127 3593 1257 3674 relinqui

109 3670 234 3730 ‘debere
253 3670 396 3730 uoiDeo:
418 3667 524 3728 duliam
535 3688 605 3728 vcro
626 3668 663 3727 ad
686 3679 819 3728 mortuos
838 3680 869 3729 et
889 3691 992 3732 eorum
1012 3693 1077 3734 ossa
1096 3693 1130 3732 ac
1149 3682 1257 3732 statuas

124 3749 317 3808 transierunt.
341 3745 433 3827 Atqui
453 3744 560 3805 frivola
578 3745 622 3830 illi
641 3745 798 3806 verborum
820 3745 1009 3810 distinctione
1028 3750 1148 3822 reiecta,
1169 3746 1259 3808 Chri-

125 3836 186 3886 stus
219 3822 406 3898 προςκὺνησιν
433 3820 520 3882 ctiam
546 3822 598 3880 uni
618 3821 685 3881 Deo
705 3821 846 3883 vindicat:
877 3846 936 3903 quo
958 3840 1196 3900 commonemur,
1212 3822 1261 3890 rei
1355 3841 1356 3844 ’

125 3899 224 3982 potius
250 3917 334 3979 quam
366 3899 446 3962 vocis
472 3899 618 3958 rationem
646 3917 709 3958 esse
735 3897 913 3976 habendam,
943 3903 1060 3983 quoties
1091 3900 1190 3981 agitur
1219 3899 1259 3959 de

126 3976 209 4038 cultis
228 3976 295 4035 Dei.
334 3976 487 4056 Scriptura
506 3973 604 4035 Deum
629 3995 719 4035 unum
745 3974 844 4035 colere
868 3977 966 4038 iubet:
997 3977 1203 4058 spectandum,
1229 3975 1261 4038 iu

126 4073 215 4135 quem
235 4053 334 4112 finem.
357 4052 391 4112 si
410 4053 564 4133 quicquam
586 4073 619 4112 ex
639 4053 701 4111 eius
720 4052 822 4134 gloria.
834 4053 943 4117 delibat
962 4055 1064 4129 bomo,
1084 4053 1164 4136 qnod
1177 4071 1262 4112 crea-·

53 4133 62 4144 ⁸
125 4131 202 4192 turis
223 4130 363 4205 ascribat,
387 4130 528 4214 sacrilega
554 4141 598 4190 est
622 4129 712 4189 divini
736 4129 830 4190 cultus
854 4131 1005 4192 violatio.-
1025 4130 1061 4190 Id
1080 4141 1177 4192 autem
1196 4125 1263 4190 lieri

126 4207 193 4291 plus
214 4227 299 4287 quarn
319 4207 505 4288 perspicuum
527 4218 585 4282 est,
611 4227 700 4287 quum
726 4205 806 4266 bona
831 4207 973 4266 creaturis
992 4219 1111 4288 accepta
1131 4207 1263 4282 ierimus,

127 4305 256 4375 quorum
280 4285 362 4345 Deus
394 4285 513 4345 unicum
537 4303 568 4344 se
598 4294 747 4345 auctorem
779 4282 910 4344 volebat
929 4284 1058 4365 agnosci.
1096 4284 1159 4347 Iam
1186 4301 1264 4346 vero

127 4361 223 4424 sicuti
234 4359 339 4442 religio
359 4362 480 4442 proprie
499 4361 654 4444 spiritualis
675 4372 734 4438 est,
761 4371 880 4422 esterna
907 4371 1004 4424 autem
1030 4361 1091 4443 eius
1116 4359 1266 4444 confessio

156 4459 250 4506 Caluini
263 4475 346 4511 comm·
360 4463 386 4508 in
399 4463 480 4512 Herm.
494 4465 538 4512 Er.
554 4464 608 4515 Vol.
624 4463 644 4512 l.
1047 4444 1068 4506 8
