2816 4746
159 275 181 336 a
537 213 594 330 io.
615 263 784 336 csivmi
805 265 906 334 vira

161 411 298 474 innotuit·
311 409 446 475 omnibus
464 411 594 504 purioris
618 409 769 494 religionis
788 407 940 486 studiosis,
960 409 1038 470 inter
1053 431 1131 490 quos
1150 409 1289 490 frequen·

161 501 210 551 ter
233 499 337 569 postea
360 507 423 548 non
447 507 512 548 sine
537 487 644 570 insigni
669 487 783 569 pietatis
811 487 982 548 testimonio
1011 500 1290 548 commemorantem

164 585 231 627 eum
250 563 409 626 audivimus
429 561 610 645 Stephanum
630 565 780 645 Forgeum
800 563 947 623 celebrem
966 575 1171 638 mercatorem,
1189 575 1293 642 postea

163 662 220 724 pro
241 641 352 702 Christi
376 642 496 702 nomine
525 652 698 714 crematum,
728 640 809 700 cuius
836 641 924 700 etiam
949 661 1058 700 nornen
1086 641 1166 702 edito
1190 651 1294 775 postea

164 729 267 780 contra
286 716 457 780 Libertinos
477 717 553 778 libro
577 716 743 778 celebravit.
782 717 829 777 nt
844 737 886 777 -eo
906 729 1042 796 tempore
1062 737 1124 777 sese
1146 718 1187 779 Ca
1202 720 1294 791 vinus,

164 795 287 856 abiectis
312 794 432 875 reliquis
456 795 573 868 studiis,
602 795 671 854 Deo
704 806 800 853 totuin
831 795 1014 854 consecravit
1036 815 1146 854 summa
1176 795 1292 872 piorum

166 871 313 946 omnium,
345 873 395 952 qui
425 883 487 932 tum
506 871 642 930 Lutetiae
661 870 794 932 occultos
815 883 917 931 coetus
933 870 1100 943 habehant,
1130 873 1294 944 voluntate,

166 967 222 1008 nec
243 949 270 1006 ei
289 967 357 1007 rnoii
377 947 481 1023 defuit,
502 948 533 1007 in
555 967 614 1026 quo
635 966 698 1008 sese
718 958 837 1008 strenue
859 959 1016 1009 exerceret.
1055 949 1127 1006 Erat
1145 959 1208 1007 tum
1228 969 1296 1006 aca-
1403 1013 1404 1016 Ἴ

167 1023 280 1086 demiae
300 1025 467 1086 Parisieusis
487 1022 607 1094 Rector,
627 1023 668 1084 ita
685 1035 719 1084 ut
738 1023 799 1084 illic
819 1024 867 1098 fit,
886 1025 1051 1106 designatus
1071 1023 1209 1094 Nicotaus
1230 1023 1295 1084 Co·
1401 1040 1403 1053 ¹

166 1122 237 1183 pus,
258 1099 412 1161 Guilielmi
432 1099 511 1181 Capi
536 1100 704 1162 Basiliensis
729 1101 806 1184 regii
823 1101 938 1181 ,medici
963 1101 1053 1161 filius:
1080 1101 1126 1162 cui
1148 1122 1238 1180 quum
1258 1099 1296 1159 de

166 1193 251 1238 mote
271 1178 404 1238 habenda
430 1191 506 1238 esset
538 1178 602 1239 Cal.
622 1177 783 1239 Novemhr.
809 1179 921 1252 oratio,
946 1197 1006 1258 quo
1027 1177 1075 1236 die
1095 1197 1112 1237 a
1132 1176 1297 1238 Pontificiis

166 1253 296 1346 Panagia
326 1254 528 1332 celebrantur,
559 1257 704 1338 suggessit
728 1275 790 1315 eain
816 1251 969 1329 Calvinus,
997 1254 1028 1313 in
1055 1276 1112 1334 qua
1140 1254 1240 1334 purius
1267 1265 1298 1314 et

167 1343 306 1413 apertius,
327 1353 412 1410 quain
432 1343 518 1392 antea
537 1332 765 1408 consuevissent,
785 1332 822 1391 de
842 1331 986 1413 religiose
999 1331 1202 1392 disserebatur.
1228 1330 1297 1391 Hoc

167 1427 239 1467 vero
259 1407 399 1468 Sorhona
419 1409 497 1469 ferre
517 1431 578 1469 non
599 1411 707 1490 potuit,
726 1430 782 1469 nec
823 1409 939 1469 rohavit
959 1408 1094 1480 Senatus,
1115 1427 1202 1486 quein
1222 1408 1296 1466 Par-

167 1483 327 1545 lamentum
354 1485 514 1567 appellant:
541 1507 558 1546 a
584 1508 644 1566 quo
676 1475 781 1547 citatu's
800 1431 913 1545 ilector
937 1505 999 1546 sese
1025 1485 1143 1563 quidem
1167 1485 1196 1543 in
1221 1485 1298 1543 viam

168 1581 234 1625 cum
254 1561 312 1620 suis
333 1562 547 1642 apparitoribus
567 1563 663 1638 dedit,
686 1562 738 1625 sed
761 1563 799 1624 ab
820 1563 919 1622 amicis
938 1562 970 1621 in
995 1560 1298 1635 itineisadnoniius,

118 1649 123 1668 '
162 1647 201 1700 ,ut
219 1637 277 1696 sibi
296 1636 332 1697 ab
358 1639 526 1700 adversariis
557 1653 688 1715 caveret,
719 1641 840 1700 domum
871 1659 1003 1699 reversus
1035 1658 1070 1697 ei
1099 1639 1175 1716 ipso·
1195 1650 1299 1716 postea

169 1731 262 1794 reguo
290 1716 432 1776 excedens
457 1705 600 1777 basileam
624 1737 656 1778 se
682 1717 816 1778 contulit
854 1713 932 1774 Itum
954 1726 998 1774 est
1018 1715 1105 1774 etiam
1125 1714 1155 1772 in
1176 1735 1299 1806 gymna-

168 1789 244 1850 sium
263 1790 343 1870 quod
368 1792 539 1854 Fortretum
562 1804 684 1869 vocant,
713 1792 766 1855 uhi
796 1805 858 1852 tum
879 1791 1017 1854 Calvinus
1040 1790 1096 1851 sibi
1121 1790 1300 1851 domicilium

170 1865 334 1960 delegerat:
354 1890 415 1949 quo
436 1870 515 1930 sorte
535 1870 615 1938 domi
635 1891 698 1948 non
717 1883 855 1951 reperto,
876 1867 1064 1948 deprehensis
1082 1868 1162 1926 inter
1180 1867 1300 1928 schedas

169 1941 269 2004 multis
282 1945 448 2014 ,amicorum
469 1947 578 2022 liteiu‘s,
601 1947 643 2006 nil
668 1947 787 2028 propius
814 1946 938 2018 iactum,
962 1966 1050 2023 quain
1076 1955 1109 2004 ut
1123 1943 1300 2024 plurimiin

169 2020 324 2080 maximum
343 2023 419 2083 vitae
439 2023 595 2084 discrimen
615 2025 816 2084 incurrerent:
841 2024 886 2084 ita'
900 2034 963 2082 tum
984 2032 1067 2080 erant
1086 2041 1167 2081 acres
1187 2021 1229 2080 illi
1248 2021 1300 2081 ad-

170 2096 291 2156 modum
312 2099 448 2159 adversus
466 2100 628 2161 Ecclesiam
648 2101 777 2172 iudices,
811 2112 844 2160 et
868 2102 899 2158 in
930 2099 974 2158 his
1020 2097 1118 2159 uidem
1143 2097 1301 2177 praecipue

171 2171 299 2236 Ioannes
319 2176 435 2256 quidam
454 2179 605 2254 Morinus,
631 2179 711 2242 cuius
735 2179 829 2238 adhuc
853 2197 964 2237 nomeu
991 2119 1026 2234 ih
1051 2176 1105 2235 insi
1128 2173 1159 2234 'ni
1183 2174 1302 2234 saevitia

172 2249 365 2336 celebratur.
389 2253 448 2312 Sed
474 2253 550 2315 hanc
573 2249 777 2335 te'mpestatem
797 2254 943 2314 Dominus
964 2251 1083 2344 reginae
1103 2195 1130 2311 X

171 2327 275 2391 unicae
300 2330 377 2411 regis
401 2323 551 2392 Francisci
571 2333 698 2405 sororis,
728 2329 1036 2410 admirabili'ingenio
1062 2328 1210 2408 praeditae
1235 2337 1302 2386 inti-

170 2401 261 2479 lieris,
281 2418 311 2467 et
330 2407 384 2487 piis
404 2420 475 2468 tunc
486 2409 644 2469 admodum
664 2410 787 2470 laventis
808 2409 1018 2468 intercessione
1032 2405 1192 2484 dissipavit,
1212 2405 1302 2465 misso

171 2478 204 2540 in
230 2481 322 2543 aulam
346 2485 448 2564 ibique
477 2486 698 2566 perhonorifice
725 2485 762 2546 ab
787 2506 821 2544 ca
847 2495 969 2564 accepto
990 2496 1020 2544 et
1043 2484 1141 2542 audito
1168 2480 1303 2543 Calvino.

150 2555 248 2624 ,Inde
268 2559 333 2634 ille,
359 2561 476 2620 Lutetia
497 2563 614 2635 relicta,
637 2563 668 2622 in
688 2582 790 2644 agrurn
812 2562 1019 2622 Sanctonicum
1043 2558 1229 2639 [Suiatnsrge]
1252 2557 1305 2617 de-

174 2634 311 2714 migrans,
330 2637 424 2697 amico
445 2637 557 2697 cuidam
577 2659 697 2718 operam
719 2639 810 2710 dedit,
827 2638 908 2696 cuius
929 2659 963 2698 ro
986 2650 1035 2697 atu
1056 2637 1157 2706 breves
1168 2634 1305 2727 quasdam

174 2709 392 2770 admonitiones
412 2712 593 2775 Christianas
623 2715 752 2794 scripsit,
784 2734 853 2792 quas
884 2734 974 2791 paroc
996 2711 1199 2772 is-nonnullis
1228 2713 1307 2771 inter

175 2805 256 2846 sacra
279 2787 443 2849 recitandas
464 2789 635 2866 tradebant,
659 2801 693 2849 ut
717 2788 856 2868 paulatim
879 2788 984 2868 'populi
1008 2788 1045 2846 ad
1069 2789 1197 2855 veritatis
1222 2788 1307 2848 inda-

133 2885 137 2890 ’
177 2861 290 2942 gandae
309 2864 436 2924 studium
455 2865 652 2926 allicerentur.
689 2864 805 2925 Eodem
824 2865 1119 2944 temporeNcracum
1131 2865 1307 2944 Aquitaniae

177 2939 282 2999 urbem
301 2941 392 3015 venit,
410 2939 553 3002 iacobum
571 2940 653 3002 illum
666 2941 794 3001 Fabrum
806 2939 1011 3019 Stapulensem
1032 2941 1074 3021 [Ie
1083 2941 1176 3002 Ferre
1187 2939 1307 3000 rdEsto-

73 3057 88 3078 c
197 3014 253 3107 les]
274 3037 374 3077 senem
393 3015 589 3091 salutaturus,
603 3039 690 3098 quem
711 3017 812 3077 eadem
831 3017 879 3078 illa
898 3017 1064 3078 Navarrena
1080 3021 1182 3100 regina
1201 3041 1217 3079 a
1233 3018 1307 3078 Sor-

171 3035 301 3154 Xonistis
320 3094 515 3176 Mataeologis
548 3095 586 3155 oh
618 3095 834 3156 matbematices
861 3106 897 3154 ⁴et
926 3094 980 3154 alia
1005 3093 1308 3176 philosophiae‘recta

88 3237 93 3248 .
178 3169 272 3229 studia
296 3171 453 3233 Parisiensi
478 3171 640 3234 academiae
665 3194 727 3232 non
752 3171 818 3232 sine
842 3171 955 3233 diutino
981 3173 1307 3251 acerrimoque'certa-
1392 3239 1394 3246 ¹

179 3247 258 3336 inine
285 3249 431 3324 restituta,
464 3261 494 3308 et
519 3249 723 3310 scholasticam
748 3248 944 3330 Theologiam
970 3249 1140 3341 exagitatam
1174 3249 1205 3308 in
1231 3249 1308 3309 vitae

181 3321 334 3384 discrimen
355 3326 512 3386 adductum
538 3327 692 3400 liberarat,
721 3331 753 3386 'et
771 3326 802 3386 in
822 3325 872 3384 illa
891 3346 959 3386 suae
980 3324 1098 3386 ditionis
1118 3325 1191 3384 urbe
1212 3325 1308 3386 collo-

180 3412 268 3459 carat
306 3403 430 3482 Excepit
447 3415 544 3466 autem
565 3405 700 3464 iuuenem
720 3402 816 3463 bonus
835 3423 940 3477 senex,
959 3414 989 3462 et
1008 3402 1137 3462 libenter
1155 3403 1241 3474 vidit,
1261 3402 1308 3461 su·

179 3485 277 3536 turum
304 3499 447 3560 augurans
472 3481 586 3561 insigne
612 3480 746 3541 coelestis
771 3480 802 3538 in
823 3477 918 3540 Gallia
945 3479 1124 3538 instaurandi
1144 3477 1240 3560 Regni
1260 3479 1308 3538 in-

180 3564 383 3619 strumentum.
425 3556 525 3617 Rediit
549 3557 699 3637 aliquanto
724 3568 792 3638 post
815 3557 960 3616 Lutetiam
986 3555 1139 3628 Calvinus,
1172 3577 1208 3616 eo
1229 3558 1309 3634 quasi

103 3689 107 3698 ,
180 3628 239 3689 Dei
257 3631 346 3710 ipsius
365 3655 452 3693 manu
473 3647 618 3696 evocatus.
666 3635 793 3694 Venerat
812 3634 889 3692 enim
913 3633 983 3693 illuc
1006 3633 1111 3712 impius
1132 3631 1181 3691 ille
1202 3633 1309 3691 Serre-

179 3717 244 3783 tuS,
275 3710 332 3768 iam
363 3721 425 3770 turn
450 3733 534 3770 suum
559 3711 693 3772 adversus
718 3731 828 3772 sacram
854 3709 992 3768 Triadem
1020 3711 1098 3770 virus
1123 3709 1309 3790 dispergens:

1132 2251 1303 2325 avarteusis,

182 3805 269 3864 quem
288 3805 352 3846 sese
371 3787 444 3846 nihil
463 3788 553 3870 magis
574 3801 728 3868 appetere,
755 3808 842 3923 guam
863 3787 925 3846 eius
951 3786 1147 3866 colloquium,
1170 3786 1310 3846 simulan-

180 3873 241 3922 tem
262 3864 400 3924 condicto
422 3865 489 3925 loco
511 3877 541 3923 et
560 3877 696 3944 ternpore
718 3863 761 3925 Ca
775 3863 866 3938 vinus,
886 3863 976 3944 idque
996 3885 1058 3922 non
1079 3865 1150 3922 citra
1171 3884 1309 3944 magnum

181 3940 257 3999 vitae
277 3939 451 4028 periculum,
472 3937 553 4020 quod
572 3953 634 4001 tum
655 3942 745 4000 latere
764 3953 889 4078 propter
906 3960 1057 4001 accensam
1078 3940 1309 4000 adversariorum

182 4016 298 4109 rabiem·
313 4031 484 4110 cogeretur,
514 4018 621 4078 diutius
642 4019 759 4099 quidem
779 4038 810 4078 se
849 4017 957 4078 frustra
978 4017 1170 4098 exspectavit,
1194 4016 1245 4077 illo
1269 4037 1310 4076 ne

184 4089 299 4153 Calvina
319 4095 438 4176 quidem
459 4105 650 4174 conspectum
669 4096 794 4155 serente.

255 4249 354 4325 isat.)
366 4250 435 4310 Fuit
447 4263 543 4311 autem
555 4250 578 4310 is
592 4271 683 4309 annus
695 4248 830 4308 XXXIV.
850 4216 1226 4327 supr'a'sesquimillesiinum
1238 4247 1309 4308 bor-

185 4341 237 4380 ren
260 4343 275 4382 a
294 4324 325 4383 in
344 4327 452 4390 multos
472 4329 537 4411 pios
557 4327 675 4388 saevitia
694 4325 832 4408 insignis,
853 4325 990 4384 Gerardo
1009 4325 1119 4398 Rufio,
1139 4325 1309 4386 Sorhonico

86 4467 88 4480 ‚
141 4463 145 4473 ,
188 4398 305 4478 quidem
328 4401 488 4484 Magistro,
513 4404 565 4466 sed
589 4404 705 4485 pietatis
727 4403 822 4468 studia
845 4421 1026 4483 magnopere
1048 4401 1311 4476 tuncadiuuaute,
