2786 4742
6 1804 8 1813 ν
85 1770 189 1837 luisses
209 1797 278 1852 usu,
307 1795 410 1838 omnes
436 1776 579 1837 intentur:
606 1776 705 1838 lacum
729 1798 801 1840 vero
822 1777 1011 1842 Gadarenum
1032 1781 1141 1843 Strabo
1161 1795 1224 1846 tam
1303 1827 1313 1840 .

1 1891 2 1894 =
83 1852 205 1912 noxium
218 1865 248 1912 et
266 1853 452 1933 pestilentem
472 1853 561 1914 luisse
571 1853 652 1929 dicit,
671 1867 704 1915 ut
724 1867 797 1936 potu
817 1875 930 1940 ungues
951 1869 982 1918 et
1001 1857 1077 1938 pilos
1093 1861 1222 1952 pecudes
1391 1861 1392 1870 ’

1 2697 25 2772 s
84 2710 233 2790 repugno.
282 2693 343 2765 Sed
365 2714 456 2776 quum
487 2695 558 2755 dicit

1 3231 2 3234 Ἴ
83 3179 100 3220 t

262 255 269 264 '
349 229 353 234 ¹
410 251 581 350 (ordino
599 263 757 344 tempestas
777 253 899 334 sedata.)
929 215 935 228 ,
1173 254 1244 335 227¹

176 394 278 466 LUC.
297 397 384 488 Vlll.
428 398 479 464 22
502 397 636 464 Factum
659 410 706 466 cst
726 401 993 492 autemquadam
1015 405 1079 490 dio,
1101 419 1137 478 ut
1156 387 1229 500 ipso
1288 399 1314 450 7

89 499 285 570 ascenderet
310 501 345 566 iu
380 501 488 582 nasim
516 520 554 563 ac
581 498 734 587 discipuli
762 504 841 569 eius.
889 505 930 572 Et
956 506 1035 576 dicit
1066 509 1109 578 ad
1143 511 1229 594 illos,

89 602 304 667 Traiiciamus
337 603 371 665 in
404 597 593 667 ulterioreni
625 605 727 690 ripam
763 603 880 690 stagni,
923 605 1023 672 {lunc
1051 611 1235 682 solverunt.-

88 703 143 766 23.
170 697 404 788 Navigantibus
431 710 537 786 autern
559 700 625 776 illis
647 702 859 799 ohdormivit,
886 713 919 769 et
938 707 1057 791 ingruit
1080 715 1228 798 procella

87 804 180 866 venti
200 805 235 869 in
249 813 403 890 stagnum,
425 811 457 865 el
470 800 718 889 ‚complebantur
737 827 776 868 ac
797 799 1074 891 periclitabantur.
1095 815 1152 895 24.
1164 815 1227 882 Ac.

40 919 42 925 ’
88 901 245 970 cedentes
260 914 366 968 autem
379 905 616 982 suscitaverunt
634 893 727 984 eum,¹
739 904 1114 995 dicentes,.Praeceptor,
1133 937 1227 1000 pras.

44 1019 51 1030 “
88 1015 218 1091 ceptor,
242 1007 393 1091 perimus.
436 1003 487 1079 ¹At
510 1001 569 1068 ille
598 1018 804 1093 experrectus
830 1010 1011 1093 increpavit
1034 1022 1166 1079 rentum
1194 1025 1226 1082 et

15 1145 20 1152 -
85 1091 311 1194 tempestatem
335 1124 456 1190 aquae:
478 1101 520 1166 et‘
533 1095 746 1188 cessaverunt,
768 1107 919 1195 famaque
934 1113 982 1172 cst
1000 1110 1225 1198 tranquillitas
1258 1145 1261 1150 ⁴

85 1203 140 1270 25.
158 1205 248 1272 Dixit
270 1215 376 1289 autem
397 1203 479 1284 illis,
499 1205 567 1278 Ubi
586 1217 637 1272 est
658 1206 742 1274 fides
761 1211 889 1274 vestra?
932 1206 1099 1276 Timentes
1119 1197 1225 1282 autem

84 1308 301 1390 miratisunt,
321 1305 468 1372 dicentes
489 1307 575 1372 inter
594 1328 646 1386 se,
671 1301 832 1394 Quisnam
854 1309 908 1372 liic
929 1299 994 1388 esi,
1022 1315 1101 1398 quia
1120 1318 1225 1384 venus

86 1426 224 1508 quoque
247 1415 280 1514 et
302 1420 409 1507 aquae
431 1393 582 1493 tmpciat,
602 1395 634 1496 et
656 1405 815 1501 obediunt
838 1412 890 1478 eil
947 1429 950 1434 ·

160 1529 247 1620 Quia
266 1544 355 1627 paulo
375 1523 445 1626 p'ost
462 1564 561 1608 rursus
580 1545 633 1616 fiet
650 1545 730 1608 lacus
749 1549 879 1626 mentio,
924 1567 994 1612 uum
1015 1549 1144 1630 dicetur,
1168 1552 1225 1614 inr-

10 1657 15 1670 ·
85 1631 161 1716 peto
180 1623 321 1703 abreptos
340 1621 410 1684 illue
430 1623 520 1688 fuisse
540 1642 665 1704 porcos,
684 1643 721 1685 an
741 1644 817 1686 uuus
837 1637 868 1686 et
886 1571 965 1688 idem
984 1618 1027 1690 sit'
1042 1627 1136 1704 lacus,
1161 1648 1224 1692 non

85 1709 169 1759 inter
187 1700 459 1766 ornnescouvenit
499 1699 668 1762 Genesarae
687 1721 775 1782 aquas
795 1701 884 1764 luisse
905 1710 991 1787 gustu
1010 1725 1109 1767 suaves
1129 1717 1160 1766 et
1178 1729 1224 1768 sa·
1247 1759 1261 1774 ,,
1294 1764 1297 1772 ,

84 1931 266 1990 amitterent.
303 1921 389 1990 Duos
405 1949 482 2013 orgo
495 1931 623 1992 diversos
643 1932 731 1993 luisse
751 1931 841 2009 la‘cus,
861 1935 1031 2014 etquidem
1050 1947 1120 1997 satrs
1134 1936 1224 2020 longa

2 2057 11 2071 ,.
84 2005 225 2074 distantia
244 2005 380 2067 locorum
399 2019 564 2088 separatos,
592 2008 715 2069 dubium
734 2029 796 2070 non
817 2022 870 2072 est·
908 2013 995 2073 Hunc
1014 2024 1113 2094 porro,
1127 2014 1223 2076 lacurn
1247 2076 1251 2084 ,

85 2083 124 2143 de
136 2081 288 2142 Genesara
307 2082 434 2166 intelligi
455 2085 575 2153 debere,
595 2097 673 2146 extra
685 2087 916 2148 controversiam
937 2101 993 2148 est:
1014 2109 1074 2168 quo
1094 2091 1222 2152 traiecto

83 2159 240 2242 proiectus
264 2170 309 2218 est
329 2153 462 2221 Christus
486 2160 523 2218 ad
551 2159 742 2234 Gariannum,
774 2164 825 2242 qui
845 2161 1010 2246 Gergeseni
1036 2165 1222 2234 aMattlra'eo

68 2247 238 2310 „vocantur
280 2234 343 2309 Qui
362 2247 458 2294 autem
479 2255 514 2294 ex
532 2237 660 2296 nominis
673 2234 840 2314 diversitate
854 2239 979 2302 diversas
1000 2240 1134 2304 historias
1152 2261 1221 2302 nar-

83 2313 148 2373 rari
172 2311 334 2392 colligunt,
363 2312 433 2384 dum
454 2330 485 2371 ar
507 2311 550 2372 uti
569 2311 661 2372 rideri
686 2326 844 2394 appetunt,
877 2315 961 2382 nimis
989 2337 1083 2376 crassa
1108 2319 1221 2380 inscitia

81 2388 234 2449 labuntur.
258 2387 303 2446 Re
325 2387 355 2448 io
376 2388 455 2448 enirn
477 2329 540 2448 (der
563 2405 717 2448 esenorum
731 2390 885 2449 Gadarene
905 2411 1024 2470 quoque
1044 2406 1145 2453 vocata
1165 2395 1221 2454 suit

84 2487 102 2527 a
124 2463 249 2524 Gadaris
270 2405 343 2526 orde
364 2463 484 2524 celebri.
570 2467 704 2545 'eronymi
727 2478 821 2527 aetate
846 2476 987 2526 mutatum
1008 2479 1071 2524 erat
1095 2487 1243 2528 nomenz'

83 2542 187 2621 itaque
208 2538 376 2601 Gerasenos
401 2559 435 2598 ex
457 2559 542 2601 more
564 2552 636 2601 tunc
658 2555 780 2621 recepto
807 2540 944 2622 appellat.
982 2541 1097 2677 xlpuum
1122 2554 1220 2606 tamen

85 2617 174 2702 porci
192 2615 223 2676 in
253 2616 347 2678 lacurn
368 2614 557 2678 Gadarenum
583 2618 759 2757 praecipites
785 2619 842 2679 acti
866 2617 925 2678 sint
949 2639 964 2678 a
990 2617 1131 2693 doliolis,
1158 2639 1220 2682 non
1251 2627 1253 2631 '

612 2694 730 2769 hristus,
750 2696 957 2756 'Transeamus
987 2695 1018 2754 in
1049 2695 1220 2756 ulteriorem

83 2793 191 2854 ripam,
210 2771 239 2832 id
260 2789 322 2830 non
363 2792 459 2832 ossum
481 2772 536 2832 nisi
556 2769 593 2831 de
613 2770 764 2832 Genesara
785 2759 941 2852 expilnerc.
979 2771 1125 2834 Nuoc'de
1144 2785 1221 2834 tem-

33 2903 46 2920 ,
84 2869 162 2932 pore
187 2859 277 2930 restat
299 2848 328 2908 vi
350 2848 474 2925 endum,
490 2850 573 2934 pund
594 2869 691 2930 neque
716 2869 749 2908 er
769 2848 933 2928 Mattiaco,
962 2869 1060 2930 neque
1087 2869 1121 2908 er
1139 2850 1219 2912 Loca

1 2977 2 3006 3
83 2936 188 3066 potest
207 2923 320 3011 colligi:
340 2925 419 2987 solus
433 2927 548 2987 Marcus
559 2947 709 3018 vesperam
721 2937 814 2986 notat
834 2927 895 2985 cius
916 2926 984 3000 diei,
1005 2933 1064 3018 quo
1083 2926 1220 2988 disseruit
1239 2959 1251 3003 f

115 3003 222 3063 hristus
249 3003 286 3063 de
306 3001 458 3084 Evangelii
478 3004 704 3141 praedicatione
729 3003 783 3064 sub
807 3003 945 3084 parabola
965 3003 1091 3062 seminis.
1132 3005 1219 3065 Unde

84 3089 218 3218 apparet,
234 3093 458 3170 conservatum
490 3082 567 3154 uisse
587 3080 628 3172 ab·
644 3080 699 3140 illis
717 3081 860 3162 temporis
874 3079 1019 3154 ordinem,
1039 3079 1224 3185 quodetiam,

114 3176 165 3218 are
184 3167 321 3236 exprimit
336 3157 443 3236 ¹,luricas
462 3177 551 3237 quum
572 3158 652 3230 drcrt,
671 3155 780 3219 facturn
801 3174 864 3218 esse
883 3157 1007 3236 quadarn
1028 3155 1090 3216 dre:
1111 3157 1217 3237 quibus

81 3233 183 3326 verbis
203 3231 351 3308 ostendit,
379 3253 410 3295 se
430 3236 513 3295 anxie
537 3253 600 3343 non
625 3233 778 3310 laborare,
809 3233 879 3314 quid
901 3233 980 3348 prius
1000 3233 1046 3294 vel
1070 3239 1216 3313 posterius
1253 3261 1258 3282 1

83 3313 333 3450 &milano-23·
370 3385 471 3474 ’(Μη·
488 3379 634 3462 ingressio
655 3399 725 3446 esset
747 3388 852 3446 naum.
874 3365 1005 3448 ‘Marus
1031 3384 1116 3460 dicit,
1148 3385 1217 3448 alias

410 3319 415 3328 κ

1 3513 2 3518 ,
83 3483 205 3547 qnoque
224 3461 369 3524 naviculas
387 3463 549 3524 traiecisse:
574 3459 724 3526 Christum
750 3483 821 3524 vero
846 3464 998 3545 propriam¹
1020 3481 1124 3523 navem
1143 3481 1218 3524 con·
1294 3461 1298 3470 ‘

83 3541 233 3604 scendisse
258 3559 326 3600 cum
350 3542 408 3602 suis
438 3540 593 3622 discipulis.
641 3541 734 3601 Lucas
767 3536 852 3603 ctiam
885 3541 990 3601 recitat
1019 3539 1081 3600 eius
1112 3539 1216 3600 rerba:

83 3617 251 3681 Matthaeus
283 3615 484 3686 breviores't.
532 3617 569 3676 ln
599 3638 710 3678 sununs
746 3628 845 3676 tarnen
875 3616 1078 3690 consentiunt,
1109 3633 1217 3695 nempe

62 3695 168 3777 „quod
188 3711 219 3754 se
239 3691 435 3754 Christus-ad
460 3695 592 3773 quietern
619 3693 836 3830 composuerit,
867 3706 954 3774 atque
987 3712 1023 3753 eo
1050 3690 1217 3750 dormiente
1251 3719 1255 3727 ⁴

85 3782 211 3855 repente
232 3782 332 3834 exorta
357 3771 447 3831 inerit
470 3783 637 3852 tempestas.
714 3771 788 3830 rimo
814 3781 928 3832 certum
953 3781 1013 3845 est,
1045 3785 1107 3832 nou
1129 3763 1217 3832 lotus

86 3849 239 3918 lortuitarn
258 3847 430 3928 procellam,
451 3867 525 3928 quae
544 3847 640 3924 lacum
658 3847 795 3907 turbavit.
835 3846 999 3922 Quomodo
1019 3843 1098 3906 eninr
1110 3841 1217 3904 Filium

85 3947 170 3987 suum
189 3929 283 3986 coeco
302 3937 459 3993 ventorum
476 3925 590 4005 impetu
608 3924 708 3986 iactari
727 3944 826 4006 passus
846 3923 948 3985 luisset
963 3919 1148 4008 Densiused
1164 3917 1218 3981 bac

87 4002 245 4064 occasione
269 4002 436 4082 patuissent
456 4001 608 4082 Apostolis
626 4001 735 4081 voluit,
762 3999 970 4082 quarn-exigua
990 4010 1021 4058 et
1040 3995 1146 4090 debilps
1165 3997 1218 4088 ad:
1242 4027 1249 4040 α

86 4077 144 4138 lruc
167 4089 244 4140 esset
268 4099 371 4138 eornm
388 4079 482 4142 'fides
531 4077 673 4153 Quamvis
704 4078 792 4139 etiam
824 4076 964 4138 naturalis
992 4075 1083 4134 luerit
1106 4064 1218 4134 (inrisu

87 4175 216 4232 somnus,
235 4155 324 4226 valuit
343 4167 440 4216 tamen
460 4155 496 4216 ad
517 4156 643 4215 cundem
663 4175 761 4230 usum,
781 4166 815 4215 nt
833 4172 914 4214 suam
934 4151 1138 4212 infirmitatem
1152 4165 1217 4209 tue-

1 4261 3 4302 ;
88 4229 150 4296 lius,
172 4243 369 4316 agnoscerent
399 4231 541 4312 discipuli.
599 4233 669 4292 Non
698 4231 792 4292 dicam
823 4229 904 4310 quod
935 4228 1034 4303 multi,
1053 4227 1217 4288 utriscum

1 4306 2 4321 ¹
88 4305 201 4370 finxisse
220 4331 371 4386 somnum,
389 4322 424 4371 ut
443 4309 509 4370 illos
536 4308 690 4389 probarett
722 4306 822 4390 potins
842 4305 984 4366 domuisse
1002 4305 1155 4380 existimo,
1185 4314 1219 4361 ut

88 4381 203 4478 ferebat
222 4388 362 4450 humanae
381 4388 444 4450 eius
464 4392 584 4484 calmae
603 4386 739 4450 conditio
765 4395 797 4457 et
820 4381 997 4524 ιιιίαὸοἷίεἰῑιεολ
1029 4381 1153 4444 Interim
1172 4391 1209 4440 to
