2808 4748
941 76 946 104 l

210 148 270 262 iar
669 187 895 254 suerrovr.

211 324 401 419 doctoribus,
423 333 565 396 indicium
584 331 622 394 de
666 331 912 416 seudoprophetis
931 355 948 396 a
967 333 1109 398 fructibus
1127 335 1225 398 lacere
1243 337 1332 400 iubet

212 414 317 492 Quare
334 411 421 473 nimis
466 405 540 472 utidi
563 423 633 472 snut
676 412 806 492 apistae,
832 412 883 492 qui
907 412 1080 478 conflandae
1101 413 1185 474 nobis
1209 414 1333 476 invidiae

211 511 297 556 causa
313 489 394 550 illam
415 433 526 550 Christi
543 508 647 549 vocem
666 489 798 570 praecise
815 489 939 564 iactant,
964 510 981 550 a
1003 490 1268 572 pseudoprophetis
1287 514 1333 552 ca·

210 567 339 630 rendum
359 583 438 641 esse,
468 585 504 626 ac
528 565 586 626 sois
606 564 781 627 clamoribus
807 565 954 641 efficiunt,
980 577 1014 626 nt
1032 568 1163 648 imperiti
1182 589 1267 628 cansa
1289 569 1332 627 in·
1372 605 1373 634 2

184 637 187 655 '
209 643 332 739 cognita
350 655 462 704 temere
482 662 499 702 a
517 641 604 702 nobis
623 642 812 704 abhorreant.
849 642 891 703 At
909 663 980 704 vero
991 644 1120 723 quisquis
1132 643 1244 706 Christi
1263 664 1332 705 cou-
1372 643 1373 650 '

210 723 278 783 silio
297 739 401 802 parere
421 719 517 799 cupit,
540 738 661 780 necesse
681 730 725 779 est
744 730 777 778 ut
795 719 957 800 prudenter
975 730 1005 780 et
1023 721 1199 800 interposito
1220 721 1332 781 delectu

210 799 337 860 iudicet:
358 817 413 858 nos
432 815 504 856 vero
523 815 586 854 uon
604 806 718 854 tantum
738 795 864 854 libenter
874 795 1008 874 fatemur,
1022 797 1165 857 cavendos
1177 817 1239 858 esse
1249 818 1330 877 pseu·

211 873 428 958 doprophetas,
455 871 612 934 sedetiam
634 871 738 932 sedulo
758 883 790 931 et
813 873 921 932 acriter
937 873 1090 934 hortamur
1111 868 1271 954 simplices,
1300 885 1329 933 ut

210 971 264 1014 eos
283 960 412 1012 caveant.
450 949 579 1008 Tantum
597 967 762 1024 monemus,
781 949 940 1008 secundum
959 949 1166 1031 praescriptam
1181 972 1197 1010 a
1215 949 1327 1012 Christo

211 1049 244 1090 re
286 1027 361 1103 lam,
388 1037 422 1084 ut
450 1024 524 1084 iusta
548 1025 682 1106 cognitio
708 1025 881 1104 praecedat,
911 1045 951 1086 ne
974 1025 1119 1106 simplices
1147 1045 1253 1108 purum
1277 1025 1329 1085 Dei

209 1125 261 1170 ver
283 1125 333 1164 um
355 1099 522 1184 respuendo
541 1100 714 1162 temeritatis
732 1121 799 1162 suae
819 1121 931 1184 poenas
949 1102 1040 1164 luant.
1076 1104 1153 1163 Nam
1176 1103 1254 1163 inter
1272 1125 1329 1162 ma-

209 1194 309 1244 turam
328 1181 494 1240 cautionem
514 1189 545 1236 et
562 1167 785 1258 praeposterum
804 1179 950 1240 fastidium
969 1180 1059 1262 longe
1072 1180 1203 1241 interest.
1240 1180 1330 1239 Nimis

210 1271 310 1321 autem
333 1254 468 1336 improbe
489 1252 600 1316 Christi
614 1253 791 1326 ,mandatum
815 1255 1128 1336 abrogantsPapistae,
1155 1256 1206 1336 qui
1224 1257 1330 1316 iniecto

209 1336 284 1398 l'also
311 1344 394 1393 metu
423 1332 540 1391 miseras
570 1328 679 1391 animas
704 1330 740 1396 ab
769 1319 959 1424 inquisitione
977 1332 1138 1393 deterrent.
1175 1333 1222 1392 Sit
1244 1333 1331 1416 igitur

209 1414 269 1476 hoc
310 1410 431 1484 rimum,
450 1427 518 1483 eos,
538 1407 589 1487 qui
606 1407 781 1488 trepidando
808 1409 988 1492 recognitam
1012 1409 1172 1470 doctrinam
1190 1421 1331 1490 respuunt

209 1489 259 1551 vel
278 1432 412 1568 drgiunr,
436 1503 591 1566 perperam
615 1483 674 1544 hoc
694 1497 724 1544 et
743 1484 864 1544 minime
888 1506 921 1548 ex
942 1485 1058 1546 Christi·
1069 1486 1206 1546 mandato
1225 1486 1329 1546 facere.

209 1567 298 1628 Nunc
315 1559 473 1623 videndum
491 1572 600 1636 restat,
617 1561 890 1652 quosnomjiurtuo
910 1561 1042 1624 Christus
1061 1563 1206 1644 designet:
1226 1562 1330 1623 salluu-

184 1701 186 1708 ,
209 1654 260 1704 tur
279 1650 377 1700 antem
395 1657 463 1698 meo
483 1635 603 1712 iudicio,
623 1637 673 1716 qui
692 1637 728 1698 ad
739 1650 828 1698 vrtom
840 1639 1029 1721 restringunt.
1065 1639 1139 1698 Nam
1150 1660 1238 1718 quum
1247 1659 1331 1720 saepe

101 1781 107 1790 ,
208 1719 313 1782 sucosa
330 1713 522 1776 sanctimonia
542 1735 576 1774 ac
601 1713 702 1774 nescio
722 1713 828 1794 quihus
855 1715 941 1776 etiam
966 1715 1132 1778 austerioris
1151 1717 1227 1778 vitae
1249 1715 1329 1776 larvis

177 1807 179 1814 ’
209 1815 243 1859 se
261 1791 417 1856 venditent
433 1790 552 1872 pessimi
572 1791 681 1873 quique
699 1791 892 1870 impostores,
914 1791 999 1852 valde
1017 1795 1162 1852 incertum
1181 1805 1257 1852 esset
1276 1793 1329 1852 boc

176 1941 178 1948 ¹
209 1891 340 1936 examen.
376 1865 643 1947 Fateor'quidem,
670 1866 839 1947 hypocrisin
857 1868 975 1928 taudem
1020 1869 1145 1946 atefieri,
1169 1869 1237 1949 quia
1260 1869 1330 1930 nihil

209 1947 357 2020 difficilius
377 1957 421 2006 est
439 1963 526 2024 quam
544 1940 659 2003 virtruis
679 1941 835 2004 simulatio.
873 1945 984 2004 Verum
998 1890 1130 2008 ihr-istus
1148 1956 1209 2006 tam
1227 1947 1328 2028 iniquo

144 2035 147 2049 '
210 2039 242 2096 et
260 2023 346 2088 simul
359 2021 486 2085 obscuro
506 2015 613 2081 iudicio
634 2019 798 2102 doctrinam
816 2042 898 2081 suam
917 2021 1061 2084 subiicere
1070 2022 1175 2098 uoluit,
1194 2033 1228 2082 ut
1246 2025 1329 2083 aesti-

202 2113 308 2164 metur
327 2120 361 2159 ex
386 2097 538 2158 hominum
562 2097 640 2159 vita·
675 2097 757 2178 Ergo
780 2097 836 2160 snb
862 2097 1009 2160 fructibus
1030 2100 1092 2178 ipsa
1116 2097 1236 2160 docendi
1254 2103 1328 2158 ratio

209 2175 481 2260 comprehenditur,
500 2174 886 2256 imopraecipuunr'locum
905 2187 1001 2236 tenet:
1020 2193 1088 2235 nam
1107 2188 1137 2236 et
1154 2176 1225 2235 iude
1244 2175 1327 2236 Chri-

208 2267 271 2318 stus
291 2274 321 2314 se
341 2273 359 2313 a
377 2251 444 2312 Deo
464 2251 582 2312 missum
602 2253 725 2332 probat,
750 2252 906 2332 quia-nou
926 2252 1072 2334 glorificet
1095 2253 1253 2334 seipsum,
1278 2251 1324 2311 sed
1372 2317 1373 2322 η

208 2333 329 2395 Patrem
349 2351 365 2390 a
386 2349 446 2410 quo
465 2329 567 2390 missus
587 2339 631 2388 ost
650 2328 829 2408 (10.r‚18.)‚
854 2328 887 2390 Si
899 2331 963 2408 quis
977 2325 1106 2402 obiiciat,
1126 2330 1323 2408 paucisdatum
1369 2349 1373 2472 p

62 2399 64 2408 ¹
154 2409 159 2423 ‘
209 2429 273 2472 esse
282 2417 396 2469 tantum
407 2425 541 2480 acumen,
559 2417 593 2464 ut
614 2405 711 2466 bonos
730 2405 959 2468 fructusamalis
971 2405 1148 2484 discernant,
1167 2405 1322 2486 respondeo

208 2487 296 2550 sicuti
308 2486 365 2546 iam
386 2482 452 2559 dixi,
472 2503 533 2542 nun
556 2503 622 2542 nam
641 2481 826 2543 discretionis
837 2481 961 2563 Spiritu,
979 2481 1032 2542 ubi
1051 2493 1196 2577 opusest,
1215 2478 1324 2542 destitui

207 2562 320 2640 fideles,
340 2560 391 2640 qui
408 2559 500 2619 modo
519 2503 576 2620 sibi
587 2559 673 2619 diffisi
683 2571 713 2618 et
724 2560 846 2641 proprio
856 2580 943 2620 sensu
955 2558 1051 2632 valere
1069 2580 1146 2636 russo
1158 2571 1276 2620 totosse
1287 2557 1324 2616 illi

207 2639 356 2723 regendos
375 2634 503 2696 tradunt.
541 2635 661 2696 Interea
679 2637 907 2712 meminerimus,
927 2637 963 2696 ad
982 2635 1113 2696 Verbum
1132 2635 1203 2704 Dei,
1214 2638 1325 2716 exigen-

208 2718 259 2777 das
279 2731 342 2775 esse
361 2731 464 2772 omnes
490 2710 653 2787 doctrinas,
677 2723 708 2770 et
725 2712 798 2787 ideo
824 2711 1042 2774 in-iudicandis
1067 2710 1325 2794 pseudoprophetis

207 2791 277 2852 fidei
300 2787 463 2868 analogiam
489 2785 650 2860 dominaris
689 2786 796 2847 deinde
821 2790 1115 2867 spectandum'esse,
1146 2789 1217 2925 auid
1250 2789 1327 2848 Deus
1372 2789 1373 2880 l

206 2865 367 2948 Prophetis
386 2864 444 2930 suis
464 2862 616 2943 Verbique
636 2861 774 2923 ministris
794 2863 943 2948 iniungat,
973 2866 1040 2946 quia
1059 2865 1127 2942 irple
1168 2865 1269 2926 delites
1287 2865 1326 2924 la·
1372 2881 1373 2942 l

208 2943 271 3006 elle
289 2941 425 3035 dignosci
455 2939 578 3020 poterit.
630 2938 888 3016 Quemadmodum
912 2943 1035 3023 exempli
1080 2943 1165 3020 ratia,
1196 2942 1220 3002 si
1243 2941 1326 3001 nohis

207 3039 414 3102 proponrmus,
434 3036 509 3097 quae
528 3015 635 3077 Paulus
654 3016 685 3074 in
706 3016 804 3098 episco
827 3018 850 3077 is
869 3019 1004 3098 requirit,
1023 2963 1086 3080 sola
1103 3019 1153 3079 illa
1172 3018 1326 3098 descriptio

207 3098 245 3158 ad
269 3095 461 3156 damnandam
485 3103 578 3152 totam
601 3092 728 3172 Papatns
752 3039 907 3154 collirviem
931 3095 1071 3172 sufficiet,
1121 3097 1167 3156 uia
1194 3096 1327 3156 ridentur

118 3197 121 3204 ·
207 3173 275 3234 data
305 3191 397 3253 opera
427 3168 543 3264 papales
575 3169 698 3230 sacrifici
728 3169 905 3232 contrariam
934 3172 1030 3233 ideam
1059 3118 1135 3234 velle
1163 3172 1327 3253 exprimere.
1372 3163 1373 3190 ¹

208 3249 311 3324 Quare
335 3245 409 3308 nihil
433 3266 540 3306 mirum
564 3245 589 3305 si
612 3246 752 3307 iudicium
776 3247 813 3308 de
841 3248 953 3328 pseudo
976 3271 1010 3310 ro
1030 3241 1106 3328 betis
1135 3247 1198 3308 fieri
1222 3258 1326 3307 vetant

207 3325 368 3388 Caeterum
388 3320 465 3384 clare
484 3321 681 3408 ostendit'hic
702 3323 799 3400 locus,
823 3271 991 3406 pronihilo
1011 3269 1159 3406 duceudos
1179 3343 1240 3385 esse
1258 3324 1327 3383 titu-

206 3401 269 3478 los,
287 3399 347 3462 imo
367 3417 424 3459 nec
442 3399 533 3479 ipsam
551 3401 737 3468 vocationem
757 3389 882 3480 multum
901 3402 1008 3480 habere¹
1027 3400 1186 3480 momenti,
1206 3398 1261 3460 uisi
1281 3397 1329 3478 qui

205 3490 337 3562 pastores
347 3485 500 3552 vocantur,
520 3485 551 3534 et
568 3475 605 3536 ad
623 3476 751 3539 docendi
770 3499 876 3538 munus
885 3478 981 3555 vocati
995 3485 1062 3539 s'unt
1088 3476 1217 3544 ¹fideliter
1229 3475 1327 3537 officio

206 3577 260 3621 suo
280 3550 494 3635 respondeant·
525 3551 678 3633 Numquid
693 3553 841 3630 colligunt.
885 3555 938 3615 His
957 3521 1135 3636 proverbiis,
1167 3563 1327 3636 quae-tunc

205 3633 295 3716 vulgo
315 3629 385 3690 trita
404 3639 488 3687 erant
508 3639 538 3688 et
557 3630 690 3690 omnium
710 3651 855 3692 consensu
870 3645 1002 3712 recepta,
1023 3631 1175 3692 confirmat
1187 3629 1325 3700 Christus,
1372 3651 1373 3660 ι

109 3735 111 3744 ·
205 3710 356 3770 neminem
374 3725 391 3765 a
410 3704 676 3788 pseudoprophetis
700 3727 787 3789 posse
807 3694 873 3767 decl
894 3706 918 3783 i,
943 3708 998 3768 nisi
1017 3708 1067 3788 qui
1091 3719 1198 3789 sponte
1223 3725 1324 3766 coecu-

177 3806 180 3827 ι
205 3789 275 3846 siet:
291 3783 363 3865 quia
379 3780 493 3842 tructus
513 3782 607 3862 palam
626 3767 737 3846 iaciant
777 3729 936 3870 robopllei
953 3777 1051 3844 serios
1071 3795 1101 3845 et
1121 3783 1235 3844 fallaces
1255 3797 1322 3860 ope-

205 3863 315 3938 rarios,
341 3879 404 3920 non
427 3877 509 3920 secus
533 3880 567 3920 ac
591 3859 702 3926 fructus
726 3806 868 3932 arborem.
888 3861 1056 3920 ostendunt.
1104 3861 1192 3941 Apud
1216 3859 1322 3918 Dircam

163 4001 165 4006 ,
204 3934 480 4020 ridetur-generalis
500 3955 562 3996 esse
580 3937 735 4013 sententia,
755 3957 811 4016 qua
831 3936 937 4021 doceat
947 3937 1089 4014 Christus,
1102 3937 1138 3997 de
1150 3949 1324 4016 unoquoque

204 4013 326 4076 homine
346 4033 380 4073 ex
405 4009 547 4073 fructibus
573 4013 714 4075 iudicium
734 4013 843 4074 dehere
868 4013 948 4090 fieri,
972 4014 1057 4074 sicuti
1081 4013 1170 4074 arhor
1193 4033 1209 4072 a
1232 4012 1324 4072 fructu

157 4149 159 4159 ,
206 4089 397 4180 dignoscitur.
435 4088 596 4169 Postquam
615 4091 693 4149 enim
709 4087 945 4172 obiurgatiouem
964 4091 1062 4170 posuit
1081 4089 1215 4150 adversus
1235 4087 1324 4168 hypo-

206 4177 310 4240 critas,
342 4167 393 4247 qui
412 4163 552 4228 festucam
570 4167 751 4246 perspiciunt
769 4167 800 4226 in
820 4163 938 4226 alterius
955 4165 1062 4242 oculo,
1088 4166 1202 4246 trabem
1223 4165 1256 4225 in
1272 4180 1323 4222 suo
1372 4207 1373 4250 ,

191 4255 269 4297 nou
285 4241 436 4318 ridentes,
457 4243 601 4320 continuo
622 4255 690 4323 post
707 4242 840 4318 subiicit,
858 4263 918 4302 oon
935 4245 1011 4302 cutm
1023 4255 1118 4317 potest
1132 4240 1220 4304 arbor
1237 4237 1323 4311 molo,
1372 4257 1373 4300 ι

161 4377 163 4384 ,
204 4321 255 4370 ete.
275 4326 306 4376 et
321 4319 446 4382 ,causalis
464 4317 606 4401 particula
624 4317 681 4392 yslo
694 4319 809 4387 videtur
823 4319 893 4388 duas
902 4316 964 4382 illas
975 4319 1133 4382 sententias
1144 4327 1326 4408 connectere.
