2816 4746
510 261 624 417 puts.
648 261 772 342 unm:
909 249 910 261 '
1169 281 1207 344 ar

86 417 230 482 furoribus
249 419 354 482 favisse
372 433 438 484 com
461 429 555 491 ertum
576 434 635 498 est,
661 431 789 484 exstante
814 413 899 484 etiam
922 419 1001 482 illius
1023 419 1056 480 in
1079 417 1153 480 illud
1171 419 1208 479 il·
1274 425 1279 437 '

85 497 317 578 lustrc⁶ptimuns
338 509 424 579 eaput
440 442 563 560 loannis
584 499 808 571 commentario,
826 498 856 557 in
876 519 934 578 quo
954 497 1040 559 facile
1061 495 1205 576 omnium,

86 575 134 654 qui
152 573 380 666 unquamillnm
399 575 497 636 locum
517 575 608 664 longe'
627 575 835 637 divinissimum
854 586 1059 658 corruperunt,
1077 572 1206 636 baereti-

84 671 186 710 corum
206 652 379 731 rmpietatem
398 654 555 734 superarit.
668 713 670 720 Α

27 801 29 856 ἕ
121 801 300 938 prosumni
311 803 616 886 hunc'excepitannus,
629 801 1204 886 nempequinquagesimussuprasesqui-¹

83 880 277 954 milesimum,
297 882 364 940 sa'tls
386 883 464 960 quo‘d
485 883 520 942 ad
542 884 692 943 ecclesiam
714 881 920 941 Genevcnsem
941 881 1044 963 attinet
1062 876 1204 960 tranquilss

84 954 214 1030 lus‘fuit,
229 977 264 1015 eo
287 975 323 1015 ue
344 956 493 1017 decretum
514 971 567 1034 est,
586 971 619 1018 ut
638 960 766 1020 Ministri
786 979 846 1018 uon
866 967 981 1018 tantum
1000 956 1030 1014 in
1051 957 1202 1016 concioni-

84 977 308 1112 bus,·qoas³alii
328 1033 533 1126 negligebant,
558 1035 607 1095 alii
625 1057 688 1096 non
707 1052 900 1128 magnoeum
921 1032 1019 1092 fructu
1038 1031 1205 1110 audiebant,

81 1108 131 1168 sed
156 1108 412 1192 etiam‘sigillatrm
438 1131 491 1190 per
517 1111 620 1172 domos
646 1124 676 1172 et
700 1111 820 1172 familias
846 1121 929 1170 certo
961 1108 1031 1168 anni
1058 1117 1205 1186 tempore,

80 1183 206 1246 adhibito
241 1186 382 1266 cuiusque
412 1187 550 1270 regionis¹
570 1188 650 1249 urbis
674 1188 844 1256 Decurione
859 1189 1002 1266 itemque
1025 1183 1205 1266 Presbytero

80 1259 433 1343 singolos‘instituerent,
459 1261 550 1326 etab
572 1275 755 1346 unoquoque
779 1265 848 1323 fidel
872 1263 1016 1323 lationem
1040 1258 1205 1322 summatim

80 1349 283 1418 exposcerent:
309 1339 389 1418 qnod
410 1340 535 1400 Senatus
561 1338 686 1401 edictum
714 1343 758 1401 vix
783 1339 923 1406 credibile
938 1339 991 1398 'est
1015 1347 1141 1419 quantos
1169 1339 1206 1396 sit

79 1413 188 1477 fructus
217 1425 426 1496 consequutus.
464 1417 598 1489 Alterum
630 1418 795 1492 decretum,
826 1429 859 1477 ut
882 1415 913 1476 in
937 1416 1101 1496 proximum
1127 1411 1205 1472 diem

78 1489 268 1552 Dominicum
294 1492 625 1554 referretur²·Nataliu'm
649 1494 771 1554 Domini
796 1491 981 1564 celebratio,
999 1512 1053 1551 nec
1078 1487 1131 1552 tilli
1156 1486 1205 1548 alii

77 1567 139 1627 festi
158 1568 220 1629 dies
244 1577 355 1628 essent·
380 1579 476 1628 taeter
493 1569 648 1652 septimum
668 1590 825 1651 quemque,
845 1589 930 1648 quem
942 1567 1130 1628 Dominicum
1148 1585 1205 1626 vo·

78 1661 185 1720 eamus,
209 1645 322 1704 factum
345 1589 654 1726 plurimosvoffendit,
679 1647 758 1707 adeo¹
779 1647 894 1726 quidem
920 1657 952 1704 ut
976 1651 1037 1703 noll
1059 1643 1204 1717 deessent,

80 1723 123 1798 qui
143 1723 204 1782 dies
225 1723 306 1802 ipsos
325 1721 498 1784 Dominitos
517 1747 532 1785 a
554 1724 677 1785 Calvino
698 1723 828 1784 sublatos
848 1721 1071 1803 confingerent,
1082 1731 1115 1780 ut
1136 1733 1202 1783 eum

78 1797 107 1855 in
123 1798 263 1860 invidiam
283 1811 435 1860 vocarent:
448 1813 546 1879 'quum
564 1813 663 1862 tamen
684 1821 745 1860 uon
764 1800 855 1859 modo
876 1816 936 1858 nou
957 1795 1131 1878 postulante,
1151 1793 1203 1874 sed

77 1875 157 1934 etiarn
178 1876 336 1958 ignorante
346 1876 551 1937 Ministrornm
571 1878 709 1960 collegio,
730 1877 886 1936 attum‘eal'
901 1875 936 1934 de
956 1894 989 1933 re
1008 1895 1023 1934 a
1045 1871 1204 1956 ud'po'pu-‘

76 1947 131 2010 lum
147 1951 371 2033 decretumque
394 1953 482 2013 luisse
504 1959 670 2030 'constaret,
696 1955 776 2012 euius
801 1965 908 2022 tamen
924 1959 1008 2012 causa
1026 1895 1113 2010 litem
1139 1967 1202 2009 non

75 2043 133 2088 etse
157 2028 336 2090 movendam
365 2028 506 2092 Calvinus
532 2033 710 2102 existimavit.
755 2027 976 2090 Offendiculum
1003 2023 1204 2100 autem'in'de!

73 2106 263 2164 anounullis
288 2117 443 2185 acceptum·
466 2107 748 2188 Calvino'pracbuit
769 2105 869 2176 ,titetti
892 2105 931 2164 de'
955 2102 1107 2180 scandalis
1128 2099 1202 2162 scri·

74 2177 161 2240 bendi
182 2183 381 2255 occasionem,
399 2183 762 2258 LaurentinNormendio
774 2183 804 2264 [a
817 2184 973 2260 provincio
985 2175 1201 2256 Numanum}

73 2255 264 2340 integerrimo
283 2260 436 2337 veterique
455 2262 548 2325 amico
568 2261 709 2344 inscripti.

106 2413 226 2488 (1551.)
237 2410 330 2470 llnius
341 2411 458 2472 biennii
464 2414 706 2492 tranquillitatem
718 2413 831 2474 dissidia
844 2410 1008 2491 sequentis,
1021 2407 1203 2486 quinquage·
1286 2427 1295 2440 ·

71 2483 135 2544 simi
148 2486 236 2564 primi
249 2505 353 2566 nempe
365 2509 451 2566 supra
460 2489 757 2567 sesquimillesimum,
770 2488 855 2548 facile
868 2493 1103 2574 compensarunt.
1126 2481 1203 2566 Nam

70 2565 368 2694 praeterquamquod
379 2565 435 2622 toti
446 2565 585 2624 ecclesiae
605 2573 638 2623 ac
650 2565 774 2624 Calvino
794 2561 965 2620 nominatn'o
985 2558 1137 2627 luctuosus,
1147 2555 1203 2616 fnit

94 2638 178 2699 neeri
193 2647 323 2711 ³·morte,
355 2633 444 2719 qhem'
466 2635 558 2699 viimrl
584 2659 698 2700 summe
721 2639 873 2712 dilexerat,
904 2637 1033 2716 itemque
1057 2632 1201 2694 Ioachimi

28 2785 29 2788 Ἴ
70 2713 194 2775 Vadiani
218 2711 353 2776 Consulis
372 2717 431 2776 San
456 2717 580 2791 eliensis,
599 2718 653 2776 viri
671 2715 891 2798 singularitem
911 2714 1030 2796 pietate,
1050 2724 1111 2771 tum
1132 2717 1203 2770 eru-'

71 2791 183 2851 ditione
205 2792 329 2872 praediti
352 2794 490 2869 intentu,
519 2794 660 2854 efferbuit
683 2793 871 2857 factiosorum
895 2789 1067 2870 improbitas
1091 2809 1128 2848 eo
1154 2807 1200 2848 ar-

71 2867 200 2941 dentius,
225 2883 284 2948 quo
313 2870 420 2931 diutius
446 2872 540 2948 sopita
567 2870 735 2931 delituerat:
765 2870 840 2931 adeo
869 2879 902 2928 ut
924 2866 1018 2948 palam
1054 2873 1201 2948 negarent
1262 2869 1264 2876 ’

71 2965 133 3004 cum
152 2945 378 3008 adventantibus
400 2950 542 3008 exsulibus
562 2949 606 3008 ius
627 2948 749 3008 civitatis
769 2943 1060 3016 communicandum,
1086 2963 1141 3000 nec
1161 2958 1202 3000 eo

72 3022 213 3081 contenti¹
226 3022 378 3084 Calvinum
398 3028 406 3083 i
429 3047 491 3085 sum
518 3045 550 3083 ex
570 3027 716 3085 concione
739 3037 817 3082 trans
837 3021 1012 3080 Rhodanum
1033 3017 1130 3088 habita
1150 3019 1202 3095 reu-¹

72 3097 208 3156 deuntem
228 3119 282 3177 per
306 3101 461 3162 ludibrium
487 3103 645 3182 pulsarint,
673 3112 702 3160 et
728 3095 933 3180 Raymunduur
959 3095 1021 3155 eius
1054 3093 1198 3176 collegam

71 3186 156 3250 nocte
176 3174 260 3235 forte'
278 3177 313 3235 ad
333 3178 513 3245 invisendum
533 3191 686 3264 aegrotum
708 3190 827 3258 pontem
839 3173 975 3233 Rhodani
989 3182 1200 3244 transeuntem,

72 3263 200 3330 exempta
222 3252 321 3311 furtim
341 3254 461 3328 sublica,
482 3261 573 3335 pa‘ene
593 3254 807 3314 in'subiectum
827 3251 945 3310 fluvium
965 3246 1200 3328 praeripuerint:

73 3325 195 3408 deniq'ue
223 3329 254 3386 in
282 3329 345 3408 ipso
364 3330 433 3390 Divi
454 3330 586 3392 Gervasii
609 3331 723 3410 templo
745 3328 903 3388 tumultum
927 3347 989 3384 non
1016 3344 1134 3404 parvum
1162 3341 1199 3382 eo

72 3417 225 3492 praetentu*
246 3407 411 3483 excitarint,
436 3407 515 3488 quod
537 3408 675 3466 ‘minister
698 3405 802 3465 infanti
829 3404 864 3463 ad
889 3403 1068 3482 Baptismum
1095 3397 1198 3459 oblato

72 3481 170 3540 rudere
196 3481 370 3544 Balthasaris
398 3503 524 3558 nomeu,
554 3483 705 3566 (quoniam
731 3482 760 3541 id
786 3479 893 3542 diserte
918 3479 998 3561 leges
1027 3476 1198 3557 iampridem

73 3557 193 3637 scriptae
226 3559 265 3618 ob
293 3571 403 3626 certam
428 3580 540 3620 causam
565 3559 783 3640 prohibebant)
805 3567 961 3617 recusaret
999 3555 1105 3634 Neque
1134 3565 1199 3614 tum

72 3631 203 3695 adversus
215 3635 295 3694 baec
313 3635 388 3696 mala
400 3637 552 3718 quicquam
573 3647 645 3712 erat,
667 3634 746 3718 quod
759 3633 897 3696 Calvinus
916 3642 1093 3712 opponeret,
1114 3643 1208 3714 prae.

73 3718 115 3768 ter
135 3710 246 3772 fortem
269 3712 465 3794 invictamque
488 3713 666 3793 patientiam.
711 3711 771 3771 Sed
798 3720 828 3769 et
851 3708 929 3770 aliud
954 3729 1063 3769 novum
1088 3706 1198 3767 malum

74 3782 448 3862 Geneeensem,ecclesiam
495 3809 528 3850 er
550 3791 586 3851 id'
604 3801 663 3848 tem
688 3811 720 3848 us
751 3787 863 3850 invasit.
903 3784 996 3845 Huius
1028 3805 1111 3844 causa
1141 3780 1200 3840 fuit

74 3859 266 3946 Hieronymus
290 3867 406 3946 qnidam
431 3813 570 3932 Bolsecus
596 3887 630 3926 ex
654 3811 875 3927 darmelitarum
901 3862 1040 3924 societate
1063 3857 1198 3924 Lutetiae

74 3943 239 4016 monachus,
258 3945 337 4002 unde
358 3963 446 4025 quum
467 3945 578 4036 aliquot
597 3956 665 4002 ante
685 3941 783 4015 annis,
802 3939 913 4000 cuculla
935 3935 1198 4016 quidem'abiecta,

75 4015 118 4073 sed
140 4019 342 4081 monachismo
366 4029 484 4080 retento
508 4042 538 4079 m
560 4019 672 4080 ltaliam
691 4017 884 4099 profugisset,
909 4015 978 4075 inde
1026 4027 1124 4089 noque
1145 4007 1197 4068 de-

76 4106 151 4172 cepta
171 4095 352 4156 ferrariensi
370 4097 493 4156 Ducissa
522 4096 621 4176 pulsus
646 4117 678 4156 ae
697 4093 816 4154 tandem
835 4091 935 4153 triduo
956 4035 1023 4150 med

77 4163 221 4232 Genavam
244 4185 377 4233 venerat:
410 4173 460 4232 ubi
485 4195 574 4254 quum
598 4173 677 4236 inter
701 4171 831 4231 cruditos
857 4167 986 4228 medicos
1008 4161 1094 4230 ‚nullo
1128 4162 1194 4224 loco

77 4257 157 4323 esset,
177 4261 209 4308 et
226 4259 261 4308 ut
279 4269 342 4309 sese
360 4247 533 4331 theologum
555 4268 616 4310 esse
635 4249 820 4321 ostenderet,
839 4244 942 4305 falsum
963 4253 993 4300 et
1011 4259 1092 4301 mere
1111 4239 1198 4300 Pela-

76 4319 184 4457 gianum
203 4323 343 4405 quiddam
362 4327 398 4385 de
417 4325 682 4406 praedestinatione
701 4323 835 4403 privatim
849 4319 974 4400 primum
988 4317 1065 4376 inter
1081 4317 1197 4397 aliquos

95 4396 247 4480 laterasset,
265 4419 334 4463 eum
353 4402 490 4468 Celsinus
508 4402 634 4487 primum
652 4401 804 4462 moderata
821 4393 1052 4476 reprehensione
1071 4406 1198 4456 conteu-

1024 4091 1085 4147 ieus
1104 4079 1196 4146 factus
1296 4085 1302 4100 “
