2808 4748
1127 137 1132 144 ,
1171 97 1190 132 o

397 301 401 319 ,
432 253 579 329 (at-ae
598 249 681 324 tuus
699 236 860 332 iurarunt
1150 255 1206 324 tot
1261 281 1269 290 ·

4 461 5 464 ,
81 411 219 478 tanquam
238 396 368 480 maglre
387 393 474 458 coelo
493 393 611 472 missus,
655 414 722 455 uam
741 405 902 477 assumptus
921 414 955 456 ex
973 395 1207 480 oppttogatiquo
1263 409 1268 417 ‘

82 487 114 536 et
132 474 283 536 communi
306 473 459 535 humidum
483 491 583 554 grege.
635 415 686 534 ite
704 472 826 547 Mosen,
855 493 943 550 quum
962 473 1045 542 Dens,
1066 495 1122 568 per
1145 477 1209 540 eius
1239 505 1245 510 -

81 573 200 613 manum
219 549 408 633 promulgare
425 549 538 642 Legem
561 569 643 610 suam
661 546 764 620 vellet,
785 547 818 608 in
842 560 974 610 montem
993 552 1075 613 Sinar
1098 553 1209 634 rapuit,
1260 589 1261 594 κ

82 639 113 688 et
131 627 308 689 subductum
333 644 413 708 apo
436 626 476 686 ulr
500 637 663 705 conspeetu
680 625 764 704 qnasi
787 624 820 684 in
840 623 967 686 eoeleste
985 629 1140 690 sacrarium
1160 651 1208 691 re·

48 742 54 758 .
81 705 163 784 cepit
182 646 464 782 (Erod.2d,12.5.'
483 701 633 764 Christum
652 697 755 764 saltem
774 721 837 762 non
856 701 952 774 minus
974 702 1136 782 insignibus
1163 707 1209 767 di-

81 782 170 857 vinae
192 779 304 864 gratiae
328 793 358 840 et
379 778 494 840 virtutis
517 781 594 838 notis
620 777 736 862 fulgere
761 778 897 860 oportuit
920 797 1005 858 quam
1023 780 1144 858 Mosen,
1169 803 1210 846 ne

81 858 182 920 minor
202 868 278 918 esset
295 857 446 938 Evangelii
465 877 552 937 quarn
563 852 651 940 Legis
671 855 815 915 maiestas.
855 853 889 913 Si
910 855 988 915 enim
1007 875 1074 915 raro
1093 855 1211 923 honore

83 933 218 1016 dignatus
246 944 290 994 est
312 933 459 994 Dominus
490 929 651 993 doctrinam
679 931 782 992 mortis
811 929 987 1004 ministram,
1032 944 1122 994 nauto
1166 935 1211 1000 lus
1322 982 1325 991 .

27 1066 32 1074 .
83 1010 207 1071 honoris
225 993 440 1072 merClnrvitae
460 1007 610 1070 doctrina?
648 1007 688 1070 Et
706 1007 731 1069 si
750 1017 864 1068 tantum
886 1006 959 1087 lucis
979 953 1211 1084 hahuituumb‘ra·

82 1087 143 1147 tilis
161 1087 230 1147 Dei
240 1086 350 1170 figura,
374 1107 461 1167 quam
486 1085 576 1168 pleno
600 1083 716 1168 fulgore
736 1084 797 1148 eius
822 1083 942 1160 faciem,
967 1103 1043 1170 quae
1066 1085 1097 1144 in
1117 1087 1213 1148 Evan-
1267 1089 1272 1095 ’

83 1162 164 1245 gelio
181 1174 312 1244 apparet,
330 1162 473 1224 illustrem
493 1165 556 1222 e'sse
574 1160 732 1222 convenit?
761 1161 819 1222 Hic
838 1159 916 1222 idem
936 1160 993 1222 fuit
1010 1161 1112 1222 ieiunii
1131 1163 1220 1226 finier-
1251 1177 1256 1186 ‘
1355 1217 1358 1225 .

84 1258 182 1320 neque
207 1238 288 1300 enim
309 1261 330 1312 a
354 1239 422 1300 cibo
448 1249 479 1300 et
501 1237 741 1318 potu-abstinuit
764 1237 914 1311 Christus,
944 1249 978 1300 ut
1000 1241 1214 1319 temperantiae

85 1316 295 1378 documentum
310 1314 423 1391 ederet,
441 1315 492 1376 sed
503 1334 563 1394 quo
583 1313 646 1395 plus
666 1313 846 1376 auctoritatis
866 1314 1000 1390 haberet,
1019 1315 1115 1377 duma
1129 1337 1213 1378 com-

14 1430 17 1444 »
84 1393 165 1454 muni
184 1392 339 1454 hominum
357 1404 438 1453 sorte
449 1401 609 1471 exemptus,
628 1390 710 1471 qnasi
725 1387 980 1474 ecoeloangelus,
1000 1403 1030 1454 et
1045 1412 1110 1452 non
1122 1393 1214 1458 homo

85 1482 210 1530 eterra·
230 1469 365 1550 emergit.
404 1467 509 1544 Qualis
534 1467 627 1542 enirn,
658 1467 801 1542 obsecro,
832 1466 881 1527 illa
905 1467 1101 1530 abstinentiae
1123 1470 1216 1534 virtus

59 1551 64 1577 “’
85 1546 204 1620 suisset,
227 1545 328 1604 cibum
348 1563 410 1605 uon
431 1555 562 1627 gustare,
591 1544 628 1606 ad
648 1563 736 1625 quem
754 1542 951 1625 appetendum
969 1544 1051 1608 nulla
1080 1560 1147 1607 eum
1165 1545 1230 1608 tn·'

84 1621 166 1683 lisset
189 1620 305 1697 inedia,
338 1621 472 1700 quamsi
501 1641 588 1682 carne
612 1637 675 1682 nou
699 1620 803 1682 fnisset
829 1619 957 1681 indutus.
1008 1621 1111 1697 Quare
1133 1643 1235 1686 mera¹
1276 1685 1278 1692 Α

85 1698 210 1767 stul-titia
229 1697 289 1758 luit
303 1696 446 1760 ieiunium
464 1698 717 1780 quadragesimae,
736 1707 770 1758 ut
788 1707 911 1773 vocant,
930 1696 967 1756 ad
987 1697 1102 1761 Christi
1115 1699 1215 1768 imita-

84 1776 200 1835 tionem
224 1774 387 1836 instituere.
427 1775 534 1856 Neque
558 1775 637 1835 enim
662 1773 758 1836 maior
781 1771 870 1833 hodie
892 1774 969 1834 ratio
995 1785 1055 1853 est,
1087 1775 1218 1854 curhoc

72 1851 199 1914 ‘Christi
218 1851 381 1932 exemplum
400 1871 572 1931 sequamur,
597 1872 685 1933 quam
713 1850 769 1911 fuit
788 1850 859 1911 olim
883 1850 988 1912 sanctis
1007 1850 1166 1933 Prophetis
1185 1866 1217 1916 et

87 1927 148 1989 aliis
169 1927 304 1990 Patribus
323 1927 596 2012 subLegefimltari
616 1927 707 1989 Moris
726 1927 876 1989 ieiunium.
914 1926 1008 2008 Atqui
1025 1929 1142 2006 sumus,
1161 1951 1218 1992 nes
1281 1995 1287 2008 ,

86 2003 159 2065 mini
177 2005 236 2066 hoc
256 2005 286 2064 in
306 2017 435 2065 mentem
447 1993 574 2076 venisse*
608 2005 702 2065 Eliam
714 2003 916 2080 solum-Deus,
928 2005 1001 2097 ¹quia
1012 2005 1218 2070 instaurandae

87 2080 176 2176 Legis
194 2081 330 2142 minister
349 2081 533 2156 arneomai
552 2082 616 2140 sere
636 2082 673 2141 de
694 2089 777 2142 causa
796 2081 928 2157 ieiunum
947 2103 977 2140 rn
995 2095 1101 2143 monte
1121 2085 1219 2146 conti·

89 2170 163 2220 nurt.
201 2158 369 2218 imitatores
392 2179 424 2218 se
445 2173 508 2218 esse
528 2157 641 2219 Christi
665 2157 796 2239 fingunt,
820 2153 869 2242 qui
894 2177 948 2237 per
966 2158 1218 2242 quadragesimam

89 2235 222 2314 quotidie
254 2235 401 2294 ieiunent:
432 2253 540 2314 nempe
568 2233 609 2294 sic
639 2232 768 2294 farciunt
792 2243 925 2293 uentrem
953 2233 985 2304 in
1015 2237 1139 2314 prandio
1184 2249 1220 2300 ut

5 2347 7 2354 ·
90 2325 201 2373 coenae
219 2322 281 2371 tem
303 2332 337 2370 us
356 2307 442 2369 facile
462 2307 573 2388 absque
593 2307 661 2368 cibo
678 2309 771 2369 transi
809 2319 851 2367 nt.
891 2305 974 2384 Quid
992 2279 1220 2444 qimilehahent

89 2389 157 2448 cnm
175 2386 253 2447 Filio
304 2385 349 2446 ei?
387 2385 484 2445 Maior
513 2395 577 2446 erat
598 2396 731 2446 veterum
775 2382 931 2464 rugalitaa,
961 2405 992 2444 se
1034 2385 1078 2446 illi
1099 2407 1222 2468 quoque

88 2463 200 2524 ieiunio
222 2461 333 2522 Christi
351 2461 426 2521 nihil
445 2459 534 2526 affine
554 2459 714 2520 habebant:
734 2480 796 2520 non
815 2461 907 2541 magis
926 2460 1038 2520 scilicet
1057 2483 1144 2540 quam
1163 2464 1220 2524 ho.

16 2540 21 2550 '
89 2541 203 2600 minum
222 2537 400 2599 abstinentia
419 2535 455 2596 ad
474 2537 647 2618 angelorum
667 2535 794 2595 inediam
807 2535 928 2596 accedit.
966 2535 1052 2596 Adde
1065 2539 1147 2616 quod
1165 2555 1244 2624 neo,

89 2615 227 2678 Christus
246 2633 306 2674 nec.
321 2613 420 2674 Moses
445 2612 604 2692 quotannis
629 2612 757 2672 sollenni
780 2611 900 2691 ieiunio¹
913 2611 1044 2675 defuncti
1063 2626 1145 2692 suut,
1169 2617 1222 2678 sed

91 2703 219 2772 uterque
244 2689 336 2752 semel
362 2700 475 2750 tantum
498 2699 562 2751 tota
581 2689 649 2750 vita.
695 2687 796 2824 Atque
825 2689 936 2749 utinam
961 2690 1078 2770 ineptiis
1103 2703 1222 2754 tantum
1251 2739 1256 2744 -

90 2769 247 2845 lusissent,
278 2779 312 2827 ut
329 2766 446 2842 simia'e,
471 2765 523 2828 sed
543 2767 664 2847 impium
684 2776 715 2825 et
755 2764 907 2827 etestabile
927 2766 1038 2835 Christi
1058 2768 1222 2834 ,ludibrium
1318 2782 1327 2806 ⁸

1 2883 2 2896 .
92 2846 164 2921 suit,
189 2843 271 2925 quod
290 2863 322 2905 se
345 2843 464 2904 adeius
483 2840 614 2926 regulam
635 2843 743 2904 fictieio
767 2863 820 2903 suo
845 2841 956 2904 ieiunio
977 2845 1106 2908 formare
1124 2859 1224 2908 tenta-

1 2954 2 2980 1
91 2927 171 2984 runt.
210 2921 304 2997 Quod
333 2941 409 3002 opus
437 2915 622 2982 meritoiium
651 2931 683 2981 et
704 2931 817 3000 partem
843 2939 906 2981 esse
934 2922 1051 3004 pietatis
1076 2931 1107 2982 et
1132 2924 1224 2986 divini

1 3051 3 3078 ,
93 2999 188 3060 cultus
207 2997 264 3059 sihi
283 2997 473 3079 persuadent,
491 2999 614 3080 pessima
627 3009 673 3061 est
689 2997 870 3078 superstitio.
909 2999 970 3058 Sed
990 2998 1061 3062 haee
1079 2998 1111 3060 in
1124 2999 1238 3068 Deum,

93 3075 272 3138 contumelia
291 3087 335 3138 est
353 3075 472 3135 minime
491 3075 668 3149 tolerabilis,
692 3075 774 3154 quud
796 3073 839 3136 sin
883 3073 943 3134 lare
963 3075 1025 3137 eius
1041 3077 1222 3138 ‘miraculum
1276 3087 1277 3090 ’
1338 3111 1340 3120 ι

93 3153 267 3214 obscurant:
288 3151 395 3212 deinde
414 3152 445 3210 in
466 3151 626 3226 Christum,
646 3152 712 3246 qnia
731 3173 816 3212 suurn
834 3094 883 3213 tid
896 3151 1011 3234 insigne
1032 3153 1222 3216 detrahentes

51 3225 68 3248 ⁸
95 3229 157 3289 eius
175 3227 276 3308 spoliis
292 3247 327 3290 se
346 3227 489 3288 vestiunt:
514 3229 634 3288 tertium
657 3249 692 3286 rn
712 3229 921 3324 Evangelium,
946 3229 994 3290 cui
1013 3250 1075 3290 non
1096 3229 1238 3314 vulgaris,

94 3305 258 3373 detrahitur
275 3303 449 3378 auctoritas,
479 3303 535 3365 nisi
560 3305 618 3364 hoc
639 3303 750 3366 Christi
768 3307 911 3370 ierunium
932 3305 993 3366 eius
1012 3307 1036 3368 si
1060 3306 1142 3368 'llum
1160 3328 1226 3370 esse

93 3381 305 3464 cognoscitur..
332 3379 489 3461 singulare
507 3379 680 3441 miraculum
691 3381 773 3443 Deus
793 3383 893 3458 edidit,
914 3403 1002 3462 quum
1015 3327 1122 3445 Filium
1141 3405 1227 3446 suum

96 3459 203 3519 exemit
226 3479 243 3518 a
266 3457 440 3517 necessitate
471 3457 591 3518 edendi:
623 3478 661 3516 an
687 3477 747 3518 non
769 3459 871 3521 insana
898 3459 1016 3520 audacia
1040 3458 1227 3522 aemulantur

95 3537 210 3610 Deum,
241 3534 292 3614 qni
310 3534 390 3592 idem
407 3551 457 3592 sna
475 3533 585 3596 virtute
604 3533 766 3595 affectant?
815 3535 921 3611 Divina
947 3537 1226 3628 gloria-insignitus

96 3613 154 3674 tuit
174 3610 308 3674 Christus
327 3629 381 3690 per
400 3609 550 3671 ieiunium:
577 3631 615 3671 an
635 3630 697 3670 non
723 3633 774 3672 sua
799 3612 896 3694 gloria
920 3611 1069 3675 fraudatus
1089 3615 1121 3674 in
1142 3612 1225 3673 ordi-

120 3710 166 3748 em
191 3689 326 3782 cogitur,
356 3707 447 3822 quum
476 3707 508 3748 se
538 3687 581 3748 illi
610 3688 707 3748 socios
737 3691 836 3750 cuncti
860 3690 999 3752 mortales
1030 3688 1226 3770 permiscent?

93 3712 187 3826 ilaue
205 3765 317 3828 ieiunio
339 3763 364 3825 C
388 3763 450 3826 risti
467 3764 558 3824 finem
581 3763 681 3827 statuit
699 3765 796 3840 Deus,
820 3777 854 3827 ut
872 3766 1063 3849 Evangelium
1088 3764 1227 3846 obsigna·
1324 3793 1328 3806 ¹

96 3841 162 3903 ret?
182 3843 233 3921 qui
251 3842 282 3900 in
302 3839 388 3901 alium
403 3862 487 3900 usum
506 3841 699 3917 transferunt,
718 3861 757 3904 au
775 3863 837 3904 nou
849 3845 1031 3904 tantundem
1049 3841 1230 3903 imminuunt

38 3980 42 3998 ,
97 3940 133 3980 ex
158 3918 310 4000 Evangelii
335 3915 497 4000 dignitate?
535 3916 685 3980 Facessat
700 3919 792 4001 igitur
819 3919 875 3982 ista
905 3924 1065 3989 κακοζηλία,
1097 3937 1172 3998 qnae
1198 3929 1229 3977 et

97 3996 257 4070 consilium
280 3993 339 4054 Dei
365 4007 395 4053 et
417 4005 515 4054 totum
540 3997 749 4075 eius'operum
775 3997 911 4058 ordinem
930 3996 1082 4078 pervertit.
1122 3994 1229 4054 Caete-

98 4094 173 4132 rum
184 4073 222 4132 de
240 4072 357 4134 ieiuniis
375 4072 407 4133 iu
488 4092 537 4131 ere
556 4094 618 4133 nou
639 4072 757 4154 loquor,
777 4095 902 4153 quorum
915 4075 1030 4133 utinam*
1041 4071 1238 4152 frequentior·

97 4153 252 4210 internos
271 4168 339 4210 usus
358 4089 562 4229 (moiinidem
582 4153 683 4242 purus)
711 4151 806 4224 soret,
830 4152 883 4212 sed
907 4145 1232 4242 ostendereoportuit,
1259 4165 1267 4182 ⁸

99 4248 242 4318 quorsum
262 4225 398 4286 tenderet
418 4225 528 4290 Christi
546 4228 696 4289 ieiuurum.
734 4228 832 4304 Porro
852 4227 986 4287 tentandi
1006 4227 1117 4290 Chrestr
1138 4235 1229 4286 mate*
1336 4261 1339 4270 =

99 4325 179 4363 nam
193 4302 318 4382 arripuit
335 4303 425 4364 Satan
444 4323 478 4364 ex
499 4303 560 4366 eius
579 4305 692 4380 esurie,
717 4304 964 4450 quemadmodum
986 4303 1074 4384 paulo
1094 4314 1163 4384 post
1179 4301 1230 4364 'lu-

65 4400 68 4407 ·
99 4381 159 4444 sius
178 4377 300 4444 dicetur.
337 4380 435 4447 Nune·
449 4381 480 4443 in
500 4401 609 4468 genere
627 4381 717 4456 viden
738 4404 787 4448 utu
807 4390 867 4458 est,
896 4402 1036 4445 curm
1053 4382 1159 4468 tratti
1176 4401 1234 4468 rog

407 4573 422 4618 χι

934 4612 941 4641 l
