2786 4742
93 247 96 260 ·
203 218 264 282 nso
418 199 1106 312 secutotx.1scnennsrsttymcrnn.

207 359 249 420 ita
267 374 381 416 rursum
391 351 542 428 admonet,
561 351 678 443 quinam
691 349 749 412 sint
759 351 861 411 idonei
879 348 916 412 ad
927 349 1162 486 percipiendam,
1181 367 1257 430 qnae
1267 337 1324 410 illic

209 431 351 505 ollertur,
381 429 480 492 salutis
526 441 641 488 ratram:
670 438 758 508 atque
786 427 845 488 boc
874 447 965 488 moo
994 446 1114 488 miseros
1140 437 1324 518 pecatores,

209 507 316 572 blande
335 505 370 567 ad
389 527 470 586 spem
490 449 589 566 silutis
602 503 748 580 inritans,
771 503 802 562 in
828 516 934 564 certsrn
955 503 1087 564 fiduciam
1106 504 1206 584 erigit.
1247 503 1325 562 Pos-

202 605 290 666 pes-ss
307 583 386 644 enim
404 582 505 642 vocari
523 593 635 642 certum
656 592 709 657 est,
728 601 852 716 gnorunt
871 580 976 640 misera
994 592 1039 640 est
1047 579 1166 660 vilisque
1186 579 1326 654 conditio,

209 659 309 740 etqui
330 658 500 740 pronihilo
527 657 680 718 ducuntur.
757 677 811 738 rgo
841 657 1015 736 utquisque
1035 654 1244 716 abiectissimus
1266 657 1327 730 erit,

208 750 321 800 tantum
342 735 424 796 abest
443 735 514 815 quin
535 733 745 816 desperationis
764 754 849 794 causa
874 733 912 793 sit
934 754 984 793 sua
1007 744 1177 813 paupertas,
1208 742 1243 792 ut
1262 733 1327 791 inde

209 812 309 896 potius
333 811 439 872 debeat
467 810 593 872 animum
624 808 764 890 colligere
787 809 822 870 ad
847 808 996 870 Christum
1021 808 1229 888 quaerendum.
1273 809 1328 869 Sed

208 889 443 961 meminerimus,
472 907 533 947 non
554 887 626 948 alios
645 885 757 946 censeri
775 905 936 966 pauperes,
963 885 1018 945 nisi
1037 883 1088 963 qui
1107 884 1163 946 sibi
1182 885 1240 965 ipsi
1259 886 1327 946 tales

208 979 294 1041 sunt,
314 967 370 1038 hoc
390 975 445 1035 est,
463 963 515 1042 qui
532 983 601 1022 suae
620 961 738 1044 inopiae
756 981 880 1022 sensuo
904 961 993 1053 pressi
1012 961 1117 1022 iscent.
1186 1003 1191 1010 -
1248 1023 1255 1036 ,

285 1049 313 1108 6.
352 1041 394 1100 Et
410 1037 507 1100 deam
524 1053 576 1116 est,
595 1042 645 1118 qui
662 1039 832 1128 sonsum-rt
849 983 997 1119 odiretur.
1034 1038 1098 1098 Hac
1117 1035 1244 1098 clausula
1263 1058 1327 1097 mo-

211 1139 284 1180 nere
302 1117 396 1202 soluit
415 1115 564 1188 Christus,
590 1127 623 1174 ut
642 1113 706 1194 quis
724 1135 756 1174 rn
775 1114 928 1198 Evangelii
946 1113 1004 1173 lide
1021 1125 1156 1175 constans
1180 1125 1212 1173 et
1230 1114 1325 1190 firmus

211 1206 341 1267 maneat,
371 1191 512 1254 scandalis
531 1189 721 1252 resistendum
742 1211 821 1267 esse,
854 1209 930 1270 quse
957 1191 994 1251 ad
1024 1189 1242 1270 impediendum
1262 1191 1326 1250 fidei

211 1292 327 1332 cursum
348 1280 513 1332 occurrent.
555 1267 608 1328 Est
627 1263 724 1327 au'tem
743 1267 922 1347 occupatio,
939 1289 995 1346 qua
1018 1287 1073 1328 nos
1092 1266 1226 1327 adversus
1244 1289 1325 1327 scan-
1372 1249 1374 1334 l

212 1348 277 1408 dala
296 1347 469 1439 praemunit,
489 1343 557 1423 quia
576 1365 726 1423 nunquam
744 1346 911 1406 occasiones
930 1342 1015 1404 nohis
1030 1343 1139 1404 desunt
1158 1343 1221 1403 eius
1238 1364 1325 1423 repu·
1361 1339 1374 1414 ',

211 1423 322 1496 diandr,
341 1422 437 1482 donec
456 1423 568 1482 animos
588 1433 706 1481 nostros
725 1442 813 1502 supra
832 1419 1119 1481 omniaollendicula
1136 1418 1325 1478 extulerimus

210 1501 278 1562 Hoc
297 1499 388 1583 igitur
406 1497 501 1579 primo
520 1497 682 1558 tenendum
702 1509 756 1572 est,
773 1497 955 1558 militandum
973 1495 1061 1556 nohis
1080 1501 1141 1556 esst
1160 1517 1229 1555 cum
1246 1512 1326 1556 scan-

212 1577 298 1653 dalis,
328 1587 360 1636 ut
383 1585 544 1658 perstemus
568 1575 598 1634 in
625 1573 683 1634 fide
709 1573 827 1637 Christi.
873 1572 977 1652 Neque
992 1573 1083 1637 enim
1108 1570 1178 1632 lalso
1208 1583 1326 1632 vocatur

212 1653 345 1715 Christus
363 1652 426 1732 ipse
445 1651 533 1712 Petra
552 1649 694 1722 scandali,
728 1662 758 1710 et
775 1648 862 1730 Lapis
883 1649 1055 1710 ollensionis
1079 1648 1116 1708 ad
1139 1669 1227 1728 quern
1245 1648 1326 1708 multi

210 1730 385 1808 impingunt.
424 1726 459 1786 Id
490 1727 607 1806 quidem
635 1727 709 1787 vitio
738 1739 841 1786 nostro
870 1725 934 1785 fieri
958 1737 1067 1786 certum
1093 1737 1151 1799 est,
1181 1726 1233 1786 sed
1262 1724 1325 1783 huic

211 1805 296 1864 etiam
308 1805 379 1864 vitio
391 1803 534 1874 medetur,
554 1823 643 1881 quum
663 1801 765 1862 beatos
785 1803 967 1878 pronuntiat,
985 1801 1036 1881 qui
1055 1802 1087 1862 in
1105 1822 1208 1862 senon
1221 1802 1326 1861 suerint

210 1878 331 1967 olleosi:
351 1878 429 1968 unde
448 1879 534 1936 etiam
545 1871 721 2012 colligimus,
739 1877 848 1937 nullam
861 1898 927 1958 esse
940 1877 1094 1970 incredulis
1107 1879 1324 1968 exeusationem,
1367 1896 1373 1937 t

210 1951 1323 2112 11111111111111111...1111111111
1366 1988 1370 2001 '

232 2106 365 2168 ebriant?
394 2124 501 2186 nempe
520 2105 588 2188 quis
607 2115 791 2185 contemptus
809 2117 841 2166 et
859 2106 1015 2183 deformis,
1034 2107 1150 2188 probris
1174 2128 1210 2166 ue
1228 2105 1323 2168 mundi

211 2184 356 2264 expositus
376 2203 441 2244 cum
460 2203 510 2242 sus
529 2201 616 2242 cruce
636 2193 771 2262 apparet:
797 2183 863 2262 quia
882 2204 937 2244 nos
956 2183 985 2242 in
1005 2205 1119 2244 suarum
1136 2206 1152 2243 a
1187 2185 1324 2244 ictionnm

211 2260 379 2324 societatem
404 2269 502 2320 vocat:
535 2259 603 2338 quia
628 2257 756 2318 deinde·
779 2258 855 2319 loria
879 2261 939 2321 eius
959 2272 990 2320 et
1008 2260 1154 2335 maiestas,
1186 2273 1221 2320 ut
1242 2261 1322 2341 spiri-

211 2337 296 2399 tualis
317 2347 371 2412 est,
390 2356 407 2394 a
424 2334 535 2396 mundo
556 2333 726 2418 negligitur:
768 2339 874 2414 enique
893 2337 965 2416 quia.
979 2335 1039 2398 eius
1059 2335 1191 2402 doctrina
1211 2358 1321 2418 prorsus

210 2434 337 2476 asensu
365 2423 466 2472 nostro
497 2411 646 2478 abhorret.
692 2411 741 2470 Ad
761 2411 832 2473 haec
851 2415 919 2493 quia
937 2413 1058 2474 artifieio
1079 2413 1202 2474 Satanae
1222 2413 1322 2473 multae

210 2490 315 2553 turbae
345 2489 496 2563 oriuntur,
525 2509 600 2569 quae
620 2500 651 2548 et
669 2488 780 2550 Christi
805 2501 964 2556 nomenet
982 2488 1172 2570 Evangelium
1189 2489 1322 2550 infament
1372 2521 1373 2578 t

210 2565 1321 2727 tttttttttt‘lltgttttttttttlttffllttstltilttdttt

746 2684 756 2716 ‚
1371 2687 1372 2690 ,

211 2719 316 2800 cupide
334 2738 352 2778 a
371 2715 492 2780 Christo
511 2736 544 2779 se
563 2736 665 2780 omnes
683 2717 860 2788 subducunt·

1368 2917 1371 2976 l

250 3018 336 3103 (92.)
378 3015 547 3096 ΜΑΤΤΗ.
565 3021 617 3086 Xl.
638 3075 640 3078 .
661 3019 689 3086 7.
709 3019 870 3091 Euntibus
888 3032 995 3089 sutem
1015 3019 1093 3102 illis,
1113 3025 1223 3111 eoepit
1242 3025 1322 3089 lesus
1370 3012 1371 3037 ¹

210 3117 313 3183 turbis
346 3118 456 3186 dicere
482 3119 524 3186 de
548 3121 686 3200 Ioanne,
714 3121 806 3208 Quid
832 3126 932 3190 visuri
957 3126 1062 3190 existis
1087 3125 1123 3189 in
1149 3125 1322 3190 desertum?
1369 3175 1370 3184 ,

208 3237 285 3281 num
307 3219 511 3300 arundinem,
532 3242 616 3308 quae
631 3223 772 3307 ‚agitatur
792 3245 811 3288 a
830 3229 948 3292 vento?
988 3225 1017 3290 8.
1045 3223 1114 3312 Age
1134 3225 1211 3312 quid
1232 3228 1323 3292 visuri
1369 3223 1370 3228 ’

108 3413 111 3423 .
207 3317 334 3382 existis?
365 3339 443 3384 num
462 3321 624 3387 bominem
644 3322 796 3390 mollibus
816 3326 959 3393 vestibus
981 3327 1145 3403 amictum?
1156 3347 1255 3420 genoe
1275 3328 1323 3414 qui

207 3414 319 3482 mollis
338 3427 471 3504 gestent,
491 3423 524 3486 in
547 3421 695 3489 domibus
715 3445 824 3510 regum
845 3438 927 3492 suut.
965 3429 996 3494 9.
1017 3427 1115 3513 Atqui
1127 3425 1204 3513 quid
1226 3430 1323 3492 existis
1368 3437 1369 3495 l

208 3517 341 3600 ridere?
354 3538 436 3619 ¹uuus
455 3511 668 3608 Prophetsm?
688 3537 775 3593 certe
798 3527 872 3594 dico
893 3526 988 3593 vohis
1009 3530 1103 3592 etiam
1122 3511 1323 3594 excellentis

208 3641 275 3684 rem
297 3616 467 3704 Propheta.
510 3622 559 3688 10.
579 3625 642 3691 Hic
662 3637 715 3694 est
732 3631 827 3706 enirn,
847 3627 888 3693 de
910 3649 975 3715 quo
997 3631 1147 3715 scriptum
1169 3639 1224 3707 est,
1245 3630 1321 3696 Ecce

209 3741 270 3806 ego
290 3723 382 3786 mitto
403 3723 549 3788 nuntium
570 3747 675 3794 meum
694 3739 768 3794 ante
788 3728 902 3797 faciem
924 3738 1025 3809 tuem,
1051 3732 1107 3815 qui
1126 3729 1321 3816 praeparshit

207 3821 293 3883 viem
313 3829 400 3886 tuam
419 3831 493 3886 ente
514 3833 556 3887 te.
605 3825 654 3892 11.
675 3830 779 3894 Amen
801 3828 875 3894 dico
895 3828 1002 3910 vohis,
1032 3827 1100 3896 non
1121 3841 1249 3910 exortus
1268 3829 1321 3896 luit

207 3917 406 3984 internatus
436 3931 474 3986 etr
499 3920 703 4007 mulieribus,
729 3931 832 3995 maior
852 3929 974 3996 Ioanne
995 3921 1153 4016 Baptistae
1190 3939 1320 3994 attamen
1366 3923 1367 3953 l

123 4023 153 4042 ''
207 4019 264 4102 qui
284 4019 431 4085 minimus
446 4032 494 4086 est
505 4026 540 4087 in
551 4045 653 4110 regno
668 4027 843 4106 coelorum,
862 4033 966 4096 meior
983 4041 1032 4096 est
1047 4029 1116 4096 illo.
1159 4030 1209 4095 12.
1225 4031 1318 4095 Porro
1365 4035 1366 4110 l

140 4123 143 4132 “
206 4113 363 4180 sdiohus
390 4119 520 4188 Ioannis
545 4123 721 4210 Buptistae,
754 4149 857 4214 usque
886 4127 1039 4197 adhunc
1066 4129 1318 4216 diem,·regnum
1365 4127 1366 4183 l

205 4209 371 4278 coelorum
396 4223 461 4286 vim
487 4225 620 4310 patitur,
653 4235 686 4289 et
711 4226 847 4292 violenti
873 4234 1003 4318 rapiunt
1027 4229 1117 4295 illud.
1164 4230 1213 4296 13.
1244 4231 1318 4296 Nem

204 4325 316 4375 omnes
337 4316 521 4405 Prophetae
548 4335 580 4390 et
601 4326 673 4411 ipsa
693 4325 762 4392 Lex
788 4348 892 4414 usque
918 4331 961 4396 sd
981 4331 1134 4418 lopnnem
1155 4332 1318 4418 prophete-
