2786 4742
295 265 306 274 ‘
372 265 438 350 tm.
455 215 635 334 ardescens
653 221 832 340 urtinse.)
904 227 911 254 '
1107 269 1169 358 m
1241 251 1242 254 κ

10 423 15 430 ·
47 403 149 469 vicinis
167 404 338 490 regionibus
357 414 496 470 venturos
515 423 579 466 esse
598 403 697 479 docet,
718 405 769 465 sed
788 405 827 465 ab
844 405 953 486 ultimis
973 409 1053 472 orbis
1071 419 1168 472 terra-

19 553 21 558 ,
47 503 112 543 rum
130 483 246 544 finibus.
289 483 357 543 Hoc
375 501 447 543 vero
468 480 538 542 licet
557 479 654 542 multis
678 475 892 563 Prophetarum
916 482 1168 547 vaticiniis'testa-

46 571 111 618 tum
131 561 219 636 foret,
237 559 322 620 initio
342 571 440 619 tamen
460 557 616 619 absurdum
637 570 667 618 et
684 557 857 618 incredibile
868 557 982 622 Iudaeis
1001 563 1093 622 visum
1114 573 1168 638 est',

47 637 99 726 qui
118 636 215 696 Deum
227 637 337 718 ¹generi
356 635 685 698 Abrahae'obstrictum
706 655 767 696 esse
786 633 945 716 fingebant.
984 639 1086 713 Quare
1100 637 1168 700 'non

45 731 110 772 srne
130 712 322 774 admiratione
339 711 397 786 boc
414 711 545 774 auditum
565 712 637 788 fnit,
663 711 839 787 domesticos
864 733 895 771 re
919 713 948 772 ni
965 712 1024 774 Dei
1044 726 1074 774 et
1095 715 1168 776 hae·
1216 783 1222 791 ,

44 788 133 849 redes
154 789 234 872 fore,
254 789 303 869 qui
321 802 392 852 tunc
413 788 542 849 extranei
562 799 654 849 eraut.
692 789 797 872 Neque
816 787 845 846 id
865 732 975 864 solum,
993 791 1043 850 sed
1064 789 1168 852 foedus

42 865 148 926 'salutis
167 888 234 926 mox
258 865 466 946 publicandum
486 885 564 938 esse,
589 877 623 925 ut
647 877 728 943 totps
754 864 838 928 orbis,
857 865 886 925 in
911 887 1001 924 unum
1020 867 1170 930 Ecclesiae

45 963 156 1022 corpus
176 943 364 1017 coalesceret,
384 943 453 1003 dum
493 941 612 1017 entiles,
632 943 682 1022 qui
702 942 738 1002 ad
757 941 1021 1017 fidem-accedent,
1042 942 1171 1003 eiusdem

47 1041 115 1078 cum
134 1019 300 1097 Abraham,
327 1018 406 1080 Isaac
417 963 491 1080 «etl
1041 1096 1043 1101 ,

50 1105 132 1155 certo
153 1096 327 1178 colligimus,
348 1096 481 1173 eandem,
503 1115 576 1174 quae
595 1095 680 1157 nobis
700 1095 828 1156 exhibita
847 1107 892 1157 est
910 1098 940 1156 in
949 1095 1079 1171 Christo,
1099 1093 1172 1154 olim

70 1171 179 1233 atribus
205 1193 324 1253 quoque
348 1173 437 1232 fnisse
460 1173 644 1254 promissam:
674 1193 771 1252 neque
796 1171 874 1232 e'riim
900 1171 1068 1233 ‘communis
1092 1169 1173 1235 foret

48 1193 222 1326 haereditas,
243 1250 297 1309 nisi
317 1269 375 1309 una
393 1259 469 1317 esset
487 1249 569 1320 fides,
589 1268 662 1327 quae
682 1261 726 1308 est
745 1251 807 1310 eius
819 1249 1000 1309 obtinendae
1019 1249 1105 1308 ratio.
1134 1247 1172 1307 In

38 1326 141 1386 uerbo
160 1323 344 1385 recondendi
362 1324 464 1386 allusio
484 1324 582 1384 estad
603 1343 729 1386 mensas:
754 1326 821 1405 quia
839 1337 939 1385 tamen
957 1325 1077 1399 scimus,
1102 1344 1173 1384 coe·
1232 1373 1238 1378 .

48 1402 151 1462 lestem
169 1405 257 1463 vitam
280 1423 343 1462 non
368 1401 501 1482 indigere
525 1400 592 1460 cibo
618 1412 648 1461 et
670 1413 761 1493 potu,
787 1403 911 1484 perinde
935 1402 1013 1476 valet
1036 1400 1173 1482 loquutio

49 1479 107 1540 acsi
127 1479 235 1538 dictum
256 1477 345 1552 foret,
365 1475 476 1538 Eadem
495 1477 631 1548 fruentur
647 1489 718 1552 vita,
1016 1537 1022 1553 ‚

126 1561 174 1620 12.
211 1553 287 1612 Filii
304 1556 479 1630 verorcgm'.
517 1554 679 1628 Quomodo
700 1552 775 1614 filios
794 1554 878 1635 regni
898 1554 1034 1646 appellat,
1055 1553 1105 1634 qui
1125 1553 1174 1614 nl-

49 1631 91 1693 hil
111 1631 206 1692 minus
225 1641 415 1710 erant.quam
433 1627 571 1690 Abrahae
597 1629 667 1690 filii?
690 1651 758 1690 nam
783 1643 863 1692 certe
884 1651 940 1710 ,qur
964 1653 980 1694 a
1004 1632 1062 1692 fide
1087 1631 1176 1694 alieni

49 1719 144 1788 sunt,
167 1707 200 1768 in
228 1706 287 1768 Dei
316 1727 408 1790 grege
439 1706 551 1768 censeri
577 1706 697 1767 minime
727 1726 852 1788 aequum
884 1720 936 1768 est.
978 1707 1175 1788 Respondent

8 1821 10 1860 t
71 1783 180 1846 uamvis
200 1804 234 1844 ex
252 1783 310 1843 Dei
333 1783 464 1844 Ecclesia
487 1803 559 1844 vere
584 1804 645 1842 non
667 1795 779 1860 essent,
805 1785 873 1864 quia
898 1796 995 1846 tamen
1021 1785 1121 1848 locum
1143 1785 1176 1845 in

48 1809 182 1939 {eclesia
201 1860 400 1942 occupabant,
421 1860 499 1922 bunc
522 1858 532 1920 i
555 1856 592 1920 sis
610 1859 726 1930 titulum
747 1861 893 1936 concedit.
930 1860 1047 1922 Deinde
1063 1875 1176 1924 motan-

49 1938 119 2000 dum
130 1949 184 2012 est,
202 1941 275 1998 tanti
295 1936 382 1998 fuisse
391 1937 451 2012 Dei
469 1937 519 1998 foe
541 1959 584 2013 us,
593 1959 679 2017 quam
699 1937 749 2015 diu
768 1939 849 1999 stetit
868 1939 897 1998 in
908 1958 1017 2021 genere
1027 1939 1177 2015 Abrabae,
1199 1979 1201 1982 -

8 2087 9 2090 Ἴ
48 2021 84 2082 ,αἱ
109 2015 145 2078 ad
175 2015 254 2094 ipsos
279 2013 400 2094 proprie
425 2026 573 2094 spectaret
596 2015 681 2096 regni
705 2013 839 2076 coelestis
866 2016 1042 2078 baereditas:
1074 2016 1177 2078 saltem

8 2107 9 2162 ἶ
49 2092 139 2184 ipsius
156 2091 215 2152 Dei
235 2104 370 2171 respectu
390 2102 460 2151 tunc
479 2091 573 2152 adbuc
593 2092 664 2150 rami
683 2092 777 2151 sancti
795 2103 880 2153 eraut
899 2105 1050 2153 exsaucta
1070 2092 1177 2154 radice.

50 2171 90 2228 ht
110 2189 180 2229 sane
201 2188 274 2259 quae
281 2179 397 2302 spostea
418 2178 551 2246 sequuta.
566 2179 609 2226 est
633 2167 779 2226 abdicatio
803 2169 871 2229 satis
891 2168 1034 2244 ostendit,
1053 2180 1125 2230 tuuc
1144 2166 1177 2233 in

52 2247 113 2306 Dei
146 2245 256 2306 familia
296 2244 371 2304 uisse
393 2254 536 2303 retentos.
559 2241 718 2316 ¹Secundo
747 2244 909 2303 notandum
935 2257 992 2321 est,
1028 2245 1179 2306 Christum

50 2345 113 2383 non
134 2323 171 2382 de
191 2319 312 2404 singulis
330 2319 441 2380 habere
460 2337 642 2391 sermonem,
667 2318 717 2378 sed
739 2318 776 2386 dc
796 2330 860 2386 tota
880 2332 978 2400 gente.
1016 2321 1085 2381 Hoc
1103 2341 1176 2384 vero

50 2400 142 2481 longe
162 2397 261 2457 durius
280 2406 343 2456 erat
362 2416 446 2475 quam
471 2395 603 2475 gentium
621 2395 753 2455 vocatio:
778 2415 845 2455 nam
869 2407 973 2476 gentes
996 2395 1087 2456 inseri
1148 2419 1180 2457 a

51 2478 126 2536 tuita
147 2473 308 2555 adoptione
327 2473 358 2530 in
379 2471 456 2530 idem
477 2490 583 2549 corpus
609 2492 676 2532 cum
694 2469 830 2532 Abrahae
855 2472 996 2549 p‘osteris,
1023 2471 1181 2530 toleraile
1269 2545 1272 2550 Ι

8 2549 10 2554 ’
50 2564 142 2613 utcun
165 2570 203 2612 ue
222 2548 338 2622 fnisset,
362 2547 413 2608 sed
433 2545 557 2608 Iudaeos
576 2546 654 2627 ipsos
673 2546 795 2638 expelli,
819 2558 852 2606 ut
875 2547 907 2606 in
932 2546 1030 2608 locum
1051 2547 1179 2612 'vacnum

50 2571 245 2690 succederent
285 2636 378 2698 entes,
396 2624 427 2684 id
438 2644 510 2685 vero
529 2635 672 2703 portento
690 2622 784 2684 srmile
803 2622 934 2683 habitum
954 2623 1018 2684 fuit.
1055 2624 1181 2702 Utrum-

52 2711 110 2786 que
129 2718 229 2766 tamen
267 2722 319 2762 ore
340 2701 474 2762 Christus
497 2701 687 2781 pronuntiat,
710 2712 744 2762 ut
768 2700 901 2761 admittat
919 2701 1001 2761 Deus
1027 2712 1181 2764 extraneos

490 1017 688 1080 acobsalutis
713 1019 868 1099 participes
887 1020 954 1082 fore
974 1018 1053 1079 dicit.
1091 1019 1171 1089 Hinc
1260 1045 1263 1056 ·

52 2784 83 2843 in
103 2782 200 2843 sinum
208 2777 356 2858 Abrabae,
375 2778 451 2839 filios
471 2791 569 2839 antem
588 2777 713 2837 abdicet.
751 2776 788 2837 ln
807 2775 928 2836 tenebris
945 2782 1080 2856 ean'term's¹
1092 2781 1181 2840 tacita
1281 2835 1284 2842 ,

53 2857 202 2920 antithesis
223 2856 347 2928 subest„
371 2855 523 2940 Significat
542 2851 622 2914 enirn
640 2853 722 2932 Deus
742 2867 821 2915 extra
840 2876 965 2936 regnum
983 2877 1078 2933 suum,
1098 2856 1181 2937 quod

52 2949 97 2997 est
115 2956 239 3018 regnum
259 2933 361 3007 Lucis,
386 2954 448 2994 non
468 2932 523 3006 nisi
542 2931 679 2994 tenebras
699 2952 837 3014 regnare:
862 2931 1062 3012 metaphorice
1081 2946 1181 2994 autern

52 3034 106 3093 per
125 3011 279 3082 'fenebras
298 3010 452 3090 Scriptura
473 3009 654 3070 horrendum
679 3029 846 3071 moerorem
875 3009 1022 3090 designat,
1048 3011 1098 3092 qui
1123 3032 1181 3074 nec

53 3091 148 3153 verbis
169 3086 304 3169 exprimi,
324 3108 379 3148 nec
399 3108 485 3148 sensu
505 3085 716 3166 comprehendi
735 3097 835 3166 potest
853 3085 882 3145 in
904 3085 956 3146 bac
976 3087 1043 3146 vita.

126 3173 173 3233 13.
212 3161 286 3235 Abi,
306 3177 333 3222 et
349 3161 586 3242 quemadmodum
604 3159 707 3238 credis,
725 3165 768 3222 ita
777 3163 836 3242 fiet
853 3159 911 3222 ribi.
949 3162 1028 3222 Hinc
1048 3175 1181 3256 apparet,

54 3265 137 3323 quam
157 3240 288 3322 benigne
306 3241 430 3322 gratiam
449 3261 528 3301 suam
550 3238 684 3300 effundat
704 3239 848 3313 Christus,
868 3238 920 3298 ubi
938 3261 985 3318 vas
1005 3239 1073 3300 fider
1094 3263 1181 3322 aper·
1250 3265 1252 3270 ’

54 3331 115 3380 tum
135 3331 237 3382 nactus
257 3326 309 3376 est.
347 3316 410 3376 Etsi
429 3317 508 3376 enim
528 3315 571 3377 bis
591 3314 688 3376 verbis
701 3315 915 3378 Centurioncm
930 3313 1099 3395 alloquitur,
1119 3339 1182 3380 non
1215 3335 1221 3348 ’

55 3396 175 3458 dubium
200 3407 300 3456 tamen
329 3404 389 3469 est,
439 3392 489 3460 uin
515 3394 569 3453 sub
601 3392 663 3454 eius
687 3412 814 3473 persona
838 3411 1020 3468 nos,omnes
1045 3392 1081 3456 ad
1104 3395 1183 3461 bene

54 3474 230 3534 serandum
252 3469 365 3532 invitet.
410 3414 567 3533 gaeterum
597 3467 666 3529 hinc
692 3488 812 3562 quoque
836 3469 992 3544 docemur,
1020 3492 1077 3532 cur
1100 3473 1182 3535 Deus

69 3494 227 3630 lerumque
247 3548 285 3608 sit
304 3567 374 3630 erga
393 3567 447 3606 nos
467 3546 640 3621 restrictior,
660 3567 726 3625 qura
746 3544 859 3606 scilicet
876 3546 1063 3684 incredulp'tas
1082 3561 1184 3612 nostra

56 3571 206 3688 liberalem
231 3644 293 3686 esse
318 3645 380 3684 non
404 3622 524 3704 patitur.
562 3623 644 3706 Ergo
662 3626 687 3684 si
711 3623 769 3682 fide
789 3621 978 3702 patefacimus
996 3622 1040 3692 ili
1059 3625 1181 3704 aditum,

59 3715 125 3766 vota
144 3714 245 3766 nostra
264 3719 425 3782 precesque
445 3699 586 3764 exaudiet.

98 3987 177 4066 (te.)
220 3983 322 4053 LUC.
342 3985 413 4051 Vll.
457 3983 507 4048 11.
528 3979 654 4048 Accidit
667 3993 779 4062 autem,
792 4006 890 4072 quum
910 3994 1131 4070 egressuram,
1150 3995 1187 4051 ut

60 4087 317 4167 proficisceretur
338 4089 370 4151 in
383 4082 506 4164 urbem,
528 4072 612 4171 quae
632 4084 810 4152 vocabatur
829 4087 924 4162 Nain,
946 4094 979 4148 et
999 4083 1099 4153 sirnul
1115 4104 1186 4150 cum

60 4203 99 4247 eo
112 4187 257 4269 profecti
267 4199 341 4254 sunt
351 4171 444 4251 multi
457 4179 526 4250 eius
544 4186 702 4271 discipuli,
725 4197 758 4251 et
772 4185 866 4251 turba
879 4183 988 4268 multa.
1001 4187 1062 4274 ‚12
1075 4186 1185 4273 Quum

58 4303 135 4348 vero
157 4292 433 4376 appropinquaret
464 4287 505 4352 ad
532 4298 657 4375 portam
683 4287 789 4368 urbis,
816 4283 1016 4352 efferebatur
1042 4281 1187 4356 mortuus

8 4433 9 4454 2
59 4383 240 4469 unigenitus
261 4393 369 4460 matris
389 4381 484 4459 duae:
506 4399 538 4458 et
559 4387 640 4458 baec
661 4389 759 4456 vidua
781 4397 914 4482 eratet
932 4385 1027 4456 turba
1050 4392 1186 4462 civitatis
