2808 4748
448 225 450 232 ’
476 219 608 285 Orsum
627 235 664 286 m
681 232 807 328 nonus.
1142 228 1209 296 m
1275 261 1280 266 -

74 341 138 453 pell
162 368 243 452 qnod
262 386 326 430 non
344 365 401 430 nisi
423 365 456 428 in
480 367 558 430 diem
575 367 737 441 curandum
762 369 807 431 sit.
843 367 951 464 Neque
975 369 1055 433 enlm
1079 368 1201 433 dublum

76 460 136 523 est,
160 447 231 528 quin
250 445 362 505 terreni
381 442 473 507 rictus
497 446 701 526 cupiditatem,
725 444 873 526 adquam
896 448 1053 509 immodice
1078 447 1201 509 ferimur

74 542 194 598 omnes,
225 521 404 604 restringere
432 542 465 582 ac
488 523 637 583 moderari
665 520 801 586 voluerit.
844 523 941 584 Porro
969 525 1040 586 satis
1061 526 1131 587 trita
1156 535 1202 586 est

76 598 264 681 synecdoche
275 598 306 658 in
321 598 442 659 nomine
454 602 563 676 possis:
581 620 649 659 nam
666 598 721 660 snb
742 617 779 660 eo
798 595 928 660 Hebraei
947 599 1211 682 comprehendunt¹

75 696 167 737 omne
192 694 285 758 genus
314 675 451 736 alimenti.
501 676 562 736 Hic
579 695 652 736 vero
677 675 763 735 latius
783 676 869 736 etiam
895 677 1072 742 extenditur:
1103 698 1202 759 neque

74 753 157 814 enim
171 763 284 813 tantum
294 769 387 812 escam
406 751 493 814 nobis
511 751 627 836 porrigi
638 751 695 813 Dei
714 771 813 828 manu,
831 750 883 813 sed
897 753 1034 832 quicquid
1046 754 1082 814 ad
1094 755 1201 816 trausi-

71 830 202 912 gendam
225 829 311 889 vitam
331 830 524 890 necessarium
543 840 604 904 est,
624 828 710 890 nobis
730 828 767 890 ab
788 848 825 890 eo
845 829 906 888 dari
925 827 1067 910 cupimus.
1111 833 1201 894 Nune

73 927 178 968 sensus
197 904 290 966 clarus
310 916 366 966 est:
387 907 516 986 primum
534 906 671 966 iubemur
689 925 790 981 orare,
810 905 843 966 ut
860 905 942 967 Deus
962 925 1047 998 quam
1067 903 1152 967 nobis
1170 909 1203 968 in

76 983 192 1044 mundo
210 981 268 1042 boc
285 982 373 1043 vitam
393 981 475 1042 dedit
493 993 610 1044 tueatur
629 982 794 1054 refoveat,
820 993 851 1044 et
871 982 939 1061 quia
964 982 1078 1073 indiget
1102 981 1204 1046 multis
1271 1007 1273 1010 ·
1325 964 1328 986 ⁵

76 1059 223 1133 subsidiis,
242 1069 276 1118 ut
293 1058 356 1140 ipse
375 1048 463 1121 nobis
481 1059 682 1122 subministret
700 1057 840 1140 quicquid
859 1077 1053 1120 necessarsnm
1065 1077 1128 1119 esse
1148 1079 1204 1120 no-

75 1137 128 1196 vit
167 1137 229 1196 Iam
249 1135 317 1216 quia
335 1131 394 1196 Dei
420 1136 584 1217 benignitas
609 1136 752 1197 continuo
778 1146 886 1198 tenore
906 1134 943 1197 ad
967 1155 1024 1196 nos
1042 1133 1205 1216 pascendos

75 1213 174 1288 fluit,
190 1214 272 1294 panis
292 1229 381 1306 quem
406 1211 552 1274 ministrat
575 1224 696 1273 vocatur
715 1209 868 1284 ἐπιούσὶος,
897 1210 956 1272 boc
975 1223 1035 1287 est,
1065 1230 1205 1291 superse.

76 1290 176 1352 niens:
196 1290 238 1350 sic
258 1309 336 1348 emm
355 1289 544 1369 interpretari
562 1288 639 1350 licet.
677 1287 864 1352 Tantundem
884 1307 956 1371 ergo
975 1287 1054 1349 valet
1071 1287 1129 1349 boc
1149 1309 1207 1350 no-

75 1387 147 1427 men
167 1367 226 1426 acsi
251 1365 363 1425 dictum
388 1375 477 1426 esset:
508 1365 653 1440 Domine,
671 1363 772 1445 ”quum
797 1365 928 1459 quotidie
953 1365 1038 1428 novis
1060 1364 1207 1430 alimentis

76 1465 154 1523 opus
174 1440 351 1502 babeatvita
370 1452 481 1516 nostra,
500 1461 538 1502 ue
558 1441 670 1502 assidue
690 1460 725 1501 ea
743 1442 897 1524 largiendo
916 1463 1044 1536 unquam
1064 1442 1117 1502 sati
1141 1443 1207 1504 eris.

75 1517 261 1580 Adserbium
278 1514 363 1576 bodie
385 1527 420 1576 ut
442 1517 530 1598 paulo
555 1530 624 1578 ante
647 1518 721 1595 dixi,
752 1518 912 1579 frenandae
941 1519 1047 1581 nimiae
1079 1461 1209 1582 aviditati

76 1596 212 1656 additum
238 1604 300 1668 est,
331 1605 365 1652 ut
390 1593 540 1663 discamus¹
554 1594 677 1677 siugulis
701 1595 858 1656 momentis
884 1615 900 1656 a
924 1595 983 1656 Dei
1011 1595 1208 1659 beneticeno'a

102 1672 234 1745 endere„
260 1682 291 1730 et
310 1689 347 1732 eo
367 1669 506 1734 demenso
528 1673 662 1732 contenti
682 1691 762 1748 esse,
793 1670 872 1752 qnod
893 1671 930 1731 de
950 1671 997 1732 die
1014 1673 1047 1739 in
1067 1673 1143 1734 diem
1162 1683 1209 1748 tut

8 1753 10 1762 ’
76 1694 257 1829 sequuntur)
281 1747 368 1808 nobis
398 1749 572 1830 suppeditat.
611 1748 773 1828 ,Obiicitur
803 1760 902 1808 tamen
933 1749 1082 1829 quaestio,
1118 1772 1210 1831 quum

79 1837 196 1887 certum
215 1823 264 1900 sit,
279 1822 427 1885 Christum
447 1825 578 1908 regulam
598 1826 701 1888 orandi
721 1825 775 1908 piis
795 1824 931 1886 omnibus
951 1847 1137 1888 communem
1156 1829 1211 1888 de-

79 1903 173 1978 disse,
192 1921 227 1961 ex
247 1921 349 1962 eorum
370 1914 467 1962 autem
486 1923 611 1965 numero
632 1903 722 1984 aliqui
746 1903 805 1964 sint
820 1902 947 1978 divites,
972 1903 1030 1983 qui
1048 1905 1211 1987 repositam

76 1996 230 2046 annonam·
254 1976 379 2054 babent,
410 1980 561 2060 quomodo
586 1992 688 2061 petere
714 1999 765 2042 eos
792 1978 908 2056 iubeat,
937 1980 1018 2060 quod
1038 1979 1119 2041 domi
1140 2000 1212 2043 suae

76 2055 201 2132 babent,
215 2066 247 2115 et
264 2067 367 2136 petere
386 2055 416 2115 in
437 2056 617 2137 diem,‘quod
637 2057 753 2119 abunde
773 2055 831 2119 illis
849 2057 882 2116 in
900 2077 1010 2117 annum
1022 2061 1122 2138 usque
1136 2080 1175 2134 su
1196 2091 1212 2107 ·

8 2181 10 2200 ,
78 2133 166 2214 petit
206 2132 325 2194 Solutio
344 2131 436 2193 facilis
456 2145 516 2192 est:
535 2153 692 2194 monemur
710 2133 789 2193 enim
808 2134 854 2194 bis
873 2133 980 2209 verbis,
1001 2133 1057 2194 uisi
1077 2080 1213 2214 quotidie

8 2283 9 2288 η
78 2230 137 2270 nos
156 2209 359 2288 pascatDeus,
377 2207 450 2268 nibil
468 2209 535 2273 iore
548 2208 863 2288 quamlibetannouae
883 2211 1067 2291 congeriem:
1087 2211 1214 2274 affluant

78 2285 152 2348 licet
169 2285 312 2358 triticum,
330 2285 430 2344 riuum
441 2284 595 2364 etreliqua
606 2284 714 2360 omnia,
733 2285 788 2344 nisi
807 2305 911 2345 arcana
922 2285 981 2345 Dei
1000 2286 1214 2350 benedictione
1260 2313 1266 2323 ¹

70 2362 258 2454 irrigentur,
288 2363 450 2440 derepente
468 2373 658 2438 evanescent,
686 2359 735 2421 'iel
759 2361 910 2420 auferetur
928 2380 1032 2421 eorum
1051 2384 1135 2436 usus,
1164 2365 1214 2426 sel

80 2436 199 2499 excrdet
218 2456 292 2516 quae
315 2434 380 2496 illis
398 2437 530 2518 ingenita
554 2449 599 2498 est
622 2439 665 2498 vis
684 2437 721 2496 ad
740 2457 795 2496 nos
815 2434 951 2510 alendos,
975 2446 1010 2495 ut
1034 2434 1162 2497 famelici
1179 2439 1214 2500 in

79 2514 186 2575 riostra
205 2512 291 2593 copia
309 2513 406 2573 simus.
446 2510 549 2586 Quare
567 2533 630 2574 non
648 2510 753 2572 mirum
773 2522 834 2588 est,
858 2510 884 2570 si
904 2511 1039 2572 Christus
1058 2512 1162 2573 divites
1183 2527 1215 2578 et
1258 2573 1263 2596 ἣ

80 2593 190 2672 inopes
210 2591 377 2671 promiscue
396 2587 432 2649 ad
446 2588 604 2650 coelestem
623 2589 781 2649 nutricium
800 2587 912 2647 invitet.
953 2588 1112 2649 Caeterum
1123 2607 1214 2653 nemo

79 2670 122 2728 ita
144 2687 178 2728 ex
197 2668 296 2729 anim0
316 2665 500 2750 precabitur,
523 2666 579 2726 nisi
609 2667 660 2748 qni
678 2661 817 2726 didicerit
832 2663 916 2726 Pauli
939 2661 1072 2745 exemplo
1103 2667 1216 2728 esurire

55 2775 58 2780 ·
81 2758 114 2806 et
131 2743 296 2822 nbundare,
317 2755 350 2804 ut
369 2765 449 2804 suam
469 2741 598 2824 inopiam
608 2742 656 2805 rel
673 2743 846 2802 tenuitatem
857 2760 953 2823 aequo
973 2743 1072 2802 animo
1092 2742 1214 2821 toleret,

10 2889 11 2892 Ἴ
81 2842 139 2884 nec
158 2841 191 2884 se
210 2820 307 2882 fallaci
326 2820 522 2882 abundantiae
540 2827 608 2882 'susc
633 2819 738 2882 fiducia
762 2817 901 2878 inebriet.
939 2819 974 2880 Si
993 2832 1114 2899 quaerat
1132 2821 1215 2901 quis·

104 2901 172 2974 iam,
192 2899 344 2990 quomodo
359 2917 481 3034 panem,
503 2915 590 2978 quem
609 2896 665 2958 iam
687 2917 825 2958 vocamus
842 2909 983 2970 nmirum,
1003 2907 1135 2976 petamus
1155 2918 1215 2959 no-

81 2921 127 3036 bis
149 2977 226 3036 dans
247 2995 355 3058 respon
379 2995 425 3050 eo,
442 2975 545 3037 vocari
562 2996 624 3036 non
645 2975 726 3054 quod
745 2971 809 3032 iure
829 2972 985 3049 debeatur,
1004 2972 1056 3034 sed
1076 2975 1142 3054 quia
1161 2995 1215 3054 pa·

81 3063 167 3114 terna
191 3050 250 3112 Dei
274 3050 479 3114 benevolentia
501 3051 545 3110 in
560 3073 643 3111 usum
667 3062 800 3112 nostrum
827 3049 988 3111 destinatus
1014 3061 1067 3109 est.
1109 3051 1216 3131 ltaque

83 3148 120 3190 eo
140 3131 207 3210 ipso
227 3141 329 3189 noster
348 3129 484 3202 efficitur,
503 3128 585 3209 quod
604 3147 671 3188 enm
690 3126 825 3188 coelestis
835 3127 936 3202 Pater,
954 3145 993 3186 ne
1004 3126 1080 3190 desit
1095 3139 1216 3190 nostrae

82 3205 267 3281 necessitati,
286 3206 414 3288 gratuito
434 3204 522 3266 nobis
543 3205 643 3264 donat.
687 3203 815 3266 Colendi
835 3201 952 3283 quidem
971 3214 1041 3263 sunt
1058 3205 1139 3286 agri,
1164 3227 1216 3266 su-

84 3281 213 3346 dandum
232 3283 263 3341 in
290 3280 462 3364 colligendis
486 3293 583 3357 terrae
606 3281 766 3356 fructibus,
789 3279 958 3340 subeundus
982 3291 1028 3340 est
1053 3283 1099 3342 cui
1123 3301 1159 3342 ue
1184 3293 1217 3343 et

40 3427 43 3432 Ι
83 3357 225 3419 ferendus
243 3358 408 3420 vocationis
426 3377 494 3418 suae
514 3357 616 3433 labor,
643 3368 677 3417 ut
707 3357 763 3418 sibi
781 3357 889 3418 victum
911 3367 1047 3437 quaerat,
1076 3303 1128 3418 aab
1155 3357 1217 3420 boe

84 3455 147 3497 non
173 3433 285 3511 obstat,
317 3436 389 3515 quin
413 3434 539 3518 gratuita
562 3433 621 3494 Dei
650 3433 844 3495 beneficentia
894 3453 1039 3507 assamur,
1068 3435 1132 3495 sine
1157 3453 1217 3514 qua

85 3509 194 3574 trustra
224 3532 256 3572 se
289 3509 423 3572 homines
447 3510 599 3572 laboribus
623 3510 813 3572 conficerent.
859 3454 965 3590 llaque
995 3508 1038 3569 illi
1062 3522 1216 3602 acceptum

86 3586 164 3648 lerre
186 3587 341 3663 docemur,
387 3589 505 3670 uioquid
524 3587 641 3647 videtur
663 3587 806 3648 industria
830 3598 930 3647 nostra
955 3606 1018 3648 ease
1042 3597 1216 3668 quaesrtum.

87 3663 182 3726 Simul
202 3677 300 3725 tamen
321 3685 355 3726 ex
366 3609 431 3726 boc
450 3664 543 3726 verbo
564 3664 704 3747 colligere
725 3664 812 3736 licet,
831 3663 856 3724 si
874 3663 1013 3726 divinitus
1031 3662 1217 3743 pascicnpi-

85 3761 161 3816 mus,
171 3741 272 3804 alieno
284 3761 346 3804 esse
356 3741 576 3803 abstinendum:
595 3761 627 3802 se
637 3741 715 3801 enim
734 3739 808 3800 nibil
826 3739 884 3800 nisi
904 3740 984 3820 quod
1003 3760 1089 3799 suurn
1108 3747 1215 3799 votare

87 3819 201 3900 possint
231 3831 387 3900 appetere,
410 3829 555 3880 testantur
577 3837 680 3879 omnes
698 3816 758 3877 Dei
777 3815 905 3898 alumni,
932 3815 1049 3898 quoties
1074 3815 1129 3894 bae
1146 3811 1242 3902 pre-¹
1346 3899 1350 3906 ἢ

13 3891 15 3968 ἢ
90 3895 173 3956 candi
193 3897 289 3957 forma
307 3907 439 3956 utuntur.
823 3922 825 3926 ¹
1348 3916 1352 3929 ·

15 3979 16 3988 ’
162 3979 214 4039 12>
248 3971 372 4033 matus
392 3969 475 4033 sodis
497 3967 600 4031 debita.
644 3969 707 4030 'Hic
735 3970 879 4032 memoria
909 3978 1047 4049 repetere
1076 3967 1218 4031 convenit
1287 3969 1290 3978 '

91 4048 169 4123 quod
189 4070 284 4130 nuper
303 4049 379 4124 diri,
407 4047 556 4110 (lbrlstuns
576 4049 613 4112 in,
632 4047 799 4132 digerendis
824 4067 946 4108 suorum
965 4045 1043 4138 sptis
1066 4066 1129 4104 nou
1148 4065 1218 4126 spe-

91 4132 192 4202 ctasse,
204 4125 276 4207 quid
285 4127 364 4206 prins
377 4137 427 4210 aut
443 4124 589 4206 posterius
600 4123 705 4186 ordine
717 4135 802 4184 esset.
827 4125 904 4185 Nam
938 4142 1009 4214 uum
1017 4121 1158 4202 seriptum
1170 4122 1220 4198 sit,

90 4212 210 4328 peecata
228 4216 328 4264 nostra
347 4203 440 4264 instar
455 4203 600 4270 maceriae
620 4219 698 4276 esse,
723 4219 799 4282 quae
821 4217 913 4261 nosa
963 4217 990 4257 es
1009 4217 1126 4260 accessu
1146 4219 1218 4280 pro·

114 4271 205 4353 lbest,
225 4292 255 4340 et
273 4279 365 4342 instat·
383 4279 488 4351 nubisi
516 4300 574 4359 qua
592 4278 791 4360 impediuntur
815 4277 877 4338 eius
902 4273 983 4336 oculi
1001 4295 1040 4336 ne
1059 4274 1220 4357 respiciant

93 4345 259 4432 (lesam,
278 4363 377 4436 etta,
395 4362 443 4428 22
463 4355 702 4436 'lineum->2
720 4347 825 4441 pr'eosa
843 4361 958 4420 umbra
974 4371 1093 4442 temper
1111 4373 1129 4419 ι
1147 4371 1218 4438 pto·
1320 4427 1333 4436 „
