2808 4748
12 279 17 364 l

486 225 616 290 Onarro
637 241 671 286 ra
692 239 817 288 unam.
861 248 864 254 ·
903 307 904 314 ἵ
1158 231 1214 294 187

198 313 212 338 l

127 378 208 457 (aa)
249 374 421 460 maran.
441 373 512 439 vu.
558 373 609 440 aa.
637 371 759 438 omnia·
793 373 889 458 igitur
916 321 1131 461 tusamque
1157 335 1216 440 eo-

12 503 14 566 l
86 477 220 557 lueritis,
241 487 277 542 ut
297 472 523 541 faciantvobis
544 471 700 551 homines,
721 469 894 538 sic‘etvoa
916 473 1009 540 facite
1024 465 1112 541 illis:
1133 473 1215 542 baec

86 581 172 644 enirn
194 588 243 642 est
263 577 331 643 Lex
352 574 588 661 etPropbetae.
629 574 681 639 13.
703 575 837 640 lutroite
858 595 919 659 per
940 584 1059 640 arctam
1080 575 1215 662 portam,

87 679 240 764 quoniam
260 677 326 743 lata
346 686 394 742 est
414 687 507 763 porta
530 688 562 742 et
583 678 724 764 spatiosa
746 677 815 754 via,
836 695 920 762 quae
943 673 1074 750 abducit
1094 679 1128 741 in
1150 681 1217 742 exi-

87 781 190 857 tium„
206 777 362 866 multique
383 786 472 857 sunt,
497 779 553 864 qui
573 769 799 862 ingrediuntur
820 796 882 861 per
907 774 1004 840 illam.
1052 775 1101 841 14.
1121 779 1214 864 Quo

88 883 174 944 uiam
196 891 327 966 augusta
350 887 397 944 est
418 888 512 966 porta
535 888 567 942 et
586 879 693 943 stricta
715 881 778 958 via,
799 899 882 1004 quae
902 875 1034 942 abducit
1053 875 1217 960 advitam,

90 990 123 1045 et
144 979 238 1078 pauci
256 990 337 1058 sunt,
359 980 415 1066 qui
434 979 601 1044 inveniunt
621 977 721 1044 illam.
786 1049 789 1056 ,
836 1011 839 1019 ν

93 1165 98 1170 -
170 1113 272 1182 LUC.
294 1115 349 1178 VI.
392 1113 445 1181 at.
471 1112 637 1196 Et··prout
656 1110 768 1193 vultis,
796 1067 979 1178 ut·laciaut
998 1083 1098 1176 vobis¹
1115 1086 1218 1178 bomi-

86 1235 154 1294 nes,
172 1229 232 1280 vos
254 1233 387 1303 quoque
408 1212 504 1281 facite
526 1211 591 1278 illis
613 1212 766 1279 similiter.

103 1411 111 1430 0
161 1362 334 1437 Mattlr.12.'
376 1369 484 1432 Omnia
501 1389 685 1450 qameeusaqua
702 1371 847 1437 uetustas
865 1366 939 1432 etos
965 1367 1153 1450 Supervacua
1173 1382 1218 1432 est
1316 1407 1320 1412 ,

58 1463 60 1468 ’
86 1449 196 1524 illatio,
222 1447 467 1529 quemadmodum
487 1465 573 1527 saepe
598 1449 627 1506 in
648 1449 770 1508 concisis
795 1447 947 1508 sententiis
966 1445 1127 1526 particulae
1146 1447 1219 1508 istae
1289 1471 1295 1488 ⁸

42 1544 44 1550 ·
86 1527 247 1586 abundant.
285 1525 355 1583 Dixi
376 1536 471 1583 autem
492 1545 588 1604 supra,
609 1543 671 1584 uon
690 1545 778 1584 uuam
788 1524 898 1586 Christi
918 1521 1093 1584 concionem
1114 1524 1220 1584 relerri

86 1603 277 1679 aMatlbaeo,
298 1601 350 1664 sed
370 1619 404 1662 er
422 1601 509 1662 variis
527 1601 713 1662 sermonibus
732 1621 871 1662 summanr
892 1600 1048 1660 doetrinae
1064 1601 1125 1660 eius
1144 1621 1219 1663 cou-

11 1751 12 1756 η
86 1679 154 1742 texi.
195 1679 335 1740 Seorsum
356 1696 429 1760 ergo
460 1677 586 1772 legenda
618 1689 663 1737 est
681 1677 764 1738 'baec
788 1677 953 1752 sententia,
985 1696 1042 1756 qua
1060 1677 1220 1758 discipulos

87 1755 223 1817 Christus
243 1757 280 1816 ad
299 1756 476 1835 aequitatem
496 1754 632 1836 sustituit,
651 1753 830 1835 brevemque
848 1765 879 1814 et
893 1752 1012 1832 'facilem
1034 1754 1094 1814 eius
1114 1753 1233 1814 defiui-·

11 1881 12 1886 ,
85 1834 200 1892 tionem
213 1833 309 1912 ponit,
327 1845 361 1892 ut
379 1833 513 1910 sciamus,
534 1851 595 1890 uon
615 1829 678 1892 alia·
691 1831 727 1891 de
747 1851 831 1892 causa
848 1843 897 1893 tot
915 1830 1080 1923 inimicitias
1093 1850 1221 1924 regnare
1311 1833 1315 1850 ¹

86 1909 116 1969 in
136 1903 264 1984 mundo,
296 1931 330 1971 ac
348 1921 396 1970 tot
418 1909 514 1972 modis
539 1908 673 1969 homines
698 1907 824 1969 invicem
848 1907 904 1970 sibi
924 1927 988 1969 esse
1011 1925 1130 1985 noxios,
1162 1909 1221 1969 ursi

87 1986 157 2080 quia
175 1989 300 2048 seientes
313 1998 352 2062 =et
370 1984 700 2122 volentes'aeqnitatem
720 1985 844 2064 pedibus
864 1985 994 2060 calcant,
1014 2004 1100 2066 quam
1121 1997 1221 2048 tamen

11 2117 13 2158 ἰ
88 2085 212 2144 quasque
232 2083 302 2146 erga
322 2083 353 2124 se
372 2065 480 2124 servari
500 2063 554 2144 rigi
577 2082 593 2120 e
613 2062 751 2141 postulat
795 2062 858 2122 Ubi
883 2061 1003 2143 propria
1024 2060 1135 2122 utilitas
1156 2064 1220 2146 agi-

62 2207 64 2214 Ι
88 2151 151 2214 tur,
183 2161 271 2201 nemo
291 2151 423 2200 nostrum
445 2151 507 2215 est,
537 2137 588 2218 qui
612 2158 673 2195 uon
691 2139 850 2198 articulate
870 2150 900 2197 et
918 2138 1068 2200 subtiliter
1089 2139 1221 2215 disserat,

87 2218 158 2297 quid
193 2229 306 2276 rectam
338 2217 383 2276 sit.
433 2217 516 2296 Ergo
547 2214 654 2294 singuli
683 2213 712 2270 in
737 2234 820 2272 suum
847 2215 1035 2275 commodum
1061 2228 1162 2278 acutos
1187 2235 1220 2277 se

90 2294 252 2354 ostendunt
271 2291 424 2383 aequitatis
441 2291 611 2384 magistros:
637 2289 687 2379 qui
697 2288 753 2380 111,
773 2301 806 2349 ut
826 2311 888 2381 non
908 2291 1009 2382 eadem
1029 2292 1221 2372 inpromptu

87 2381 225 2431 occurrat
236 2371 379 2450 cognitio,
398 2366 450 2426 ubr
468 2368 564 2428 aliena
575 2365 621 2426 vel
640 2365 760 2440 utilitas,
778 2365 825 2426 vel
844 2375 955 2428 iactura
974 2388 1004 2425 ua
1019 2369 1222 2444 quaestionem

10 2457 12 2490 f
86 2447 185 2520 venit,
204 2445 260 2536 nisi
279 2447 346 2524 quia
367 2439 584 2508 nobistantum
603 2461 706 2520 sapere
725 2440 874 2514 volumus,
892 2461 983 2501 nemo
1002 2452 1099 2500 auteur
1119 2444 1222 2522 proxi-

88 2525 143 2582 mis
168 2543 225 2581 surs
252 2519 397 2581 consulit?
434 2516 539 2613 Neque
562 2518 591 2576 id
617 2517 723 2592 modo,
754 2517 805 2576 sed
829 2517 897 2577 mali
921 2535 957 2574 ue
983 2517 1108 2595 dataque
1129 2538 1222 2599 opera
1245 2519 1250 2538 '

76 2599 280 2674 connivemus
299 2597 336 2656 ad
355 2595 508 2675 aequitatrs
528 2593 674 2676 regulam,
699 2613 774 2672 quae
794 2593 825 2652 in
846 2537 984 2654 cordibus
1004 2593 1111 2654 nostris
1130 2594 1220 2661 lucet.

90 2678 189 2736 Docet
208 2693 280 2756 ergo
300 2673 445 2746 Christus,
465 2692 551 2754 posse
564 2671 810 2750 unumquemque
829 2669 885 2730 sibi
905 2681 986 2730 recte
1006 2681 1037 2729 et
1055 2664 1132 2732 iuste
1149 2691 1219 2734 enm

73 2753 227 2888 Nproximis
247 2751 361 2812 vivendi
383 2767 445 2811 esse
464 2747 610 2831 regulam,
634 2748 666 2809 si
685 2747 809 2808 vicissim
833 2748 896 2808 aliis
917 2757 1044 2828 praestet
1063 2747 1144 2836 quod
1163 2749 1221 2810 sibi

10 2843 12 2884 1
112 2831 154 2890 eri
180 2827 277 2912 exigit.
322 2830 366 2889 lta
386 2847 475 2888 vanos
496 2846 597 2898 omues
617 2836 780 2905 praetextus
805 2824 931 2896 refellit,
957 2845 1032 2903 quos
1052 2823 1110 2884 sibi
1130 2843 1220 2886 exco-
1253 2859 1259 2866 ·

88 2908 184 2991 gitant
203 2906 336 2966 bomines
348 2905 382 2964 ad
395 2903 552 2986 tegendam
564 2895 610 2962 vel
629 2901 783 2962 locandam
795 2922 876 2962 suam
886 2899 1068 2962 iniustitiam.
1098 2901 1221 2985 Regna-

42 3055 46 3060 ,
88 2997 134 3044 ret
154 2983 233 3043 enim
253 2982 358 3062 procul
376 2982 567 3042 dubiovinter
587 2997 641 3039 nos
665 2979 797 3060 perlecta
817 2979 965 3058 aequitas,
988 2977 1012 3037 si
1036 2977 1163 3052 activae,
1186 2991 1222 3040 nt

90 3062 128 3122 ita
148 3061 265 3139 loquar,
285 3058 414 3118 caritatis
432 3071 491 3118 tam
510 3055 610 3116 fideles
631 3059 757 3116 es'semus
770 3055 915 3134 discipuli,
935 3076 1021 3134 quam
1034 3055 1223 3119 acutisuuaus,

90 3139 217 3216 passivae
231 3135 378 3205 doctores.
416 3135 505 3194 Haeo
522 3136 600 3193 enim
616 3133 726 3196 estlear
744 3145 771 3192 et
784 3129 953 3207 prophetae.
990 3131 1059 3192 Non
1075 3131 1220 3225 iutelligit

91 3213 240 3287 Christus,
255 3233 354 3276 ,unum
380 3210 437 3272 boc
465 3211 618 3272 doctrinae
642 3220 730 3288 caput
741 3209 824 3270 tradi
849 3210 880 3268 in
898 3209 982 3291 Lege
1002 3217 1034 3267 et
1051 3207 1224 3287 Prophetas,

90 3287 229 3371 sed'quic
252 3289 300 3348 uid
321 3288 357 3347 de
381 3287 503 3348 caritate
522 3287 584 3346 illic
624 3285 797 3376 raecipitur,
843 3304 1014 3364 uaecuoque
1039 3295 1155 3346 exstant,
1176 3287 1221 3346 lo*

111 3367 191 3428 eset'
210 3385 244 3423 ex
266 3363 427 3430 ortationes
448 3364 484 3423 de
504 3305 627 3423 colendis
648 3363 771 3436 iustitia,
798 3305 840 3424 ad
950 3429 951 3438 χ
983 3363 987 3370 ’
1179 3439 1180 3447 ¹

90 3379 193 3526 ltaque
211 3461 313 3506 seusus
333 3453 387 3516 est,
406 3439 537 3501 satisfieri
556 3439 702 3500 secundae
719 3437 891 3514 tabul'aqsi
910 3438 1003 3498 modo
1018 3438 1120 3518 quales
1137 3438 1168 3516 in
1187 3459 1220 3498 se

91 3506 213 3602 quisqu'e
233 3518 304 3578 alios
325 3537 388 3578 esse
408 3518 504 3600 cupit,
528 3515 617 3578 talem
637 3535 669 3575 se
688 3515 745 3576 illis
764 3516 889 3576 vicissim
911 3515 1064 3596 praebente
1089 3516 1147 3575 acsi
1175 3515 1221 3572 di-

91 3609 187 3672 ceret,
222 3613 283 3656 nou
303 3593 401 3676 longis
420 3615 453 3655 ac
471 3593 617 3675 perplexis
636 3591 882 3672 disputationibus
902 3613 975 3672 opus
996 3611 1074 3665 esse,
1105 3589 1129 3650 si
1149 3589 1221 3649 haee

89 3673 257 3756 simplicitas
288 3670 419 3746 colatur,
448 3690 505 3732 uec
533 3670 726 3751 praepostero
750 3669 920 3731 sui'amore
943 3667 1063 3730 deleant
1086 3665 1222 3728 homiues
1253 3679 1255 3684 '

92 3750 297 3812 rectitudinem
316 3747 455 3813 cordibus
474 3747 531 3808 suis
551 3743 733 3826 insculptam.
1171 3791 1173 3796 .

164 3833 211 3894 13.
249 3825 371 3886 Imrotte
387 3845 441 3900 per·
458 3823 710 3899 orcmmpovtoua.
750 3821 829 3899 Quia
856 3821 929 3882 nihil
948 3820 1030 3882 carni
1056 3817 1147 3900 magis
1167 3817 1221 3880 ad-

91 3923 205 3964 versum
226 3915 269 3963 est
293 3903 427 3962 doctrina
448 3900 573 3974 Christi,
606 3908 693 3960 nemo
718 3920 847 3978 unquam
874 3900 905 3958 in
932 3918 967 3958 ea
991 3897 1049 3956 rite
1074 3894 1224 3974 proficiet,

10 3983 12 4048 l
93 3982 222 4057 quinon
242 3979 379 4040 didicerit
401 3997 502 4038 sensus
518 3993 593 4038 'suos
619 3989 650 4036 et
674 3975 797 4037 allectus
817 3995 920 4037 omnes
940 3973 1022 4054 quasi
1047 3972 1078 4031 in
1105 3981 1220 4036 aretam

19 4069 27 4082 ’
93 4075 216 4137 cogere,
248 4068 282 4116 ut
311 4074 342 4120 se
364 4053 443 4118 iuter
465 4053 529 4116 illas
552 4053 698 4135 augustias
721 4053 911 4128 contineant,
943 4045 1049 4130 quibus
1073 4046 1222 4115 lasciviam

94 4145 219 4194 nostram
245 4132 364 4195 cohibet
392 4131 528 4192 coelestia
545 4131 694 4212 Magister.
739 4130 890 4206 Quoniam
916 4147 990 4207 ergo
1013 4125 1142 4185 libenter
1162 4124 1222 4188 sibi

94 4203 245 4291 indulgent
263 4209 413 4283 homines,
434 4208 577 4268 exsultant
596 4228 629 4268 ae
650 4207 804 4283 dillluuut,
837 4204 970 4267 Christus
995 4203 1042 4273 bic
1063 4201 1224 4282 discipulos
1326 4261 1329 4270 ,
1390 4263 1391 4270 ,

94 4299 164 4369 suos·
184 4288 340 4362 admonet,
370 4299 403 4347 ut
432 4305 463 4347 se
483 4295 656 4366 comparent
674 4283 755 4346 volut
777 4284 813 4343 ad
833 4280 1000 4345 restrictam
1020 4291 1051 4342 et
1069 4279 1222 4362 spinosum

94 4366 158 4416 ster.
196 4361 345 4443 Quoniam
367 4376 465 4436 autera
481 4361 641 4427 molestum
661 4371 722 4438 est,
746 4359 924 4446 cupiditates
947 4369 1060 4424 nostras
1086 4377 1102 4423 a
1127 4356 1221 4422 libere
1275 4433 1277 4438 ¹

858 3362 1079 3441 bunersoopum
1104 3363 1221 3423 relerrir
1307 3373 1309 3382 ’
