<?xml version="1.0" encoding="UTF-8"?>
<!DOCTYPE html PUBLIC "-//W3C//DTD XHTML 1.0 Transitional//EN"
    "http://www.w3.org/TR/xhtml1/DTD/xhtml1-transitional.dtd">
<html xmlns="http://www.w3.org/1999/xhtml" xml:lang="en" lang="en">
 <head>
  <title>
</title>
<meta http-equiv="Content-Type" content="text/html;charset=utf-8" />
  <meta name='ocr-system' content='tesseract 3.04.00' />
  <meta name='ocr-capabilities' content='ocr_page ocr_carea ocr_par ocr_line ocrx_word'/>
</head>
<body>
  <div class='ocr_page' id='page_1' title='image "./innovumtestamen01tholgoog_0313.png"; bbox 0 0 2786 4742; ppageno 0'>
   <div class='ocr_carea' id='block_1_1' title="bbox 116 222 978 320">
    <p class='ocr_par' dir='ltr' id='par_1_1' title="bbox 116 222 978 320">
     <span class='ocr_line' id='line_1_1' title="bbox 116 222 978 320; baseline 0.007 -34"><span class='ocrx_word' id='word_1_1' title='bbox 116 281 121 286; x_wconf 91' lang='lat'>.</span> <span class='ocrx_word' id='word_1_2' title='bbox 175 235 253 300; x_wconf 73' lang='lat'>232·</span> <span class='ocrx_word' id='word_1_3' title='bbox 316 222 319 238; x_wconf 80' lang='lat'>¹</span> <span class='ocrx_word' id='word_1_4' title='bbox 510 227 663 320; x_wconf 77' lang='lat' dir='ltr'>SECTIO</span> <span class='ocrx_word' id='word_1_5' title='bbox 683 229 753 292; x_wconf 86' lang='lat' dir='ltr'>vn.</span> <span class='ocrx_word' id='word_1_6' title='bbox 791 230 978 292; x_wconf 72' lang='lat' dir='ltr'>limeum.</span> 
     </span>
    </p>
   </div>
   <div class='ocr_carea' id='block_1_2' title="bbox 93 373 1374 4446">
    <p class='ocr_par' dir='ltr' id='par_1_2' title="bbox 175 373 1374 994">
     <span class='ocr_line' id='line_1_2' title="bbox 252 373 1374 455; baseline 0 -20"><span class='ocrx_word' id='word_1_7' title='bbox 252 375 345 436; x_wconf 75' lang='lat' dir='ltr'>Marc</span> <span class='ocrx_word' id='word_1_8' title='bbox 362 379 396 440; x_wconf 75' lang='lat' dir='ltr'>:t</span> <span class='ocrx_word' id='word_1_9' title='bbox 430 373 533 455; x_wconf 72' lang='lat' dir='ltr'>Neque</span> <span class='ocrx_word' id='word_1_10' title='bbox 550 375 659 436; x_wconf 55' lang='lat' dir='ltr'>cereas</span> <span class='ocrx_word' id='word_1_11' title='bbox 672 387 809 453; x_wconf 69' lang='lat' dir='ltr'>puerum</span> <span class='ocrx_word' id='word_1_12' title='bbox 826 395 890 434; x_wconf 77' lang='lat' dir='ltr'>eus·</span> <span class='ocrx_word' id='word_1_13' title='bbox 908 374 1010 450; x_wconf 56' lang='lat' dir='ltr'>hams.</span> <span class='ocrx_word' id='word_1_14' title='bbox 1051 373 1301 440; x_wconf 74' lang='lat' dir='ltr'>Naturalisetea·</span> <span class='ocrx_word' id='word_1_15' title='bbox 1373 387 1374 448; x_wconf 76' lang='lat' dir='ltr'>f</span> 
     </span>
     <span class='ocr_line' id='line_1_3' title="bbox 175 440 1301 533; baseline -0.002 -19"><span class='ocrx_word' id='word_1_16' title='bbox 175 465 258 514; x_wconf 84' lang='lat' dir='ltr'>tenas</span> <span class='ocrx_word' id='word_1_17' title='bbox 277 450 454 532; x_wconf 86' lang='lat' dir='ltr'>abrumpere</span> <span class='ocrx_word' id='word_1_18' title='bbox 478 473 541 514; x_wconf 90' lang='lat' dir='ltr'>non</span> <span class='ocrx_word' id='word_1_19' title='bbox 565 454 676 533; x_wconf 90' lang='lat' dir='ltr'>potuit:</span> <span class='ocrx_word' id='word_1_20' title='bbox 697 451 776 512; x_wconf 89' lang='lat' dir='ltr'>unde</span> <span class='ocrx_word' id='word_1_21' title='bbox 795 440 974 533; x_wconf 76' lang='lat' dir='ltr'><strong>colligimus,</strong></span> <span class='ocrx_word' id='word_1_22' title='bbox 995 451 1237 519; x_wconf 84' lang='lat' dir='ltr'>extraordinarios</span> <span class='ocrx_word' id='word_1_23' title='bbox 1254 453 1301 512; x_wconf 89' lang='lat' dir='ltr'>iu·</span> 
     </span>
     <span class='ocr_line' id='line_1_4' title="bbox 175 527 1301 612; baseline 0 -22"><span class='ocrx_word' id='word_1_24' title='bbox 175 528 294 590; x_wconf 91' lang='lat' dir='ltr'>terdum</span> <span class='ocrx_word' id='word_1_25' title='bbox 317 539 415 589; x_wconf 88' lang='lat' dir='ltr'>motus</span> <span class='ocrx_word' id='word_1_26' title='bbox 442 527 569 590; x_wconf 84' lang='lat' dir='ltr'>Satanae</span> <span class='ocrx_word' id='word_1_27' title='bbox 593 529 743 612; x_wconf 80' lang='lat' dir='ltr'>permitti,</span> <span class='ocrx_word' id='word_1_28' title='bbox 758 549 893 608; x_wconf 50' lang='lat' dir='ltr'>,quorum</span> <span class='ocrx_word' id='word_1_29' title='bbox 913 529 957 589; x_wconf 83' lang='lat' dir='ltr'>vis</span> <span class='ocrx_word' id='word_1_30' title='bbox 982 543 1097 589; x_wconf 86' lang='lat' dir='ltr'>sensum</span> <span class='ocrx_word' id='word_1_31' title='bbox 1122 541 1251 588; x_wconf 91' lang='lat' dir='ltr'>nostrum</span> <span class='ocrx_word' id='word_1_32' title='bbox 1271 543 1301 590; x_wconf 87' lang='lat' dir='ltr'>et</span> 
     </span>
     <span class='ocr_line' id='line_1_5' title="bbox 176 604 1301 688; baseline -0.001 -22"><span class='ocrx_word' id='word_1_33' title='bbox 176 605 312 666; x_wconf 84' lang='lat' dir='ltr'>usitatam</span> <span class='ocrx_word' id='word_1_34' title='bbox 330 604 477 666; x_wconf 80' lang='lat' dir='ltr'>rationem</span> <span class='ocrx_word' id='word_1_35' title='bbox 496 619 624 688; x_wconf 87' lang='lat' dir='ltr'>superet.</span> <span class='ocrx_word' id='word_1_36' title='bbox 661 607 698 665; x_wconf 90' lang='lat' dir='ltr'>In</span> <span class='ocrx_word' id='word_1_37' title='bbox 718 605 896 686; x_wconf 79' lang='lat' dir='ltr'><strong>phreneticis</strong></span> <span class='ocrx_word' id='word_1_38' title='bbox 916 605 1033 684; x_wconf 83' lang='lat' dir='ltr'>quidem</span> <span class='ocrx_word' id='word_1_39' title='bbox 1057 604 1121 685; x_wconf 89' lang='lat' dir='ltr'>plus</span> <span class='ocrx_word' id='word_1_40' title='bbox 1140 605 1234 664; x_wconf 88' lang='lat' dir='ltr'>multo</span> <span class='ocrx_word' id='word_1_41' title='bbox 1251 626 1301 666; x_wconf 87' lang='lat' dir='ltr'>ro·</span> 
     </span>
     <span class='ocr_line' id='line_1_6' title="bbox 176 681 1299 763; baseline 0 -21"><span class='ocrx_word' id='word_1_42' title='bbox 176 681 259 742; x_wconf 89' lang='lat' dir='ltr'>boris</span> <span class='ocrx_word' id='word_1_43' title='bbox 279 700 366 763; x_wconf 88' lang='lat' dir='ltr'>saepe</span> <span class='ocrx_word' id='word_1_44' title='bbox 386 682 533 758; x_wconf 88' lang='lat' dir='ltr'>cernitur,</span> <span class='ocrx_word' id='word_1_45' title='bbox 552 704 640 763; x_wconf 90' lang='lat' dir='ltr'>quam</span> <span class='ocrx_word' id='word_1_46' title='bbox 659 683 684 744; x_wconf 87' lang='lat' dir='ltr'>si</span> <span class='ocrx_word' id='word_1_47' title='bbox 702 681 825 763; x_wconf 78' lang='lat' dir='ltr'>integris</span> <span class='ocrx_word' id='word_1_48' title='bbox 843 682 956 742; x_wconf 81' lang='lat' dir='ltr'>viribus</span> <span class='ocrx_word' id='word_1_49' title='bbox 976 681 1138 762; x_wconf 84' lang='lat' dir='ltr'>pollerent:</span> <span class='ocrx_word' id='word_1_50' title='bbox 1159 701 1214 742; x_wconf 91' lang='lat' dir='ltr'>uec</span> <span class='ocrx_word' id='word_1_51' title='bbox 1232 702 1299 742; x_wconf 82' lang='lat' dir='ltr'>vero</span> 
     </span>
     <span class='ocr_line' id='line_1_7' title="bbox 177 757 1300 839; baseline 0 -21"><span class='ocrx_word' id='word_1_52' title='bbox 177 758 345 839; x_wconf 86' lang='lat' dir='ltr'>negandum</span> <span class='ocrx_word' id='word_1_53' title='bbox 366 770 420 833; x_wconf 87' lang='lat' dir='ltr'>est,</span> <span class='ocrx_word' id='word_1_54' title='bbox 440 759 588 820; x_wconf 91' lang='lat' dir='ltr'>diabolum</span> <span class='ocrx_word' id='word_1_55' title='bbox 608 757 669 820; x_wconf 91' lang='lat' dir='ltr'>illic</span> <span class='ocrx_word' id='word_1_56' title='bbox 690 779 810 839; x_wconf 89' lang='lat' dir='ltr'>quoque</span> <span class='ocrx_word' id='word_1_57' title='bbox 830 778 917 839; x_wconf 85' lang='lat' dir='ltr'>agere</span> <span class='ocrx_word' id='word_1_58' title='bbox 938 780 1001 818; x_wconf 86' lang='lat' dir='ltr'>suas</span> <span class='ocrx_word' id='word_1_59' title='bbox 1044 770 1135 828; x_wconf 91' lang='lat' dir='ltr'>artes,</span> <span class='ocrx_word' id='word_1_60' title='bbox 1155 758 1300 837; x_wconf 89' lang='lat' dir='ltr'>quotiesa</span> 
     </span>
     <span class='ocr_line' id='line_1_8' title="bbox 177 833 1301 916; baseline 0.001 -23"><span class='ocrx_word' id='word_1_61' title='bbox 177 835 247 894; x_wconf 86' lang='lat' dir='ltr'>Deo</span> <span class='ocrx_word' id='word_1_62' title='bbox 267 835 462 915; x_wconf 80' lang='lat' dir='ltr'>permittitur,</span> <span class='ocrx_word' id='word_1_63' title='bbox 481 835 533 896; x_wconf 86' lang='lat' dir='ltr'>sed</span> <span class='ocrx_word' id='word_1_64' title='bbox 552 838 693 916; x_wconf 91' lang='lat' dir='ltr'>impetus,</span> <span class='ocrx_word' id='word_1_65' title='bbox 733 857 800 895; x_wconf 88' lang='lat' dir='ltr'>uem</span> <span class='ocrx_word' id='word_1_66' title='bbox 820 834 990 896; x_wconf 87' lang='lat' dir='ltr'>describunt</span> <span class='ocrx_word' id='word_1_67' title='bbox 1033 833 1226 915; x_wconf 82' lang='lat' dir='ltr'>vangelistae,</span> <span class='ocrx_word' id='word_1_68' title='bbox 1249 835 1301 894; x_wconf 91' lang='lat' dir='ltr'>fuit</span> 
     </span>
     <span class='ocr_line' id='line_1_9' title="bbox 178 910 1374 994; baseline -0.003 -22"><span class='ocrx_word' id='word_1_69' title='bbox 178 910 271 994; x_wconf 87' lang='lat' dir='ltr'>longe</span> <span class='ocrx_word' id='word_1_70' title='bbox 295 913 399 972; x_wconf 90' lang='lat' dir='ltr'>maior.</span> <span class='ocrx_word' id='word_1_71' title='bbox 447 911 547 974; x_wconf 83' lang='lat' dir='ltr'>Triste</span> <span class='ocrx_word' id='word_1_72' title='bbox 577 925 703 974; x_wconf 84' lang='lat' dir='ltr'>sancet</span> <span class='ocrx_word' id='word_1_73' title='bbox 747 912 906 972; x_wconf 89' lang='lat' dir='ltr'>orrendum</span> <span class='ocrx_word' id='word_1_74' title='bbox 930 910 1142 992; x_wconf 76' lang='lat' dir='ltr'>spectaculum,</span> <span class='ocrx_word' id='word_1_75' title='bbox 1170 911 1221 972; x_wconf 91' lang='lat' dir='ltr'>sed</span> <span class='ocrx_word' id='word_1_76' title='bbox 1245 931 1299 990; x_wconf 90' lang='lat' dir='ltr'>quo</span> <span class='ocrx_word' id='word_1_77' title='bbox 1373 915 1374 980; x_wconf 60' lang='grc' dir='ltr'>ᾖ</span> 
     </span>
    </p>

    <p class='ocr_par' dir='ltr' id='par_1_3' title="bbox 93 987 1374 4446">
     <span class='ocr_line' id='line_1_10' title="bbox 93 987 1374 1070; baseline -0.002 -22"><span class='ocrx_word' id='word_1_78' title='bbox 93 1015 102 1042; x_wconf 75' lang='grc' dir='ltr'><em>ι</em></span> <span class='ocrx_word' id='word_1_79' title='bbox 164 1005 352 1064; x_wconf 84' lang='lat' dir='ltr'>¹mouemur,</span> <span class='ocrx_word' id='word_1_80' title='bbox 383 1007 467 1069; x_wconf 88' lang='lat' dir='ltr'>quam</span> <span class='ocrx_word' id='word_1_81' title='bbox 498 991 636 1050; x_wconf 86' lang='lat' dir='ltr'>miserum</span> <span class='ocrx_word' id='word_1_82' title='bbox 668 1001 698 1049; x_wconf 86' lang='lat' dir='ltr'>et</span> <span class='ocrx_word' id='word_1_83' title='bbox 728 988 916 1050; x_wconf 80' lang='lat' dir='ltr'>formidabile</span> <span class='ocrx_word' id='word_1_84' title='bbox 944 988 982 1048; x_wconf 85' lang='lat' dir='ltr'>sit</span> <span class='ocrx_word' id='word_1_85' title='bbox 1007 987 1130 1048; x_wconf 65' lang='lat' dir='ltr'>Satanae</span> <span class='ocrx_word' id='word_1_86' title='bbox 1158 987 1301 1070; x_wconf 77' lang='lat' dir='ltr'>tyrannidi</span> <span class='ocrx_word' id='word_1_87' title='bbox 1373 1023 1374 1030; x_wconf 26' lang='grc' dir='ltr'><strong>κ</strong></span> 
     </span>
     <span class='ocr_line' id='line_1_11' title="bbox 179 1063 1302 1144; baseline -0.004 -17"><span class='ocrx_word' id='word_1_88' title='bbox 179 1063 314 1138; x_wconf 80' lang='lat' dir='ltr'>subesse,</span> <span class='ocrx_word' id='word_1_89' title='bbox 334 1085 390 1126; x_wconf 86' lang='lat' dir='ltr'>uec</span> <span class='ocrx_word' id='word_1_90' title='bbox 409 1065 504 1126; x_wconf 88' lang='lat' dir='ltr'>minus</span> <span class='ocrx_word' id='word_1_91' title='bbox 522 1067 683 1128; x_wconf 88' lang='lat' dir='ltr'>timendam</span> <span class='ocrx_word' id='word_1_92' title='bbox 701 1084 765 1127; x_wconf 87' lang='lat' dir='ltr'>esse</span> <span class='ocrx_word' id='word_1_93' title='bbox 788 1065 901 1125; x_wconf 87' lang='lat' dir='ltr'>animae</span> <span class='ocrx_word' id='word_1_94' title='bbox 920 1063 1112 1141; x_wconf 77' lang='lat' dir='ltr'>vexationem,</span> <span class='ocrx_word' id='word_1_95' title='bbox 1132 1086 1220 1144; x_wconf 87' lang='lat' dir='ltr'>quam</span> <span class='ocrx_word' id='word_1_96' title='bbox 1238 1086 1302 1125; x_wconf 90' lang='lat' dir='ltr'>cor-</span> 
     </span>
     <span class='ocr_line' id='line_1_12' title="bbox 113 1140 1374 1238; baseline 0.003 -36"><span class='ocrx_word' id='word_1_97' title='bbox 113 1193 116 1212; x_wconf 66' lang='lat'>,</span> <span class='ocrx_word' id='word_1_98' title='bbox 179 1140 262 1223; x_wconf 86' lang='lat' dir='ltr'>poris</span> <span class='ocrx_word' id='word_1_99' title='bbox 282 1144 425 1202; x_wconf 85' lang='lat' dir='ltr'>cruciatus</span> <span class='ocrx_word' id='word_1_100' title='bbox 444 1145 627 1238; x_wconf 83' lang='lat' dir='ltr'>quantumvis</span> <span class='ocrx_word' id='word_1_101' title='bbox 648 1143 728 1202; x_wconf 89' lang='lat' dir='ltr'>diros</span> <span class='ocrx_word' id='word_1_102' title='bbox 747 1152 776 1203; x_wconf 89' lang='lat' dir='ltr'>at</span> <span class='ocrx_word' id='word_1_103' title='bbox 798 1161 835 1201; x_wconf 92' lang='lat' dir='ltr'>ue</span> <span class='ocrx_word' id='word_1_104' title='bbox 854 1153 978 1203; x_wconf 75' lang='lat' dir='ltr'>atroces.</span> <span class='ocrx_word' id='word_1_105' title='bbox 1157 1171 1163 1206; x_wconf 77' lang='lat' dir='ltr'>s</span> <span class='ocrx_word' id='word_1_106' title='bbox 1373 1151 1374 1160; x_wconf 52' lang='lat'><em>³</em></span> 
     </span>
     <span class='ocr_line' id='line_1_13' title="bbox 154 1217 1302 1297; baseline -0.008 -12"><span class='ocrx_word' id='word_1_107' title='bbox 154 1263 160 1270; x_wconf 93' lang='lat'>-</span> <span class='ocrx_word' id='word_1_108' title='bbox 257 1223 285 1284; x_wconf 77' lang='lat'>6.</span> <span class='ocrx_word' id='word_1_109' title='bbox 322 1217 471 1278; x_wconf 67' lang='lat' dir='ltr'>Actorum</span> <span class='ocrx_word' id='word_1_110' title='bbox 487 1241 561 1280; x_wconf 82' lang='lat' dir='ltr'>eum.</span> <span class='ocrx_word' id='word_1_111' title='bbox 601 1220 683 1281; x_wconf 82' lang='lat' dir='ltr'>Talis</span> <span class='ocrx_word' id='word_1_112' title='bbox 707 1218 763 1280; x_wconf 86' lang='lat' dir='ltr'>fuit</span> <span class='ocrx_word' id='word_1_113' title='bbox 810 1218 925 1279; x_wconf 89' lang='lat' dir='ltr'>&#39;storiae</span> <span class='ocrx_word' id='word_1_114' title='bbox 948 1217 1052 1279; x_wconf 83' lang='lat' dir='ltr'>series:</span> <span class='ocrx_word' id='word_1_115' title='bbox 1077 1238 1166 1297; x_wconf 92' lang='lat' dir='ltr'>quum</span> <span class='ocrx_word' id='word_1_116' title='bbox 1192 1217 1302 1279; x_wconf 83' lang='lat' dir='ltr'>obviam</span> 
     </span>
     <span class='ocr_line' id='line_1_14' title="bbox 104 1293 1303 1375; baseline -0.001 -21"><span class='ocrx_word' id='word_1_117' title='bbox 104 1351 107 1360; x_wconf 88' lang='grc'><em>,</em></span> <span class='ocrx_word' id='word_1_118' title='bbox 180 1294 348 1375; x_wconf 88' lang='lat' dir='ltr'>prodlssent</span> <span class='ocrx_word' id='word_1_119' title='bbox 368 1295 563 1371; x_wconf 82' lang='lat' dir='ltr'>daemoniaci,</span> <span class='ocrx_word' id='word_1_120' title='bbox 588 1297 672 1358; x_wconf 89' lang='lat' dir='ltr'>iussit</span> <span class='ocrx_word' id='word_1_121' title='bbox 691 1295 839 1372; x_wconf 82' lang='lat' dir='ltr'>Christus,</span> <span class='ocrx_word' id='word_1_122' title='bbox 863 1295 980 1374; x_wconf 86' lang='lat' dir='ltr'>spiritus</span> <span class='ocrx_word' id='word_1_123' title='bbox 1005 1293 1169 1361; x_wconf 81' lang='lat' dir='ltr'>immundos</span> <span class='ocrx_word' id='word_1_124' title='bbox 1188 1293 1224 1354; x_wconf 93' lang='lat' dir='ltr'>ab</span> <span class='ocrx_word' id='word_1_125' title='bbox 1249 1295 1303 1353; x_wconf 87' lang='lat' dir='ltr'>illis</span> 
     </span>
     <span class='ocr_line' id='line_1_15' title="bbox 181 1371 1303 1456; baseline -0.001 -25"><span class='ocrx_word' id='word_1_126' title='bbox 181 1371 298 1454; x_wconf 81' lang='lat' dir='ltr'>egredi,</span> <span class='ocrx_word' id='word_1_127' title='bbox 322 1382 393 1433; x_wconf 87' lang='lat' dir='ltr'>tuuc</span> <span class='ocrx_word' id='word_1_128' title='bbox 412 1395 466 1455; x_wconf 84' lang='lat' dir='ltr'>sup</span> <span class='ocrx_word' id='word_1_129' title='bbox 488 1373 557 1436; x_wconf 90' lang='lat' dir='ltr'>lices</span> <span class='ocrx_word' id='word_1_130' title='bbox 577 1372 727 1456; x_wconf 85' lang='lat' dir='ltr'>deprecati</span> <span class='ocrx_word' id='word_1_131' title='bbox 745 1383 829 1445; x_wconf 89' lang='lat' dir='ltr'>sunt,</span> <span class='ocrx_word' id='word_1_132' title='bbox 854 1392 892 1431; x_wconf 88' lang='lat' dir='ltr'>ne</span> <span class='ocrx_word' id='word_1_133' title='bbox 917 1383 985 1432; x_wconf 89' lang='lat' dir='ltr'>ante</span> <span class='ocrx_word' id='word_1_134' title='bbox 1008 1382 1124 1450; x_wconf 90' lang='lat' dir='ltr'>tempus</span> <span class='ocrx_word' id='word_1_135' title='bbox 1147 1372 1225 1450; x_wconf 91' lang='lat' dir='ltr'>ipsos</span> <span class='ocrx_word' id='word_1_136' title='bbox 1243 1383 1303 1430; x_wconf 90' lang='lat' dir='ltr'>tor-</span> 
     </span>
     <span class='ocr_line' id='line_1_16' title="bbox 181 1394 1303 1531; baseline -0.003 -23"><span class='ocrx_word' id='word_1_137' title='bbox 181 1459 296 1527; x_wconf 86' lang='lat' dir='ltr'>queret.</span> <span class='ocrx_word' id='word_1_138' title='bbox 334 1449 416 1531; x_wconf 88' lang='lat' dir='ltr'>Ergo</span> <span class='ocrx_word' id='word_1_139' title='bbox 441 1394 574 1511; x_wconf 84' lang='lat' dir='ltr'>adbra&#39;tio</span> <span class='ocrx_word' id='word_1_140' title='bbox 599 1471 662 1511; x_wconf 90' lang='lat' dir='ltr'>non</span> <span class='ocrx_word' id='word_1_141' title='bbox 688 1448 846 1530; x_wconf 84' lang='lat' dir='ltr'>praecessit</span> <span class='ocrx_word' id='word_1_142' title='bbox 870 1447 981 1510; x_wconf 80' lang='lat' dir='ltr'>Christi</span> <span class='ocrx_word' id='word_1_143' title='bbox 1008 1449 1113 1523; x_wconf 82' lang='lat' dir='ltr'>verba,</span> <span class='ocrx_word' id='word_1_144' title='bbox 1145 1468 1200 1507; x_wconf 90' lang='lat' dir='ltr'>nec</span> <span class='ocrx_word' id='word_1_145' title='bbox 1227 1447 1303 1528; x_wconf 88' lang='lat' dir='ltr'>prius</span> 
     </span>
     <span class='ocr_line' id='line_1_17' title="bbox 183 1524 1374 1605; baseline 0 -21"><span class='ocrx_word' id='word_1_146' title='bbox 183 1524 339 1605; x_wconf 68' lang='lat' dir='ltr'>conquesti</span> <span class='ocrx_word' id='word_1_147' title='bbox 357 1537 436 1599; x_wconf 89' lang='lat' dir='ltr'>sunt,</span> <span class='ocrx_word' id='word_1_148' title='bbox 455 1527 612 1589; x_wconf 86' lang='lat' dir='ltr'>molestum</span> <span class='ocrx_word' id='word_1_149' title='bbox 632 1527 689 1589; x_wconf 87' lang='lat' dir='ltr'>sibi</span> <span class='ocrx_word' id='word_1_150' title='bbox 709 1547 771 1588; x_wconf 89' lang='lat' dir='ltr'>esse</span> <span class='ocrx_word' id='word_1_151' title='bbox 786 1525 946 1604; x_wconf 78' lang='lat' dir='ltr'>Christum,</span> <span class='ocrx_word' id='word_1_152' title='bbox 967 1545 1053 1604; x_wconf 87' lang='lat' dir='ltr'>quam</span> <span class='ocrx_word' id='word_1_153' title='bbox 1073 1524 1141 1584; x_wconf 92' lang='lat' dir='ltr'>dum</span> <span class='ocrx_word' id='word_1_154' title='bbox 1162 1544 1212 1584; x_wconf 89' lang='lat' dir='ltr'>eos</span> <span class='ocrx_word' id='word_1_155' title='bbox 1232 1524 1303 1583; x_wconf 83' lang='lat' dir='ltr'>exire</span> <span class='ocrx_word' id='word_1_156' title='bbox 1373 1579 1374 1584; x_wconf 73' lang='grc'>,</span> 
     </span>
     <span class='ocr_line' id='line_1_18' title="bbox 182 1600 1303 1683; baseline -0.003 -22"><span class='ocrx_word' id='word_1_157' title='bbox 182 1613 315 1682; x_wconf 88' lang='lat' dir='ltr'>cogeret.</span> <span class='ocrx_word' id='word_1_158' title='bbox 359 1601 519 1663; x_wconf 85' lang='lat' dir='ltr'>Sciendum</span> <span class='ocrx_word' id='word_1_159' title='bbox 538 1624 609 1667; x_wconf 78' lang='lat' dir='ltr'>vero</span> <span class='ocrx_word' id='word_1_160' title='bbox 638 1615 698 1677; x_wconf 90' lang='lat' dir='ltr'>est,</span> <span class='ocrx_word' id='word_1_161' title='bbox 729 1625 791 1663; x_wconf 93' lang='lat' dir='ltr'>uon</span> <span class='ocrx_word' id='word_1_162' title='bbox 819 1615 879 1663; x_wconf 87' lang='lat' dir='ltr'>tam</span> <span class='ocrx_word' id='word_1_163' title='bbox 908 1612 1015 1683; x_wconf 83' lang='lat' dir='ltr'>sponte</span> <span class='ocrx_word' id='word_1_164' title='bbox 1043 1600 1075 1660; x_wconf 89' lang='lat' dir='ltr'>in</span> <span class='ocrx_word' id='word_1_165' title='bbox 1097 1601 1206 1663; x_wconf 86' lang='lat' dir='ltr'>Christi</span> <span class='ocrx_word' id='word_1_166' title='bbox 1235 1621 1303 1662; x_wconf 93' lang='lat' dir='ltr'>con-</span> 
     </span>
     <span class='ocr_line' id='line_1_19' title="bbox 183 1675 1374 1764; baseline -0.003 -26"><span class='ocrx_word' id='word_1_167' title='bbox 183 1687 316 1756; x_wconf 87' lang='lat' dir='ltr'>spectum</span> <span class='ocrx_word' id='word_1_168' title='bbox 334 1679 465 1757; x_wconf 83' lang='lat' dir='ltr'>venisse,</span> <span class='ocrx_word' id='word_1_169' title='bbox 487 1703 572 1764; x_wconf 90' lang='lat' dir='ltr'>quam</span> <span class='ocrx_word' id='word_1_170' title='bbox 594 1701 701 1741; x_wconf 90' lang='lat' dir='ltr'>arcano</span> <span class='ocrx_word' id='word_1_171' title='bbox 722 1678 833 1741; x_wconf 87' lang='lat' dir='ltr'>Christi</span> <span class='ocrx_word' id='word_1_172' title='bbox 857 1675 982 1760; x_wconf 87' lang='lat' dir='ltr'>imperio</span> <span class='ocrx_word' id='word_1_173' title='bbox 1002 1689 1119 1738; x_wconf 86' lang='lat' dir='ltr'>tractos.</span> <span class='ocrx_word' id='word_1_174' title='bbox 1159 1677 1304 1754; x_wconf 84' lang='lat' dir='ltr'>Quemad-</span> <span class='ocrx_word' id='word_1_175' title='bbox 1373 1697 1374 1716; x_wconf 59' lang='lat'>¹</span> 
     </span>
     <span class='ocr_line' id='line_1_20' title="bbox 182 1752 1303 1846; baseline 0 -34"><span class='ocrx_word' id='word_1_176' title='bbox 182 1752 304 1812; x_wconf 90' lang='lat' dir='ltr'>modum</span> <span class='ocrx_word' id='word_1_177' title='bbox 325 1754 402 1814; x_wconf 86' lang='lat' dir='ltr'>enim</span> <span class='ocrx_word' id='word_1_178' title='bbox 428 1758 510 1837; x_wconf 89' lang='lat' dir='ltr'>prius</span> <span class='ocrx_word' id='word_1_179' title='bbox 535 1757 647 1818; x_wconf 90' lang='lat' dir='ltr'>furioso</span> <span class='ocrx_word' id='word_1_180' title='bbox 674 1756 788 1835; x_wconf 89' lang='lat' dir='ltr'>impetn</span> <span class='ocrx_word' id='word_1_181' title='bbox 812 1755 947 1835; x_wconf 87' lang='lat' dir='ltr'>abripere</span> <span class='ocrx_word' id='word_1_182' title='bbox 972 1754 1104 1816; x_wconf 90' lang='lat' dir='ltr'>homines</span> <span class='ocrx_word' id='word_1_183' title='bbox 1123 1755 1154 1814; x_wconf 91' lang='lat' dir='ltr'>iu</span> <span class='ocrx_word' id='word_1_184' title='bbox 1179 1755 1303 1846; x_wconf 89' lang='lat' dir='ltr'>sepulcra</span> 
     </span>
     <span class='ocr_line' id='line_1_21' title="bbox 131 1827 1302 1966; baseline 0.004 -84"><span class='ocrx_word' id='word_1_185' title='bbox 131 1875 134 1882; x_wconf 24' lang='grc' dir='ltr'><strong><em>Δ</em></strong></span> <span class='ocrx_word' id='word_1_186' title='bbox 182 1827 263 1888; x_wconf 83' lang='lat' dir='ltr'>soliti</span> <span class='ocrx_word' id='word_1_187' title='bbox 290 1827 430 1906; x_wconf 80' lang='lat' dir='ltr'>fuerant,</span> <span class='ocrx_word' id='word_1_188' title='bbox 451 1835 594 1966; x_wconf 43' lang='lat' dir='ltr'>iffluunc</span> <span class='ocrx_word' id='word_1_189' title='bbox 620 1833 756 1912; x_wconf 86' lang='lat' dir='ltr'>superior</span> <span class='ocrx_word' id='word_1_190' title='bbox 773 1843 902 1911; x_wconf 89' lang='lat' dir='ltr'>potestas</span> <span class='ocrx_word' id='word_1_191' title='bbox 927 1831 962 1890; x_wconf 93' lang='lat' dir='ltr'>ad</span> <span class='ocrx_word' id='word_1_192' title='bbox 988 1832 1031 1892; x_wconf 92' lang='lat' dir='ltr'>sui</span> <span class='ocrx_word' id='word_1_193' title='bbox 1056 1831 1158 1892; x_wconf 88' lang='lat' dir='ltr'>iudicis</span> <span class='ocrx_word' id='word_1_194' title='bbox 1181 1828 1302 1890; x_wconf 78' lang='lat' dir='ltr'>tribunal</span> 
     </span>
     <span class='ocr_line' id='line_1_22' title="bbox 181 1903 1302 1999; baseline 0 -35"><span class='ocrx_word' id='word_1_195' title='bbox 181 1903 290 1965; x_wconf 84' lang='lat' dir='ltr'>invitos</span> <span class='ocrx_word' id='word_1_196' title='bbox 316 1925 351 1966; x_wconf 90' lang='lat' dir='ltr'>co</span> <span class='ocrx_word' id='word_1_197' title='bbox 375 1906 407 1965; x_wconf 92' lang='lat' dir='ltr'>it.</span> <span class='ocrx_word' id='word_1_198' title='bbox 510 1908 546 1968; x_wconf 91' lang='lat' dir='ltr'>de</span> <span class='ocrx_word' id='word_1_199' title='bbox 577 1907 751 1999; x_wconf 68' lang='lat' dir='ltr'>colligimus,</span> <span class='ocrx_word' id='word_1_200' title='bbox 780 1919 877 1967; x_wconf 90' lang='lat' dir='ltr'>tutum</span> <span class='ocrx_word' id='word_1_201' title='bbox 904 1907 1031 1968; x_wconf 89' lang='lat' dir='ltr'>Satanae</span> <span class='ocrx_word' id='word_1_202' title='bbox 1056 1928 1179 1990; x_wconf 88' lang='lat' dir='ltr'>regnum</span> <span class='ocrx_word' id='word_1_203' title='bbox 1199 1905 1302 1978; x_wconf 82' lang='lat' dir='ltr'>Christi</span> 
     </span>
     <span class='ocr_line' id='line_1_23' title="bbox 181 1925 1301 2064; baseline 0.004 -26"><span class='ocrx_word' id='word_1_204' title='bbox 181 1981 308 2064; x_wconf 86' lang='lat' dir='ltr'>imperio</span> <span class='ocrx_word' id='word_1_205' title='bbox 328 1925 456 2044; x_wconf 73' lang='lat' dir='ltr'>subesse.</span> <span class='ocrx_word' id='word_1_206' title='bbox 494 1983 599 2064; x_wconf 89' lang='lat' dir='ltr'>Neque</span> <span class='ocrx_word' id='word_1_207' title='bbox 620 2002 698 2043; x_wconf 90' lang='lat' dir='ltr'>emm</span> <span class='ocrx_word' id='word_1_208' title='bbox 720 1993 792 2044; x_wconf 89' lang='lat' dir='ltr'>tunc</span> <span class='ocrx_word' id='word_1_209' title='bbox 817 1983 908 2064; x_wconf 89' lang='lat' dir='ltr'>magis</span> <span class='ocrx_word' id='word_1_210' title='bbox 922 1995 1073 2064; x_wconf 88' lang='lat' dir='ltr'>compotes</span> <span class='ocrx_word' id='word_1_211' title='bbox 1093 1987 1137 2044; x_wconf 89' lang='lat' dir='ltr'>sui</span> <span class='ocrx_word' id='word_1_212' title='bbox 1156 1996 1223 2045; x_wconf 90' lang='lat' dir='ltr'>sunt</span> <span class='ocrx_word' id='word_1_213' title='bbox 1240 1985 1301 2046; x_wconf 90' lang='lat' dir='ltr'>dae-</span> 
     </span>
     <span class='ocr_line' id='line_1_24' title="bbox 182 2058 1374 2151; baseline 0.001 -33"><span class='ocrx_word' id='word_1_214' title='bbox 182 2077 298 2133; x_wconf 84' lang='lat' dir='ltr'>mones,</span> <span class='ocrx_word' id='word_1_215' title='bbox 318 2058 387 2120; x_wconf 90' lang='lat' dir='ltr'>dum</span> <span class='ocrx_word' id='word_1_216' title='bbox 404 2059 441 2120; x_wconf 82' lang='lat' dir='ltr'>ad</span> <span class='ocrx_word' id='word_1_217' title='bbox 459 2079 492 2120; x_wconf 89' lang='lat' dir='ltr'>se</span> <span class='ocrx_word' id='word_1_218' title='bbox 513 2081 563 2122; x_wconf 92' lang='lat' dir='ltr'>eos</span> <span class='ocrx_word' id='word_1_219' title='bbox 578 2060 655 2122; x_wconf 87' lang='lat' dir='ltr'>citat</span> <span class='ocrx_word' id='word_1_220' title='bbox 667 2061 811 2133; x_wconf 86' lang='lat' dir='ltr'>Christus,</span> <span class='ocrx_word' id='word_1_221' title='bbox 831 2081 917 2140; x_wconf 89' lang='lat' dir='ltr'>quam</span> <span class='ocrx_word' id='word_1_222' title='bbox 938 2080 1033 2151; x_wconf 88' lang='lat' dir='ltr'>nuper</span> <span class='ocrx_word' id='word_1_223' title='bbox 1051 2061 1149 2122; x_wconf 89' lang='lat' dir='ltr'>miseri</span> <span class='ocrx_word' id='word_1_224' title='bbox 1168 2060 1300 2132; x_wconf 88' lang='lat' dir='ltr'>homines,</span> <span class='ocrx_word' id='word_1_225' title='bbox 1373 2081 1374 2098; x_wconf 61' lang='lat'>¹</span> 
     </span>
     <span class='ocr_line' id='line_1_25' title="bbox 183 2136 1300 2219; baseline 0.002 -26"><span class='ocrx_word' id='word_1_226' title='bbox 183 2137 259 2214; x_wconf 84' lang='lat' dir='ltr'>quo&#39;s</span> <span class='ocrx_word' id='word_1_227' title='bbox 278 2157 329 2196; x_wconf 88' lang='lat' dir='ltr'>sua</span> <span class='ocrx_word' id='word_1_228' title='bbox 354 2138 511 2219; x_wconf 89' lang='lat' dir='ltr'>tyrannide</span> <span class='ocrx_word' id='word_1_229' title='bbox 535 2137 593 2197; x_wconf 93' lang='lat' dir='ltr'>buc</span> <span class='ocrx_word' id='word_1_230' title='bbox 618 2136 687 2198; x_wconf 85' lang='lat' dir='ltr'>illue</span> <span class='ocrx_word' id='word_1_231' title='bbox 706 2138 872 2217; x_wconf 83' lang='lat' dir='ltr'>raptabant.</span> <span class='ocrx_word' id='word_1_232' title='bbox 915 2137 1053 2217; x_wconf 86' lang='lat' dir='ltr'>Demque</span> <span class='ocrx_word' id='word_1_233' title='bbox 1078 2159 1181 2198; x_wconf 89' lang='lat' dir='ltr'>arcana</span> <span class='ocrx_word' id='word_1_234' title='bbox 1202 2137 1300 2198; x_wconf 89' lang='lat' dir='ltr'>Christi</span> 
     </span>
     <span class='ocr_line' id='line_1_26' title="bbox 158 2204 1300 2296; baseline 0.002 -26"><span class='ocrx_word' id='word_1_235' title='bbox 158 2204 317 2296; x_wconf 73' lang='lat' dir='ltr'>&#39;potentia</span> <span class='ocrx_word' id='word_1_236' title='bbox 335 2213 368 2273; x_wconf 93' lang='lat' dir='ltr'>in</span> <span class='ocrx_word' id='word_1_237' title='bbox 387 2214 516 2274; x_wconf 89' lang='lat' dir='ltr'>medium</span> <span class='ocrx_word' id='word_1_238' title='bbox 535 2215 692 2290; x_wconf 87' lang='lat' dir='ltr'>sistuntur,</span> <span class='ocrx_word' id='word_1_239' title='bbox 715 2227 749 2273; x_wconf 89' lang='lat' dir='ltr'>ut</span> <span class='ocrx_word' id='word_1_240' title='bbox 772 2215 828 2275; x_wconf 89' lang='lat' dir='ltr'>illis</span> <span class='ocrx_word' id='word_1_241' title='bbox 853 2213 953 2275; x_wconf 87' lang='lat' dir='ltr'>eiectis</span> <span class='ocrx_word' id='word_1_242' title='bbox 980 2212 1131 2274; x_wconf 90' lang='lat' dir='ltr'>homiuum</span> <span class='ocrx_word' id='word_1_243' title='bbox 1150 2235 1181 2276; x_wconf 90' lang='lat' dir='ltr'>se</span> <span class='ocrx_word' id='word_1_244' title='bbox 1205 2215 1300 2274; x_wconf 89' lang='lat' dir='ltr'>libera-</span> 
     </span>
     <span class='ocr_line' id='line_1_27' title="bbox 183 2289 1301 2364; baseline 0 -16"><span class='ocrx_word' id='word_1_245' title='bbox 183 2299 282 2348; x_wconf 90' lang='lat' dir='ltr'>torem</span> <span class='ocrx_word' id='word_1_246' title='bbox 307 2289 498 2353; x_wconf 80' lang='lat' dir='ltr'>demonstret</span> <span class='ocrx_word' id='word_1_247' title='bbox 549 2290 655 2354; x_wconf 88' lang='lat' dir='ltr'>Coacti</span> <span class='ocrx_word' id='word_1_248' title='bbox 686 2289 773 2352; x_wconf 85' lang='lat' dir='ltr'>etiam</span> <span class='ocrx_word' id='word_1_249' title='bbox 805 2298 873 2350; x_wconf 88' lang='lat' dir='ltr'>eum</span> <span class='ocrx_word' id='word_1_250' title='bbox 903 2292 1042 2364; x_wconf 74' lang='lat' dir='ltr'>adorant,</span> <span class='ocrx_word' id='word_1_251' title='bbox 1074 2302 1105 2350; x_wconf 89' lang='lat' dir='ltr'>et</span> <span class='ocrx_word' id='word_1_252' title='bbox 1127 2303 1301 2352; x_wconf 87' lang='lat' dir='ltr'>contumaces</span> 
     </span>
     <span class='ocr_line' id='line_1_28' title="bbox 183 2367 1374 2448; baseline 0.001 -25"><span class='ocrx_word' id='word_1_253' title='bbox 183 2381 289 2426; x_wconf 85' lang='lat' dir='ltr'>eorum</span> <span class='ocrx_word' id='word_1_254' title='bbox 305 2368 509 2446; x_wconf 91' lang='lat' dir='ltr'>querimoniae</span> <span class='ocrx_word' id='word_1_255' title='bbox 528 2379 618 2430; x_wconf 89' lang='lat' dir='ltr'>testes</span> <span class='ocrx_word' id='word_1_256' title='bbox 638 2379 716 2441; x_wconf 89' lang='lat' dir='ltr'>sunt,</span> <span class='ocrx_word' id='word_1_257' title='bbox 736 2389 822 2448; x_wconf 91' lang='lat' dir='ltr'>quam</span> <span class='ocrx_word' id='word_1_258' title='bbox 841 2388 903 2428; x_wconf 92' lang='lat' dir='ltr'>nou</span> <span class='ocrx_word' id='word_1_259' title='bbox 919 2368 1083 2428; x_wconf 85' lang='lat' dir='ltr'>voluntaria</span> <span class='ocrx_word' id='word_1_260' title='bbox 1102 2367 1193 2429; x_wconf 90' lang='lat' dir='ltr'>fuerit</span> <span class='ocrx_word' id='word_1_261' title='bbox 1209 2387 1299 2430; x_wconf 88' lang='lat' dir='ltr'>eorum</span> <span class='ocrx_word' id='word_1_262' title='bbox 1373 2425 1374 2438; x_wconf 51' lang='grc'>,</span> 
     </span>
     <span class='ocr_line' id='line_1_29' title="bbox 184 2443 1374 2528; baseline 0 -26"><span class='ocrx_word' id='word_1_263' title='bbox 184 2443 345 2521; x_wconf 84' lang='lat' dir='ltr'>confessio,</span> <span class='ocrx_word' id='word_1_264' title='bbox 364 2445 415 2508; x_wconf 82' lang='lat' dir='ltr'>sed</span> <span class='ocrx_word' id='word_1_265' title='bbox 434 2446 463 2506; x_wconf 82' lang='lat' dir='ltr'>vi</span> <span class='ocrx_word' id='word_1_266' title='bbox 484 2458 606 2526; x_wconf 77' lang='lat' dir='ltr'>extorta.</span> <span class='ocrx_word' id='word_1_267' title='bbox 647 2443 728 2528; x_wconf 77' lang='lat' dir='ltr'>Quid</span> <span class='ocrx_word' id='word_1_268' title='bbox 741 2444 793 2504; x_wconf 78' lang='lat' dir='ltr'>tibi</span> <span class='ocrx_word' id='word_1_269' title='bbox 809 2443 973 2508; x_wconf 74' lang='lat' dir='ltr'>nobiscum?</span> <span class='ocrx_word' id='word_1_270' title='bbox 990 2445 1081 2504; x_wconf 84' lang='lat' dir='ltr'>aiunt.</span> <span class='ocrx_word' id='word_1_271' title='bbox 1098 2444 1240 2506; x_wconf 88' lang='lat' dir='ltr'>Libenter</span> <span class='ocrx_word' id='word_1_272' title='bbox 1256 2443 1300 2502; x_wconf 91' lang='lat' dir='ltr'>hac</span> <span class='ocrx_word' id='word_1_273' title='bbox 1373 2453 1374 2512; x_wconf 68' lang='lat'>1</span> 
     </span>
     <span class='ocr_line' id='line_1_30' title="bbox 184 2521 1302 2606; baseline 0 -27"><span class='ocrx_word' id='word_1_274' title='bbox 184 2539 260 2580; x_wconf 83' lang='lat' dir='ltr'>voce</span> <span class='ocrx_word' id='word_1_275' title='bbox 271 2522 376 2602; x_wconf 89' lang='lat' dir='ltr'>procul</span> <span class='ocrx_word' id='word_1_276' title='bbox 397 2543 463 2582; x_wconf 89' lang='lat' dir='ltr'>eum</span> <span class='ocrx_word' id='word_1_277' title='bbox 476 2522 633 2606; x_wconf 87' lang='lat' dir='ltr'>fugarent,</span> <span class='ocrx_word' id='word_1_278' title='bbox 653 2521 705 2582; x_wconf 91' lang='lat' dir='ltr'>sed</span> <span class='ocrx_word' id='word_1_279' title='bbox 718 2522 786 2602; x_wconf 91' lang='lat' dir='ltr'>quia</span> <span class='ocrx_word' id='word_1_280' title='bbox 805 2540 837 2583; x_wconf 89' lang='lat' dir='ltr'>se</span> <span class='ocrx_word' id='word_1_281' title='bbox 857 2522 1032 2582; x_wconf 89' lang='lat' dir='ltr'>constrictos</span> <span class='ocrx_word' id='word_1_282' title='bbox 1044 2523 1142 2582; x_wconf 88' lang='lat' dir='ltr'>teneri</span> <span class='ocrx_word' id='word_1_283' title='bbox 1152 2523 1259 2596; x_wconf 82' lang='lat' dir='ltr'>vident,</span> <span class='ocrx_word' id='word_1_284' title='bbox 1273 2529 1302 2580; x_wconf 89' lang='lat' dir='ltr'>ut</span> 
     </span>
     <span class='ocr_line' id='line_1_31' title="bbox 104 2595 1303 2684; baseline 0.002 -30"><span class='ocrx_word' id='word_1_285' title='bbox 104 2607 108 2614; x_wconf 91' lang='lat'>&#39;</span> <span class='ocrx_word' id='word_1_286' title='bbox 162 2595 293 2668; x_wconf 80' lang='lat' dir='ltr'>,frustra</span> <span class='ocrx_word' id='word_1_287' title='bbox 312 2599 374 2660; x_wconf 89' lang='lat' dir='ltr'>eius</span> <span class='ocrx_word' id='word_1_288' title='bbox 391 2600 548 2679; x_wconf 65' lang='lat' dir='ltr'>‘imperium</span> <span class='ocrx_word' id='word_1_289' title='bbox 569 2601 694 2684; x_wconf 84' lang='lat' dir='ltr'>fhgiaut,</span> <span class='ocrx_word' id='word_1_290' title='bbox 713 2610 887 2678; x_wconf 90' lang='lat' dir='ltr'>queruntur,</span> <span class='ocrx_word' id='word_1_291' title='bbox 906 2618 937 2658; x_wconf 89' lang='lat' dir='ltr'>se</span> <span class='ocrx_word' id='word_1_292' title='bbox 957 2610 1026 2659; x_wconf 90' lang='lat' dir='ltr'>aute</span> <span class='ocrx_word' id='word_1_293' title='bbox 1045 2610 1159 2678; x_wconf 89' lang='lat' dir='ltr'>tempus</span> <span class='ocrx_word' id='word_1_294' title='bbox 1170 2597 1303 2678; x_wconf 87' lang='lat' dir='ltr'>torqueri,</span> 
     </span>
     <span class='ocr_line' id='line_1_32' title="bbox 184 2671 1374 2755; baseline -0.001 -23"><span class='ocrx_word' id='word_1_295' title='bbox 184 2682 216 2732; x_wconf 90' lang='lat' dir='ltr'>et</span> <span class='ocrx_word' id='word_1_296' title='bbox 247 2673 486 2755; x_wconf 85' lang='lat' dir='ltr'>deprecationem</span> <span class='ocrx_word' id='word_1_297' title='bbox 511 2675 595 2736; x_wconf 89' lang='lat' dir='ltr'>simul</span> <span class='ocrx_word' id='word_1_298' title='bbox 620 2675 791 2736; x_wconf 81' lang='lat' dir='ltr'>admiscent.</span> <span class='ocrx_word' id='word_1_299' title='bbox 838 2675 885 2734; x_wconf 88' lang='lat' dir='ltr'>Ita</span> <span class='ocrx_word' id='word_1_300' title='bbox 904 2675 1048 2749; x_wconf 80' lang='lat' dir='ltr'>uidemus,</span> <span class='ocrx_word' id='word_1_301' title='bbox 1079 2675 1211 2740; x_wconf 86' lang='lat' dir='ltr'>diabolos</span> <span class='ocrx_word' id='word_1_302' title='bbox 1240 2671 1304 2734; x_wconf 89' lang='lat' dir='ltr'>nihil</span> <span class='ocrx_word' id='word_1_303' title='bbox 1373 2721 1374 2724; x_wconf 63' lang='lat'>,</span> 
     </span>
     <span class='ocr_line' id='line_1_33' title="bbox 185 2749 1374 2833; baseline -0.001 -22"><span class='ocrx_word' id='word_1_304' title='bbox 185 2768 273 2828; x_wconf 82' lang='lat' dir='ltr'>quam</span> <span class='ocrx_word' id='word_1_305' title='bbox 297 2749 439 2811; x_wconf 82' lang='lat' dir='ltr'>ferociam</span> <span class='ocrx_word' id='word_1_306' title='bbox 468 2751 604 2814; x_wconf 90' lang='lat' dir='ltr'>adversus</span> <span class='ocrx_word' id='word_1_307' title='bbox 622 2752 721 2811; x_wconf 86' lang='lat' dir='ltr'>Deum</span> <span class='ocrx_word' id='word_1_308' title='bbox 740 2752 866 2833; x_wconf 89' lang='lat' dir='ltr'>spirare,</span> <span class='ocrx_word' id='word_1_309' title='bbox 892 2762 1038 2815; x_wconf 88' lang='lat' dir='ltr'>ettamen</span> <span class='ocrx_word' id='word_1_310' title='bbox 1057 2774 1124 2812; x_wconf 91' lang='lat' dir='ltr'>cum</span> <span class='ocrx_word' id='word_1_311' title='bbox 1143 2771 1305 2831; x_wconf 83' lang='lat' dir='ltr'>suasuper·</span> <span class='ocrx_word' id='word_1_312' title='bbox 1373 2779 1374 2782; x_wconf 40' lang='lat'>¹</span> 
     </span>
     <span class='ocr_line' id='line_1_34' title="bbox 152 2815 1374 2958; baseline -0.001 -72"><span class='ocrx_word' id='word_1_313' title='bbox 152 2881 155 2886; x_wconf 92' lang='lat'>.</span> <span class='ocrx_word' id='word_1_314' title='bbox 184 2823 248 2899; x_wconf 90' lang='lat' dir='ltr'>bia,</span> <span class='ocrx_word' id='word_1_315' title='bbox 280 2847 337 2906; x_wconf 87' lang='lat' dir='ltr'>qua</span> <span class='ocrx_word' id='word_1_316' title='bbox 367 2839 417 2890; x_wconf 89' lang='lat' dir='ltr'>tur</span> <span class='ocrx_word' id='word_1_317' title='bbox 439 2840 504 2904; x_wconf 92' lang='lat' dir='ltr'>ent,</span> <span class='ocrx_word' id='word_1_318' title='bbox 535 2829 617 2908; x_wconf 81' lang='lat' dir='ltr'>quasi</span> <span class='ocrx_word' id='word_1_319' title='bbox 647 2828 755 2888; x_wconf 87' lang='lat' dir='ltr'>fractos</span> <span class='ocrx_word' id='word_1_320' title='bbox 788 2828 962 2902; x_wconf 88' lang='lat' dir='ltr'>concidere,</span> <span class='ocrx_word' id='word_1_321' title='bbox 1001 2840 1032 2888; x_wconf 91' lang='lat' dir='ltr'>et</span> <span class='ocrx_word' id='word_1_322' title='bbox 1059 2829 1191 2908; x_wconf 81' lang='lat' dir='ltr'>quidem·</span> <span class='ocrx_word' id='word_1_323' title='bbox 1209 2829 1305 2889; x_wconf 91' lang='lat' dir='ltr'>eodem</span> <span class='ocrx_word' id='word_1_324' title='bbox 1371 2815 1374 2958; x_wconf 55' lang='grc'><strong>4</strong></span> 
     </span>
     <span class='ocr_line' id='line_1_35' title="bbox 183 2903 1306 2986; baseline 0.004 -26"><span class='ocrx_word' id='word_1_325' title='bbox 183 2915 354 2966; x_wconf 88' lang='lat' dir='ltr'>momento:</span> <span class='ocrx_word' id='word_1_326' title='bbox 380 2925 448 2984; x_wconf 86' lang='lat' dir='ltr'>qma</span> <span class='ocrx_word' id='word_1_327' title='bbox 475 2925 577 2966; x_wconf 91' lang='lat' dir='ltr'>eornm</span> <span class='ocrx_word' id='word_1_328' title='bbox 604 2903 713 2965; x_wconf 88' lang='lat' dir='ltr'>malitia</span> <span class='ocrx_word' id='word_1_329' title='bbox 734 2917 765 2964; x_wconf 89' lang='lat' dir='ltr'>et</span> <span class='ocrx_word' id='word_1_330' title='bbox 784 2905 972 2986; x_wconf 88' lang='lat' dir='ltr'>perversitas,</span> <span class='ocrx_word' id='word_1_331' title='bbox 997 2925 1071 2986; x_wconf 89' lang='lat' dir='ltr'>quae</span> <span class='ocrx_word' id='word_1_332' title='bbox 1091 2927 1237 2986; x_wconf 87' lang='lat' dir='ltr'>nunquam</span> <span class='ocrx_word' id='word_1_333' title='bbox 1257 2905 1306 2964; x_wconf 91' lang='lat' dir='ltr'>do·</span> 
     </span>
     <span class='ocr_line' id='line_1_36' title="bbox 183 2979 1308 3074; baseline 0.002 -36"><span class='ocrx_word' id='word_1_334' title='bbox 183 2987 291 3056; x_wconf 85' lang='lat' dir='ltr'>matur,</span> <span class='ocrx_word' id='word_1_335' title='bbox 312 2979 416 3042; x_wconf 88' lang='lat' dir='ltr'>luctari</span> <span class='ocrx_word' id='word_1_336' title='bbox 434 2981 569 3042; x_wconf 88' lang='lat' dir='ltr'>adversus</span> <span class='ocrx_word' id='word_1_337' title='bbox 581 2982 639 3041; x_wconf 90' lang='lat' dir='ltr'>Dei</span> <span class='ocrx_word' id='word_1_338' title='bbox 659 2981 885 3074; x_wconf 87' lang='lat' dir='ltr'>imperiumnon</span> <span class='ocrx_word' id='word_1_339' title='bbox 901 2982 1016 3056; x_wconf 88' lang='lat' dir='ltr'>desinit,</span> <span class='ocrx_word' id='word_1_340' title='bbox 1037 2993 1183 3042; x_wconf 91' lang='lat' dir='ltr'>ettamen</span> <span class='ocrx_word' id='word_1_341' title='bbox 1203 2984 1308 3042; x_wconf 89' lang='lat' dir='ltr'>in&#39;terea</span> 
     </span>
     <span class='ocr_line' id='line_1_37' title="bbox 185 3055 1307 3139; baseline 0.002 -25"><span class='ocrx_word' id='word_1_342' title='bbox 185 3065 289 3116; x_wconf 85' lang='lat' dir='ltr'>coacta</span> <span class='ocrx_word' id='word_1_343' title='bbox 309 3057 395 3118; x_wconf 83' lang='lat' dir='ltr'>cedit</span> <span class='ocrx_word' id='word_1_344' title='bbox 443 3058 535 3133; x_wconf 88' lang='lat' dir='ltr'>Quod</span> <span class='ocrx_word' id='word_1_345' title='bbox 560 3071 658 3118; x_wconf 89' lang='lat' dir='ltr'>autem</span> <span class='ocrx_word' id='word_1_346' title='bbox 682 3055 794 3121; x_wconf 77' lang='lat' dir='ltr'>diaboli</span> <span class='ocrx_word' id='word_1_347' title='bbox 819 3057 1034 3122; x_wconf 78' lang='lat' dir='ltr'>confessionem</span> <span class='ocrx_word' id='word_1_348' title='bbox 1061 3070 1162 3139; x_wconf 84' lang='lat' dir='ltr'>aperte</span> <span class='ocrx_word' id='word_1_349' title='bbox 1186 3081 1247 3120; x_wconf 91' lang='lat' dir='ltr'>non</span> <span class='ocrx_word' id='word_1_350' title='bbox 1266 3077 1307 3116; x_wconf 86' lang='lat' dir='ltr'>re·</span> 
     </span>
     <span class='ocr_line' id='line_1_38' title="bbox 185 3129 1374 3216; baseline 0.002 -26"><span class='ocrx_word' id='word_1_351' title='bbox 185 3129 290 3210; x_wconf 89' lang='lat' dir='ltr'>pudiet</span> <span class='ocrx_word' id='word_1_352' title='bbox 302 3133 445 3212; x_wconf 88' lang='lat' dir='ltr'>Christus,</span> <span class='ocrx_word' id='word_1_353' title='bbox 464 3135 540 3195; x_wconf 92' lang='lat' dir='ltr'>sicut</span> <span class='ocrx_word' id='word_1_354' title='bbox 558 3134 637 3210; x_wconf 90' lang='lat' dir='ltr'>alibi,</span> <span class='ocrx_word' id='word_1_355' title='bbox 657 3134 728 3196; x_wconf 90' lang='lat' dir='ltr'>baec</span> <span class='ocrx_word' id='word_1_356' title='bbox 747 3135 863 3200; x_wconf 90' lang='lat' dir='ltr'>videtur</span> <span class='ocrx_word' id='word_1_357' title='bbox 882 3146 953 3196; x_wconf 58' lang='lat' dir='ltr'>csse*</span> <span class='ocrx_word' id='word_1_358' title='bbox 964 3136 1048 3209; x_wconf 90' lang='lat' dir='ltr'>ratio,</span> <span class='ocrx_word' id='word_1_359' title='bbox 1069 3135 1148 3216; x_wconf 92' lang='lat' dir='ltr'>quod</span> <span class='ocrx_word' id='word_1_360' title='bbox 1168 3135 1307 3196; x_wconf 82' lang='lat' dir='ltr'>dissidium</span> <span class='ocrx_word' id='word_1_361' title='bbox 1373 3181 1374 3184; x_wconf 63' lang='lat'>,</span> 
     </span>
     <span class='ocr_line' id='line_1_39' title="bbox 183 3205 1374 3296; baseline 0.004 -31"><span class='ocrx_word' id='word_1_362' title='bbox 183 3205 308 3268; x_wconf 89' lang='lat' dir='ltr'>minime</span> <span class='ocrx_word' id='word_1_363' title='bbox 329 3209 486 3273; x_wconf 89' lang='lat' dir='ltr'>obscurum</span> <span class='ocrx_word' id='word_1_364' title='bbox 507 3223 586 3286; x_wconf 89' lang='lat' dir='ltr'>erat,</span> <span class='ocrx_word' id='word_1_365' title='bbox 611 3224 644 3271; x_wconf 92' lang='lat' dir='ltr'>ut</span> <span class='ocrx_word' id='word_1_366' title='bbox 672 3211 752 3271; x_wconf 89' lang='lat' dir='ltr'>nulla</span> <span class='ocrx_word' id='word_1_367' title='bbox 777 3209 893 3272; x_wconf 87' lang='lat' dir='ltr'>sinistra</span> <span class='ocrx_word' id='word_1_368' title='bbox 918 3211 1095 3274; x_wconf 89' lang='lat' dir='ltr'>obtrectatio</span> <span class='ocrx_word' id='word_1_369' title='bbox 1121 3211 1242 3272; x_wconf 86' lang='lat' dir='ltr'>haberet</span> <span class='ocrx_word' id='word_1_370' title='bbox 1266 3211 1308 3270; x_wconf 89' lang='lat' dir='ltr'>lo·</span> <span class='ocrx_word' id='word_1_371' title='bbox 1373 3205 1374 3296; x_wconf 61' lang='lat' dir='ltr'>l</span> 
     </span>
     <span class='ocr_line' id='line_1_40' title="bbox 185 3285 1374 3369; baseline 0.003 -27"><span class='ocrx_word' id='word_1_372' title='bbox 185 3302 260 3342; x_wconf 87' lang='lat' dir='ltr'>cum.</span> <span class='ocrx_word' id='word_1_373' title='bbox 311 3285 397 3346; x_wconf 79' lang='lat' dir='ltr'>atde</span> <span class='ocrx_word' id='word_1_374' title='bbox 424 3287 688 3369; x_wconf 86' lang='lat' dir='ltr'>quod&#39;homiuum</span> <span class='ocrx_word' id='word_1_375' title='bbox 720 3289 795 3350; x_wconf 86' lang='lat' dir='ltr'>ratio</span> <span class='ocrx_word' id='word_1_376' title='bbox 821 3304 837 3348; x_wconf 84' lang='lat' dir='ltr'>a</span> <span class='ocrx_word' id='word_1_377' title='bbox 862 3287 982 3350; x_wconf 85' lang='lat' dir='ltr'>Christo</span> <span class='ocrx_word' id='word_1_378' title='bbox 1016 3287 1114 3349; x_wconf 87' lang='lat' dir='ltr'>habita</span> <span class='ocrx_word' id='word_1_379' title='bbox 1143 3287 1213 3350; x_wconf 87' lang='lat' dir='ltr'>fuit:</span> <span class='ocrx_word' id='word_1_380' title='bbox 1244 3288 1307 3347; x_wconf 92' lang='lat' dir='ltr'>hinc</span> <span class='ocrx_word' id='word_1_381' title='bbox 1373 3307 1374 3314; x_wconf 53' lang='lat'>¹</span> 
     </span>
     <span class='ocr_line' id='line_1_41' title="bbox 183 3357 1307 3447; baseline 0.004 -29"><span class='ocrx_word' id='word_1_382' title='bbox 183 3357 295 3420; x_wconf 85' lang='lat' dir='ltr'>factum</span> <span class='ocrx_word' id='word_1_383' title='bbox 321 3374 387 3440; x_wconf 85' lang='lat' dir='ltr'>est,¹</span> <span class='ocrx_word' id='word_1_384' title='bbox 413 3386 502 3444; x_wconf 92' lang='lat' dir='ltr'>quum</span> <span class='ocrx_word' id='word_1_385' title='bbox 522 3365 658 3426; x_wconf 84' lang='lat' dir='ltr'>malevoli</span> <span class='ocrx_word' id='word_1_386' title='bbox 688 3376 717 3424; x_wconf 87' lang='lat' dir='ltr'>et</span> <span class='ocrx_word' id='word_1_387' title='bbox 736 3365 856 3447; x_wconf 85' lang='lat' dir='ltr'>maligni</span> <span class='ocrx_word' id='word_1_388' title='bbox 878 3366 1013 3426; x_wconf 88' lang='lat' dir='ltr'>adessent</span> <span class='ocrx_word' id='word_1_389' title='bbox 1036 3377 1140 3440; x_wconf 89' lang='lat' dir='ltr'>testes,</span> <span class='ocrx_word' id='word_1_390' title='bbox 1168 3377 1202 3424; x_wconf 93' lang='lat' dir='ltr'>ut</span> <span class='ocrx_word' id='word_1_391' title='bbox 1225 3362 1307 3445; x_wconf 88' lang='lat' dir='ltr'>magis</span> 
     </span>
     <span class='ocr_line' id='line_1_42' title="bbox 184 3434 1306 3522; baseline 0.003 -28"><span class='ocrx_word' id='word_1_392' title='bbox 184 3434 317 3501; x_wconf 76' lang='lat' dir='ltr'>intentus</span> <span class='ocrx_word' id='word_1_393' title='bbox 337 3451 412 3500; x_wconf 87' lang='lat' dir='ltr'>esset</span> <span class='ocrx_word' id='word_1_394' title='bbox 431 3443 467 3504; x_wconf 91' lang='lat' dir='ltr'>ad</span> <span class='ocrx_word' id='word_1_395' title='bbox 488 3437 661 3503; x_wconf 87' lang='lat' dir='ltr'>refellendas</span> <span class='ocrx_word' id='word_1_396' title='bbox 680 3440 852 3517; x_wconf 87' lang='lat' dir='ltr'>calumnias,</span> <span class='ocrx_word' id='word_1_397' title='bbox 887 3443 1014 3522; x_wconf 89' lang='lat' dir='ltr'>ideoque</span> <span class='ocrx_word' id='word_1_398' title='bbox 1039 3443 1132 3503; x_wconf 88' lang='lat' dir='ltr'>acrius</span> <span class='ocrx_word' id='word_1_399' title='bbox 1157 3442 1306 3502; x_wconf 87' lang='lat' dir='ltr'>daemones</span> 
     </span>
     <span class='ocr_line' id='line_1_43' title="bbox 184 3517 1374 3601; baseline -0.001 -27"><span class='ocrx_word' id='word_1_400' title='bbox 184 3529 397 3596; x_wconf 85' lang='lat' dir='ltr'>compesceret.</span> <span class='ocrx_word' id='word_1_401' title='bbox 437 3519 591 3593; x_wconf 82' lang='lat' dir='ltr'>Quantum</span> <span class='ocrx_word' id='word_1_402' title='bbox 611 3521 648 3580; x_wconf 88' lang='lat' dir='ltr'>ad</span> <span class='ocrx_word' id='word_1_403' title='bbox 666 3531 851 3601; x_wconf 79' lang='lat' dir='ltr'>praesentem</span> <span class='ocrx_word' id='word_1_404' title='bbox 870 3517 969 3580; x_wconf 91' lang='lat' dir='ltr'>locum</span> <span class='ocrx_word' id='word_1_405' title='bbox 987 3530 1109 3599; x_wconf 88' lang='lat' dir='ltr'>spectat,</span> <span class='ocrx_word' id='word_1_406' title='bbox 1128 3521 1194 3579; x_wconf 89' lang='lat' dir='ltr'>satis</span> <span class='ocrx_word' id='word_1_407' title='bbox 1213 3537 1306 3598; x_wconf 87' lang='lat' dir='ltr'>super·</span> <span class='ocrx_word' id='word_1_408' title='bbox 1368 3575 1374 3584; x_wconf 54' lang='grc'>,,</span> 
     </span>
     <span class='ocr_line' id='line_1_44' title="bbox 184 3593 1374 3676; baseline 0 -26"><span class='ocrx_word' id='word_1_409' title='bbox 184 3611 243 3672; x_wconf 89' lang='lat' dir='ltr'>que</span> <span class='ocrx_word' id='word_1_410' title='bbox 269 3611 332 3653; x_wconf 89' lang='lat' dir='ltr'>esse</span> <span class='ocrx_word' id='word_1_411' title='bbox 359 3593 477 3669; x_wconf 87' lang='lat' dir='ltr'>debuit,</span> <span class='ocrx_word' id='word_1_412' title='bbox 510 3595 591 3676; x_wconf 92' lang='lat' dir='ltr'>quod</span> <span class='ocrx_word' id='word_1_413' title='bbox 614 3596 773 3658; x_wconf 89' lang='lat' dir='ltr'>daemones</span> <span class='ocrx_word' id='word_1_414' title='bbox 803 3594 975 3676; x_wconf 87' lang='lat' dir='ltr'>suppliciter</span> <span class='ocrx_word' id='word_1_415' title='bbox 998 3596 1112 3658; x_wconf 88' lang='lat' dir='ltr'>orando</span> <span class='ocrx_word' id='word_1_416' title='bbox 1137 3596 1307 3657; x_wconf 88' lang='lat' dir='ltr'>tumultuose</span> <span class='ocrx_word' id='word_1_417' title='bbox 1373 3633 1374 3646; x_wconf 40' lang='lat'>1</span> 
     </span>
     <span class='ocr_line' id='line_1_45' title="bbox 185 3671 1220 3749; baseline 0.008 -19"><span class='ocrx_word' id='word_1_418' title='bbox 185 3680 292 3730; x_wconf 84' lang='lat' dir='ltr'>eontra</span> <span class='ocrx_word' id='word_1_419' title='bbox 312 3689 378 3730; x_wconf 89' lang='lat' dir='ltr'>eum</span> <span class='ocrx_word' id='word_1_420' title='bbox 398 3671 572 3732; x_wconf 87' lang='lat' dir='ltr'>fremebant.</span> <span class='ocrx_word' id='word_1_421' title='bbox 641 3723 656 3749; x_wconf 63' lang='lat' dir='ltr'>x</span> <span class='ocrx_word' id='word_1_422' title='bbox 713 3713 717 3718; x_wconf 87' lang='lat'><em>-</em></span> <span class='ocrx_word' id='word_1_423' title='bbox 982 3699 989 3723; x_wconf 70' lang='lat'>³</span> <span class='ocrx_word' id='word_1_424' title='bbox 1213 3729 1220 3738; x_wconf 83' lang='lat'><em>.</em></span> 
     </span>
     <span class='ocr_line' id='line_1_46' title="bbox 177 3746 1305 3828; baseline -0.002 -22"><span class='ocrx_word' id='word_1_425' title='bbox 177 3809 178 3814; x_wconf 58' lang='grc'>,</span> <span class='ocrx_word' id='word_1_426' title='bbox 262 3747 367 3808; x_wconf 87' lang='lat' dir='ltr'>Matth.</span> <span class='ocrx_word' id='word_1_427' title='bbox 386 3753 433 3814; x_wconf 77' lang='lat'>29.</span> <span class='ocrx_word' id='word_1_428' title='bbox 476 3747 665 3811; x_wconf 68' lang='lat' dir='ltr'>Venostes</span> <span class='ocrx_word' id='word_1_429' title='bbox 682 3764 749 3810; x_wconf 76' lang='lat' dir='ltr'>oute</span> <span class='ocrx_word' id='word_1_430' title='bbox 766 3763 885 3826; x_wconf 72' lang='lat' dir='ltr'>temptas.</span> <span class='ocrx_word' id='word_1_431' title='bbox 926 3747 1028 3812; x_wconf 89' lang='lat' dir='ltr'>Genus</span> <span class='ocrx_word' id='word_1_432' title='bbox 1046 3746 1305 3828; x_wconf 85' lang='lat' dir='ltr'>tormentiquidam</span> 
     </span>
     <span class='ocr_line' id='line_1_47' title="bbox 187 3823 1306 3960; baseline 0.003 -79"><span class='ocrx_word' id='word_1_433' title='bbox 187 3836 350 3960; x_wconf 67' lang='lat' dir='ltr'>epponunt,</span> <span class='ocrx_word' id='word_1_434' title='bbox 370 3823 450 3904; x_wconf 93' lang='lat' dir='ltr'>quod</span> <span class='ocrx_word' id='word_1_435' title='bbox 471 3823 632 3904; x_wconf 89' lang='lat' dir='ltr'>bominem,</span> <span class='ocrx_word' id='word_1_436' title='bbox 652 3847 739 3907; x_wconf 91' lang='lat' dir='ltr'>quem</span> <span class='ocrx_word' id='word_1_437' title='bbox 761 3826 960 3919; x_wconf 84' lang='lat' dir='ltr'>occupabant,</span> <span class='ocrx_word' id='word_1_438' title='bbox 980 3837 1125 3909; x_wconf 84' lang='lat' dir='ltr'>cogantur</span> <span class='ocrx_word' id='word_1_439' title='bbox 1143 3825 1264 3886; x_wconf 92' lang='lat' dir='ltr'>liberum</span> <span class='ocrx_word' id='word_1_440' title='bbox 1280 3832 1306 3879; x_wconf 82' lang='lat' dir='ltr'>et</span> 
     </span>
     <span class='ocr_line' id='line_1_48' title="bbox 185 3901 1304 3980; baseline -0.004 -20"><span class='ocrx_word' id='word_1_441' title='bbox 185 3920 219 3960; x_wconf 86' lang='lat' dir='ltr'>so</span> <span class='ocrx_word' id='word_1_442' title='bbox 233 3911 315 3960; x_wconf 89' lang='lat' dir='ltr'>utum</span> <span class='ocrx_word' id='word_1_443' title='bbox 336 3901 492 3962; x_wconf 72' lang='lat' dir='ltr'>dimittere.</span> <span class='ocrx_word' id='word_1_444' title='bbox 532 3903 591 3964; x_wconf 76' lang='lat' dir='ltr'>Atii</span> <span class='ocrx_word' id='word_1_445' title='bbox 610 3905 744 3964; x_wconf 86' lang='lat' dir='ltr'>referunt</span> <span class='ocrx_word' id='word_1_446' title='bbox 763 3905 799 3966; x_wconf 87' lang='lat' dir='ltr'>ad</span> <span class='ocrx_word' id='word_1_447' title='bbox 820 3905 896 3964; x_wconf 75' lang='lat' dir='ltr'>duem</span> <span class='ocrx_word' id='word_1_448' title='bbox 913 3914 1082 3964; x_wconf 48' lang='lat' dir='ltr'>,extremum</span> <span class='ocrx_word' id='word_1_449' title='bbox 1103 3902 1211 3964; x_wconf 74' lang='lat' dir='ltr'>iudicii:</span> <span class='ocrx_word' id='word_1_450' title='bbox 1249 3901 1304 3980; x_wconf 88' lang='lat' dir='ltr'>Ege</span> 
     </span>
     <span class='ocr_line' id='line_1_49' title="bbox 183 3978 1305 4062; baseline -0.004 -25"><span class='ocrx_word' id='word_1_451' title='bbox 183 3996 256 4037; x_wconf 82' lang='lat' dir='ltr'>vero</span> <span class='ocrx_word' id='word_1_452' title='bbox 282 3978 434 4060; x_wconf 72' lang='lat' dir='ltr'>intelligo,</span> <span class='ocrx_word' id='word_1_453' title='bbox 462 3979 565 4040; x_wconf 92' lang='lat' dir='ltr'>iudicis</span> <span class='ocrx_word' id='word_1_454' title='bbox 595 3981 639 4040; x_wconf 89' lang='lat' dir='ltr'>sui</span> <span class='ocrx_word' id='word_1_455' title='bbox 656 3981 831 4062; x_wconf 67' lang='lat' dir='ltr'>&#39;praesentia</span> <span class='ocrx_word' id='word_1_456' title='bbox 862 3980 1063 4060; x_wconf 80' lang='lat' dir='ltr'>expavefactus</span> <span class='ocrx_word' id='word_1_457' title='bbox 1084 3980 1121 4040; x_wconf 92' lang='lat' dir='ltr'>de</span> <span class='ocrx_word' id='word_1_458' title='bbox 1145 3999 1241 4059; x_wconf 87' lang='lat' dir='ltr'>poena</span> <span class='ocrx_word' id='word_1_459' title='bbox 1262 3993 1305 4036; x_wconf 87' lang='lat' dir='ltr'>sna</span> 
     </span>
     <span class='ocr_line' id='line_1_50' title="bbox 172 4053 1374 4140; baseline 0.001 -29"><span class='ocrx_word' id='word_1_460' title='bbox 172 4053 344 4140; x_wconf 64' lang='lat' dir='ltr'>¹cogitasses</span> <span class='ocrx_word' id='word_1_461' title='bbox 369 4056 442 4116; x_wconf 88' lang='lat' dir='ltr'>mala</span> <span class='ocrx_word' id='word_1_462' title='bbox 462 4055 540 4116; x_wconf 89' lang='lat' dir='ltr'>enirn</span> <span class='ocrx_word' id='word_1_463' title='bbox 561 4058 756 4132; x_wconf 87' lang='lat' dir='ltr'>conscientia,</span> <span class='ocrx_word' id='word_1_464' title='bbox 775 4057 845 4136; x_wconf 89' lang='lat' dir='ltr'>quid</span> <span class='ocrx_word' id='word_1_465' title='bbox 866 4057 964 4117; x_wconf 89' lang='lat' dir='ltr'>meriti</span> <span class='ocrx_word' id='word_1_466' title='bbox 984 4069 1094 4129; x_wconf 87' lang='lat' dir='ltr'>essent,</span> <span class='ocrx_word' id='word_1_467' title='bbox 1113 4057 1181 4137; x_wconf 89' lang='lat' dir='ltr'>ipsis</span> <span class='ocrx_word' id='word_1_468' title='bbox 1199 4057 1306 4116; x_wconf 82' lang='lat' dir='ltr'>tacente</span> <span class='ocrx_word' id='word_1_469' title='bbox 1373 4095 1374 4112; x_wconf 42' lang='lat'>1</span> 
     </span>
     <span class='ocr_line' id='line_1_51' title="bbox 187 4124 1306 4208; baseline 0.001 -24"><span class='ocrx_word' id='word_1_470' title='bbox 187 4127 307 4198; x_wconf 86' lang='lat' dir='ltr'>Christo</span> <span class='ocrx_word' id='word_1_471' title='bbox 329 4131 465 4194; x_wconf 86' lang='lat' dir='ltr'>dictabat.</span> <span class='ocrx_word' id='word_1_472' title='bbox 505 4132 762 4207; x_wconf 85' lang='lat' dir='ltr'>Quemadmodum</span> <span class='ocrx_word' id='word_1_473' title='bbox 784 4134 861 4193; x_wconf 91' lang='lat' dir='ltr'>enim</span> <span class='ocrx_word' id='word_1_474' title='bbox 881 4132 1029 4208; x_wconf 88' lang='lat' dir='ltr'>scelerati,</span> <span class='ocrx_word' id='word_1_475' title='bbox 1054 4133 1167 4193; x_wconf 68' lang='lat' dir='ltr'>ubi¹ad</span> <span class='ocrx_word' id='word_1_476' title='bbox 1188 4124 1306 4192; x_wconf 87' lang='lat' dir='ltr'>tribunal</span> 
     </span>
     <span class='ocr_line' id='line_1_52' title="bbox 185 4205 1306 4290; baseline 0 -28"><span class='ocrx_word' id='word_1_477' title='bbox 185 4215 307 4264; x_wconf 81' lang='lat' dir='ltr'>ventum</span> <span class='ocrx_word' id='word_1_478' title='bbox 328 4219 390 4284; x_wconf 87' lang='lat' dir='ltr'>est,</span> <span class='ocrx_word' id='word_1_479' title='bbox 410 4209 586 4290; x_wconf 87' lang='lat' dir='ltr'>supplicium</span> <span class='ocrx_word' id='word_1_480' title='bbox 604 4231 689 4270; x_wconf 88' lang='lat' dir='ltr'>suum</span> <span class='ocrx_word' id='word_1_481' title='bbox 709 4210 895 4289; x_wconf 75' lang='lat' dir='ltr'>concipiunt,</span> <span class='ocrx_word' id='word_1_482' title='bbox 909 4211 961 4269; x_wconf 81' lang='lat' dir='ltr'>ita</span> <span class='ocrx_word' id='word_1_483' title='bbox 981 4229 1100 4270; x_wconf 91' lang='lat' dir='ltr'>necesse</span> <span class='ocrx_word' id='word_1_484' title='bbox 1119 4219 1164 4270; x_wconf 86' lang='lat' dir='ltr'>est</span> <span class='ocrx_word' id='word_1_485' title='bbox 1184 4205 1306 4269; x_wconf 87' lang='lat' dir='ltr'>diabolos</span> 
     </span>
     <span class='ocr_line' id='line_1_53' title="bbox 186 4277 1374 4378; baseline -0.003 -38"><span class='ocrx_word' id='word_1_486' title='bbox 186 4287 219 4368; x_wconf 62' lang='lat' dir='ltr'>ft</span> <span class='ocrx_word' id='word_1_487' title='bbox 236 4277 342 4366; x_wconf 65' lang='lat' dir='ltr'>impios</span> <span class='ocrx_word' id='word_1_488' title='bbox 359 4305 463 4347; x_wconf 88' lang='lat' dir='ltr'>omues</span> <span class='ocrx_word' id='word_1_489' title='bbox 482 4287 518 4348; x_wconf 90' lang='lat' dir='ltr'>ad</span> <span class='ocrx_word' id='word_1_490' title='bbox 530 4287 590 4346; x_wconf 88' lang='lat' dir='ltr'>Dei</span> <span class='ocrx_word' id='word_1_491' title='bbox 602 4298 800 4378; x_wconf 31' lang='lat' dir='ltr'>,conspectum</span> <span class='ocrx_word' id='word_1_492' title='bbox 814 4288 1056 4360; x_wconf 87' lang='lat' dir='ltr'>contremiscere,</span> <span class='ocrx_word' id='word_1_493' title='bbox 1075 4305 1239 4348; x_wconf 84' lang='lat' dir='ltr'>nousecus</span> <span class='ocrx_word' id='word_1_494' title='bbox 1256 4279 1306 4342; x_wconf 89' lang='lat' dir='ltr'>acsi</span> <span class='ocrx_word' id='word_1_495' title='bbox 1373 4349 1374 4364; x_wconf 12' lang='grc' dir='ltr'>ἵ</span> 
     </span>
     <span class='ocr_line' id='line_1_54' title="bbox 115 4354 1374 4446; baseline 0.005 -30"><span class='ocrx_word' id='word_1_496' title='bbox 115 4377 119 4385; x_wconf 94' lang='grc'>·</span> <span class='ocrx_word' id='word_1_497' title='bbox 184 4371 242 4416; x_wconf 84' lang='lat' dir='ltr'>sam</span> <span class='ocrx_word' id='word_1_498' title='bbox 261 4354 384 4436; x_wconf 83' lang='lat' dir='ltr'>roseros,</span> <span class='ocrx_word' id='word_1_499' title='bbox 402 4361 504 4446; x_wconf 84' lang='lat' dir='ltr'>iguem</span> <span class='ocrx_word' id='word_1_500' title='bbox 523 4361 801 4446; x_wconf 76' lang='lat' dir='ltr'>meutingutiten,</span> <span class='ocrx_word' id='word_1_501' title='bbox 819 4374 851 4426; x_wconf 89' lang='lat' dir='ltr'>et</span> <span class='ocrx_word' id='word_1_502' title='bbox 868 4363 984 4430; x_wconf 73' lang='lat' dir='ltr'>tuscos</span> <span class='ocrx_word' id='word_1_503' title='bbox 1002 4361 1146 4428; x_wconf 83' lang='lat' dir='ltr'>cruciatus</span> <span class='ocrx_word' id='word_1_504' title='bbox 1163 4359 1305 4428; x_wconf 81' lang='lat' dir='ltr'>sentirent</span> <span class='ocrx_word' id='word_1_505' title='bbox 1373 4367 1374 4392; x_wconf 66' lang='lat'>¹</span> 
     </span>
    </p>
   </div>
   <div class='ocr_carea' id='block_1_3' title="bbox 0 0 1407 4742">
    <p class='ocr_par' dir='ltr' id='par_1_4' title="bbox 0 0 1407 4742">
     <span class='ocr_line' id='line_1_55' title="bbox 0 0 1407 4742; baseline 0 0"><span class='ocrx_word' id='word_1_506' title='bbox 0 0 1407 4742; x_wconf 95' lang='lat' dir='ltr'> </span> 
     </span>
    </p>
   </div>
  </div>
 </body>
</html>
