2786 4742
1226 35 1230 66 l

421 269 481 347 (97.
500 267 581 330 iesus
601 266 674 328 Deo
688 269 794 352 gratias
814 270 899 354 agit.)
928 292 931 300 ’
1164 259 1238 360 277,

92 408 237 470 mamonis
255 419 418 476 contextus.
470 411 636 474 Confirmat
653 411 730 474 enim
752 412 899 490 Christos,
925 411 1024 495 qued*
1055 413 1116 476 rius
1141 413 1222 491 dixit,

96 485 206 546 Omnia
225 486 282 547 sibi
296 487 407 549 ‚tradita
428 505 490 548 esse
510 510 527 552 a
544 490 651 564 Patre,
669 501 703 548 ut
721 489 843 549 sciamus
862 491 894 548 in
912 433 1129 572 ipso-hahitare
1147 491 1222 552 Dei·

92 563 160 626 satis
179 561 407 642 plenitudinem„
448 566 517 625 Huc
535 587 646 628 summa
665 565 758 639 redit,
787 564 881 626 Patris
900 565 1011 626 donum
1031 589 1108 645 esse,
1138 567 1220 649 quod

94 640 286 732 cognoscitur
305 640 412 712 Filius,
442 641 510 720 qnia
529 641 641 722 Spiritu
670 663 724 702 sun
747 642 836 702 nohis
859 642 964 702 mentis
990 644 1092 705 oculos
1114 646 1221 726 aperit,

94 717 204 854 aurbus
220 736 371 777 cernamus
388 716 497 779 Christi
517 718 652 800 gloriam,
672 739 746 797 quae
765 718 874 798 alioqui
896 717 982 778 nohis
1001 731 1077 780 esset
1095 721 1221 783 abscon·
1311 770 1315 789 ,
1384 749 1387 762 ⁴

60 839 65 847 .
116 793 168 852 ita:
188 792 307 852 Patrem
325 813 407 868 vero,
427 795 479 884 qui
498 795 596 855 lucem'
615 795 725 856 habitat
743 794 935 870 inaccessam,
957 795 987 855 el
1005 795 1086 854 inse
1106 797 1220 858 incom-v

6 915 8 952 ,
92 867 298 948 prehensibilis
312 881 366 945 est,
386 871 488 932 aFrlio
508 871 596 934 nohis
610 871 807 952 manifestam,
828 871 879 951 qui
891 871 955 934 viva
974 880 1019 932 est
1033 870 1093 933 eius
1112 872 1220 956 imago,
1262 869 1290 941 ',

92 956 128 1008 ut
143 944 215 1019 ‘aliti
236 945 342 1006 frustra
362 959 540 1027 quaeratur..
664 991 669 999 ι
735 995 737 1003 .
975 981 977 996 2
1074 979 1083 1004 s

126 1065 129 1072 .
169 1027 217 1087 28.
260 1022 366 1082 Venite
383 1021 425 1082 ud
440 1046 487 1083 me
504 1045 621 1085 «savarres.v
649 1025 712 1085 Iam
738 1023 809 1084 beni
832 1043 870 1083 ne
894 1023 980 1084 adse
1000 1023 1119 1098 invitat,
1146 1046 1220 1117 quos

85 1097 160 1160 ‘sihi
177 1099 302 1161 idoneos
331 1099 397 1160 fore
430 1100 587 1181 discipulos
614 1101 772 1183 agnoscit..
807 1043 949 1177 Cuamvis
979 1101 1057 1160 enirn
1084 1102 1220 1162 omnibus

8 1223 11 1248 ,
90 1173 210 1242 Patrem
235 1175 421 1236 manifestare
444 1191 560 1258 paratus
584 1178 636 1252 sit,
665 1178 745 1240 hona
770 1188 870 1238 tanam
893 1199 959 1256 pars
983 1176 1129 1238 accedere·
1149 1179 1219 1240 ideo

8 1251 10 1262 '
91 1250 226 1333 negligit,
246 1254 312 1332 quia
332 1253 513 1316 necessitatis
531 1274 600 1316 suae
619 1274 706 1316 sensu
724 1275 786 1314 nnn
806 1253 947 1346 tangit-ur.
987 1253 1137 1315 Christum
1157 1273 1221 1314 non

7 1407 8 1410 Ἴ
90 1341 194 1388 curant
219 1327 406 1410 hypocritae,
438 1331 506 1411 quia
531 1329 606 1390 ehrii
635 1331 756 1411 propria
786 1331 898 1392 iustitia
923 1330 1044 1412 gratiam
1070 1330 1133 1392 eius
1158 1349 1220 1390 nnn

6 1411 12 1479 ’,
90 1405 225 1484 esuriunt
244 1426 299 1466 nec
317 1405 445 1472 sitiunt„
480 1406 543 1481 Qui
568 1405 679 1467 mondo
705 1416 775 1468 sunt
796 1407 919 1480 addicti,
950 1406 1108 1468 coelestem
1131 1409 1220 1468 vitam

6 1489 9 1538 f
37 1515 42 1532 ι
90 1500 148 1559 pro
173 1480 268 1543 nihilo
294 1480 412 1542 ducunt.
461 1483 582 1544 Frustra
607 1502 679 1564 ergo
709 1495 850 1563 utrosque
875 1482 941 1544 illos
966 1483 1002 1543 ad
1026 1503 1058 1544 se
1075 1483 1221 1544 rChristus

90 1567 224 1618 nocarets
244 1557 314 1617 ideo
334 1577 366 1620 se
385 1558 422 1620 ad
440 1559 614 1620 miseroset
633 1559 758 1620 afflictos
773 1561 927 1620 convertit.
966 1559 1063 1620 Porro
1083 1558 1220 1621 luhorno·

90 1637 253 1706 tectonas,
274 1625 325 1712 qisi
343 1634 397 1696 suh
418 1648 666 1717 oneregemunt:
693 1657 749 1696 nec
768 1635 945 1715 generaliter
964 1635 1119 1728 quoslihet
1131 1634 1221 1695 intel-

90 1708 159 1789 ligit
172 1711 294 1771 tristitia
314 1723 344 1772 et
363 1713 508 1773 aerumnis
528 1723 701 1793 oppressos,
716 1714 777 1774 'sed
796 1712 847 1791 qui
885 1723 995 1774 eecatrs
1016 1735 1075 1773 sors
1095 1710 1222 1788 confusi,

6 1829 12 1844 ,.
91 1797 123 1846 et
140 1786 201 1846 irae
213 1787 269 1847 Dei
290 1799 371 1849 metu
389 1789 526 1869 perculsi,
543 1801 629 1850 tanto
649 1789 734 1851 oneri
747 1733 954 1852 succumhunt.
985 1790 1081 1850 Variis
1101 1789 1221 1882 quidem

10 1923 13 1936 ‚
89 1863 186 1924 modis
207 1863 317 1926 electos
336 1880 404 1927 suos
424 1865 558 1928 humiliat
575 1865 673 1942 Deus,
697 1866 749 1927 sed
769 1866 837 1946 quia
856 1866 990 1947 plerique
1009 1866 1132 1926 miserias
1152 1886 1221 1948 gra-

6 1961 7 1968 *
88 1939 159 2000 vati.
175 1939 363 2003 nihilominus
391 1953 579 2004 contumaces
608 1956 640 2004 et
667 1943 805 2005 indomiti
836 1954 972 2020 manent,
1003 1941 1167 2003 laborm
1194 1957 1222 2003 ct

12 2089 14 2098 .
89 2029 225 2077 motos
248 2016 391 2102 intelligit
408 2018 554 2096 Christus,
575 2020 748 2101 quixmortis
767 2022 904 2081 aetlernae
924 2031 1008 2080 reatu
1027 2019 1222 2082 conscientias

90 2093 213 2154 afflictas
225 2094 358 2170 habent,
378 2107 408 2155 et
425 2095 467 2156 ita
486 2096 544 2155 suis
564 2096 645 2155 malis
664 2097 741 2156 intus
762 2109 906 2178 urgentur
924 2107 957 2156 ut
977 2095 1127 2156 deficiant:
1152 2117 1221 2158 nam
1308 2103 1311 2108 '

7 2223 8 2230 ,
88 2169 139 2229 iric
171 2169 303 2230 deiectus
330 2191 387 2230 nos
415 2170 451 2230 ad
480 2171 681 2252 recipiendam
711 2171 773 2231 eius
805 2173 926 2254 gratiam
957 2170 1083 2233 idoneos
1114 2171 1220 2232 reddit.

87 2245 219 2310 Perinde
239 2266 309 2306 vero
331 2257 375 2306 est
393 2247 452 2306 acsi
470 2245 609 2322 dixisset,
632 2245 703 2306 ideo
724 2266 805 2306 suam
829 2249 952 2328 gratiam
972 2267 988 2307 a
1007 2247 1113 2307 maiori
1136 2261 1221 2327 parts

7 2345 11 2354 ¹
89 2322 252 2395 contemni,
272 2323 339 2402 quia
358 2321 593 2404 pauci‘inopiam
614 2342 694 2382 suam
713 2323 854 2382 sentiant:
875 2323 1063 2392 intereauon
1076 2343 1150 2396 esse,
1169 2346 1222 2384 cur

89 2399 211 2459 illorum
231 2398 368 2480 superbia
386 2399 434 2460 vel
452 2411 558 2479 stupor
577 2397 697 2474 afflictas
717 2399 826 2460 animas
844 2398 989 2473 retardet,
1005 2419 1096 2479 ,qnae
1116 2398 1152 2459 ad
1171 2419 1221 2460 re-

6 2535 8 2545 ,
38 2519 40 2522 -
88 2475 222 2536 medium
242 2475 399 2556 suspirant..
435 2476 537 2550 Quare
557 2476 682 2536 sinamus
701 2474 871 2536 valescens
891 2495 1004 2550 omnes,
1024 2475 1075 2554 qui
1095 2474 1221 2538 Satanas

88 2553 252 2692 praestigiis
271 2552 401 2613 fascinati
420 2553 466 2613 vel
486 2551 542 2612 sihi
561 2552 753 2632 persuadent,
780 2551 921 2614 iustitiam
951 2570 983 2612 se
1008 2551 1116 2612 hahere
1141 2564 1221 2612 extre

6 2631 13 2681 l
36 2659 39 2663 ·
121 2629 258 2705 hristum,
278 2629 325 2692 vel
343 2651 375 2690 se
395 2630 426 2688 in
445 2630 504 2690 hoc
522 2629 633 2689 mundo
653 2627 755 2689 beatos
775 2649 837 2704 esse
856 2629 912 2690 ima
935 2627 1062 2688 inantur.
1100 2627 1163 2689 Nos
1183 2629 1220 2689 ad

6 2699 15 2776 'i'
90 2707 241 2769 Christum
261 2706 458 2786 appetendum
478 2705 553 2766 mala
572 2717 673 2767 nostra
692 2705 853 2785 impellant.
923 2705 1027 2785 tquia
1058 2724 1121 2765 non
1148 2704 1220 2765 alios

6 2791 7 2794 ’
90 2783 226 2845 Christos
247 2783 422 2844 admittit-in
452 2783 625 2852 fruitionem
644 2783 750 2863 qnietis
778 2803 866 2856 snae,
895 2781 951 2842 nisi
971 2781 1021 2861 qui
1048 2781 1101 2842 suh
1127 2801 1219 2842 onere

12 2859 14 2866 ’
88 2859 245 2934 fatiscunt,
270 2861 428 2939 discamus,
454 2860 566 2921 nullum
587 2879 649 2920 esse
668 2860 759 2944 magis
778 2859 948 2940 pestiferum
967 2877 1113 2920 venenum
1133 2880 1220 2940 quam
1267 2863 1268 2866 ’

6 2969 7 2978 ¹
88 2937 358 3012 socordiamillam,
378 2960 465 3018 quam
484 2939 515 2997 in
535 2937 620 2998 nohis
640 2936 822 3018 generat-vel
840 2947 977 2996 terrenae
995 2934 1153 3014 felicitatis,
1172 2933 1220 2994 vel
1303 2941 1307 2950 “

6 3051 7 3058 κ
88 3013 220 3076 iustitiae
241 3027 270 3074 et
288 3016 402 3078 virtutis
423 3016 494 3075 falsa
515 3026 545 3075 et
564 3015 649 3074 fallax
668 3013 784 3095 opinio:
804 3013 872 3078 ideo
892 3031 924 3072 se
943 3011 1006 3093 quis
1029 3031 1066 3070 ue
1086 3022 1219 3094 nostrurp

88 3089 204 3153 assidue
223 3093 448 3182 expergefaciat,
467 3113 501 3152 ac
519 3091 615 3172 primo
635 3091 665 3150 in
677 3089 864 3152 *excutiendis
880 3087 983 3149 mundi
1003 3031 1113 3148 deliciis
1132 3087 1221 3148 sedu-

6 3170 15 3244 ἲ
88 3167 135 3228 lus
155 3169 203 3241 sit,
223 3167 329 3228 demde
340 3170 422 3229 omni
442 3189 578 3250 perversa
597 3167 753 3242 fiduciase
765 3177 894 3228 evacuet.
920 3165 1078 3228 Caeterum
1090 3163 1219 3244 quamvis

8 3251 15 3310 ⁵:
87 3245 164 3306 haec
185 3243 220 3302 ad
241 3244 439 3324 recipiendam
460 3245 569 3308 Christi
590 3243 711 3325 gratiam
732 3243 916 3336 praeparatio
959 3263 1055 3303 rorsns
1077 3241 1221 3303 exanimat

6 3325 16 3351 '²
87 3319 242 3393 homines,
273 3323 435 3383 notandum
454 3334 552 3381 tamen
575 3332 634 3393 est,
666 3319 791 3400 Spiritus
810 3320 903 3404 sancti
942 3340 1033 3379 onum
1054 3339 1131 3393 esse,
1152 3318 1221 3416 spuis

10 3412 15 3438 ⁵
87 3397 206 3459 initium
231 3398 432 3476 poenitentiae
458 3411 516 3472 est,
545 3397 581 3458 ad
607 3417 694 3476 quam
718 3397 814 3458 nullus
838 3398 961 3477 proprio
985 3407 1079 3456 marte
1105 3403 1220 3477 aspirat.

6 3545 8 3556 .
88 3475 249 3550 Nestane
273 3473 368 3536 voluit
387 3475 536 3550 Christus,
565 3473 740 3554 quidesse
765 3477 858 3554 possit
877 3473 982 3547 homo,
1016 3473 1140 3547 docere,
1168 3469 1220 3530 sed

6 3545 18 3600 l'
88 3561 204 3614 mutum
226 3550 350 3628 qualiter
370 3539 493 3622 affectos
514 3571 577 3618 esse
597 3559 745 3632 oporteat,
766 3549 815 3630 qui
834 3549 870 3610 ad
891 3551 985 3630 ipsum
996 3549 1126 3608 veniunt
1157 3545 1220 3621 Qui

90 3648 168 3688 onus
189 3637 221 3695 et
240 3627 370 3688 lahorem
390 3631 573 3712 restringunt
604 3627 640 3688 asl
670 3625 780 3709 legales
804 3626 1004 3699 ceremonias,
1034 3623 1220 3682 nimis'exte-

6 3711 15 3758 st
89 3715 186 3765 nuant
204 3703 316 3765 Christi
333 3705 518 3766 sententiam.
556 3706 665 3766 fateor
683 3703 812 3785 quidem,
832 3701 1017 3764 intolerabile
1036 3700 1126 3759 fuisse
1145 3719 1220 3758 nnus

6 3796 34 3834 ε’
88 3781 195 3862 Legis,
226 3791 256 3840 et
296 3782 355 3842 uod
385 3781 493 3844 animas
523 3782 678 3844 obrueret:
710 3780 791 3861 atqui
816 3781 959 3840 memoria
988 3775 1149 3838 tenendum
1176 3784 1221 3835 est

91 3857 173 3938 quod
194 3857 259 3932 disi,
296 3858 427 3924 'hristum
449 3858 585 3920 omnibus
606 3857 721 3924 afflictis
741 3879 858 3920 manum
879 3855 1047 3938 porrigere,
1065 3863 1098 3911 ut
1117 3851 1220 3915 discri-

6 3945 18 3990 [ἲ
90 3953 161 3992 men
180 3944 288 3994 statuat
314 3936 392 3996 inter
412 3934 568 4014 discipulos
589 3946 619 3993 et
638 3934 790 4016 Evangelii
801 3944 1038 4013 “contemptores
1080 3929 1220 3990 Notanda

6 4018 18 4080 ss
91 4022 188 4073 autem
209 4023 253 4072 est
272 4012 416 4094 generalis
429 4012 584 4092 particula:
605 4012 673 4072 iden
695 4013 775 4072 eninr
792 4012 854 4071 sine
867 4008 1039 4092 exceptione
1051 4003 1219 4087 complexus

13 4091 17 4130 t
93 4097 138 4145 est
158 4088 305 4162 Christus,
335 4090 503 4168 quicunqne
522 4087 659 4148 laborant
686 4099 716 4147 et
737 4087 851 4150 onerati
870 4097 955 4160 sunt,
987 4103 1024 4144 ne
1045 4083 1108 4163 quis
1133 4103 1220 4163 prava

6 4178 18 4240 ,¹
93 4161 278 4228 dubitatione
296 4165 372 4224 viam
401 4165 458 4228 sihi
488 4165 665 4253 praecludat
714 4166 754 4225 Et
778 4176 876 4226 tameo
898 4181 999 4222 omnes
1025 4159 1068 4226 illi
1094 4178 1218 4226 numero

6 4273 15 4320 p
92 4239 180 4316 pauci
203 4239 285 4314 sunt,
332 4242 379 4302 uia
405 4263 438 4300 ex
463 4241 617 4302 innutnera
638 4241 825 4323 'pereuntium
849 4238 935 4299 turba
959 4239 1043 4320 pauci
1067 4257 1098 4301 se
1122 4236 1220 4318 perire

6 4313 16 4368 't
92 4313 230 4405 septinnt.
267 4263 467 4392 uelocitatis,
487 4339 573 4398 quam
591 4317 748 4398 promittit,
768 4319 798 4378 in
819 4315 943 4398 gratuita
963 4326 1150 4401 peccatorum
1171 4334 1240 4376 re*-

11 4465 13 4471 λ
92 4393 304 4460 monens-siu
324 4407 378 4476 est,
397 4417 472 4479 quas
491 4395 554 4462 sola
573 4416 629 4462 nos
648 4394 830 4477 tranquillat.
849 4445 852 4456 .
