2808 4748
170 241 228 334 ιιι
335 203 561 300 sncr101v.
599 233 675 296 taso
695 246 878 300 aurnuns
897 247 939 296 nr
960 245 1136 294 raurnmo.

173 400 282 446 ornare
300 391 455 442 creaturas.
492 378 592 460 Atque
611 376 683 440 haec
703 378 805 440 eadem
823 377 991 440 observatio
1011 395 1045 438 er
1063 374 1305 440 multiadilhcul-

172 459 281 522 tatibus
299 478 355 520 nos
376 455 518 538 expediet.
556 453 681 544 Scimus,
700 467 826 536 manue
844 456 1046 516 rixaenostro
1070 454 1188 516 saeculo
1215 457 1307 516 exsti-

174 538 266 597 terint
284 535 322 595 de
340 558 395 596 usu
414 545 445 594 et
464 531 592 593 efficacia
609 531 773 614 signorum,
792 553 863 626 quas
882 551 986 592 omues
1006 531 1143 592 dirimere
1164 530 1221 592 hoc
1240 553 1307 592 uno
1331 577 1336 584 .

174 611 268 675 verbo
289 611 373 683 licet,
388 609 485 690 ,quod
515 621 584 680 tota¹
598 608 718 670 Domini
741 609 886 670 institutio
906 621 1058 670 auctorem
1078 609 1173 688 ipsum
1193 619 1224 668 et
1242 608 1307 669 vir-

175 700 269 750 tutem
289 688 415 768 Spiritus
434 706 493 748 una
511 707 577 748 cunr
598 685 690 767 figura
710 698 742 746 et
767 685 899 746 ministro
926 685 1149 765 complectitur:
1174 678 1227 745 ubi
1252 706 1307 746 au·

175 776 236 828 tem
254 787 323 826 cum
341 764 474 825 Domino
494 763 648 824 confertur
666 763 813 839 minister,
837 773 871 822 ut
888 761 942 823 ille
959 763 1058 823 omnia
1076 760 1200 838 habeat,
1224 759 1306 822 hunc

176 841 209 903 in
227 841 350 903 nihilum
369 861 432 902 esse
451 839 653 924 redigendum.
884 857 889 866 ·
1168 911 1171 916 Ι

252 917 356 979 Matth.
364 924 412 982 11:
431 916 770 992 spinumcuutgst
790 914 961 994 Quaeritur,
969 937 1022 976 cur
1031 936 1092 978 non
1103 915 1189 976 etiam
1201 914 1309 976 dixerit

177 993 321 1071 loannes,
345 994 495 1057 Christum
519 991 614 1054 solum
639 1000 717 1067 esse,
743 992 794 1072 qui
824 992 933 1054 animas
947 992 1094 1075 sanguine
1120 1011 1175 1052 suo
1203 991 1308 1052 abluit

176 1074 293 1165 Nempe
313 1072 380 1154 quia
404 1071 467 1151 ipsa
492 1087 612 1150 quoque
634 1067 746 1129 ablutio
767 1069 896 1150 Spiritus
920 1069 1029 1131 virtute
1047 1068 1213 1149 perficitur,
1237 1070 1306 1130 satis

178 1147 281 1210 habunt
308 1148 374 1210 solo
403 1147 524 1208 nomine
547 1147 667 1222 ιρίήιιιι
688 1156 785 1206 totum
810 1145 946 1226 baptismi
971 1146 1112 1207 effectum
1135 1147 1308 1227 exprimere.

179 1225 289 1288 Sensus
314 1224 433 1305 quidem
463 1221 557 1298 clarus
588 1234 649 1299 est,
678 1220 775 1284 solum
799 1223 949 1284 Christum
982 1221 1135 1299 conferre,
1166 1223 1308 1303 quicquid

135 1367 140 1374 ,
178 1303 291 1384 gratiae
310 1313 444 1362 externus
457 1299 626 1391 Baptismus
643 1298 762 1382 figurat,
781 1301 849 1380 quia
868 1301 932 1380 ipse
952 1300 1146 1360 conscientias
1164 1299 1309 1381 sanguine

133 1445 143 1456 ἰ
178 1399 231 1440 suo
252 1378 392 1472 hspergit:
422 1377 485 1457 ipse
503 1376 584 1438 odem
603 1388 734 1436 veterem
752 1376 903 1436 hominem
922 1376 1094 1450 mortificat,
1114 1387 1145 1435 et
1164 1375 1307 1456 Spiritum

177 1453 410 1540 regenerationis
419 1451 546 1513 confert.
586 1451 749 1514 Subiicitur
766 1472 877 1514 nomen
890 1453 967 1529 ἰςηιὶι
976 1453 1040 1514 vice
1052 1451 1310 1533 epithetic-trans-

178 1531 274 1594 fertur
292 1541 389 1592 autem
409 1529 445 1590 ad
466 1529 626 1610 Spiritum,
650 1530 717 1610 quia
737 1530 838 1592 sordes
862 1541 977 1591 nostras
1001 1551 1061 1590 non
1082 1527 1168 1590 aliter
1191 1539 1310 1611 purgat,
1358 1544 1363 1550 ·

201 1629 266 1668 uam
285 1627 388 1668 aurum
406 1607 470 1690 igni
489 1609 672 1687 excoquitur,
690 1607 766 1670 deut
783 1605 854 1690 alibi
872 1606 1074 1690 metaphorice
1090 1616 1214 1668 vocatur
1231 1627 1311 1685 aqum

179 1629 300 1766 iloann.
319 1689 349 1755 3,
368 1685 421 1764 5.).

254 1767 301 1826 12.
324 1756 860 1835 Guiusoeutllobmminmmmip‘rsiue.
880 1759 1018 1820 Proxima
1030 1757 1175 1821 sententia
1186 1758 1310 1820 concio·

181 1846 265 1897 natus
286 1848 331 1898 est
348 1837 476 1900 loannes
496 1837 533 1896 de
553 1836 646 1920 gratia
667 1835 794 1911 Christi,
824 1847 858 1897 ut
880 1856 912 1898 se
936 1837 980 1897 illi
1004 1836 1190 1897 renovandos
1208 1833 1310 1896 Iudaei

157 1965 162 1974 .
179 1912 350 1974 traderent:
370 1935 449 1973 nunc
470 1915 558 1974 etiam
578 1913 615 1973 de
634 1911 743 1973 iudicio
764 1911 894 1992 disserit,
913 1925 948 1974 ut
965 1924 1076 1988 metum
1095 1913 1311 1992 contemptori·

180 1989 236 2050 bus
266 1990 385 2051 iniiciat
436 1991 512 2052 Nam
543 1989 610 2068 quia
640 1989 725 2048 multi
753 2008 870 2069 semper
891 1989 1067 2070 hypocritae
1094 1988 1224 2050 oblatam
1254 1988 1310 2050 sibi

129 2075 135 2086 ⁴
182 2065 295 2128 Christi
347 2067 446 2130 ratium
471 2065 599 2146 superbe
622 2065 795 2145 repudiant,
824 2066 909 2126 simul
929 2066 1102 2140 vindictam,
1133 2064 1241 2146 quael
1263 2085 1310 2128 sos

182 2155 295 2218 manet,
318 2085 374 2206 iltis
400 2142 565 2203 denuntiari
586 2161 711 2214 ‚necesse
731 2153 785 2202 est.
823 2143 887 2204 Hac
912 2143 949 2204 de
969 2164 1055 2206 causa
1074 2143 1201 2204 Ioannes
1270 2143 1315 2220 rig

181 2231 259 2288 stum
284 2221 332 2284 hic
357 2219 499 2281 describit
520 2239 654 2281 severum
678 2218 803 2280 iudicem
827 2220 964 2282 adversus
992 2219 1169 2280 incredulos.
1210 2218 1311 2303 Atque

149 2335 158 2371 ,
181 2295 230 2359 hic
250 2298 377 2360 docendi
396 2297 471 2358 or'do
491 2295 578 2358 nobis
590 2317 709 2378 quoque
727 2297 874 2358 tenendus
894 2309 948 2372 est,
967 2297 1001 2358 nt
1019 2298 1113 2358 sciant
1131 2295 1311 2378 hypocritae,

61 2396 62 2404 ¹
182 2395 245 2436 non
264 2375 384 2457 impune
403 2373 458 2434 sibi
477 2393 637 2450 cessurum,
657 2373 738 2453 quod
751 2370 903 2436 Christum
922 2373 1068 2455 reiiciunt,
1088 2385 1118 2432 et
1137 2395 1153 2433 a
1172 2392 1226 2433 suo
1247 2383 1311 2432 tor-

142 2461 146 2486 ·
181 2471 257 2534 pore
269 2450 467 2546 expergefacti
485 2448 622 2542 ultorem·
632 2462 765 2546 metuere
781 2450 933 2543 incipiant,
944 2452 1031 2542 quem
1047 2447 1151 2510 >salutis
1160 2460 1311 2539 auctorem
1361 2452 1364 2458 '

182 2543 332 2680 titt?
348 2541 427 2686 tlh·
443 2527 562 2666 titt?
571 2525 1312 2686 dltl?¹¹,lllttm‘tntttrllfhdliti

183 2682 337 2766 Evangelii
357 2680 536 2762 praedicatio
555 2680 744 2741 wsm'labnun
762 2692 953 2754 autrannus,
976 2681 1053 2760 quia,
1072 2691 1228 2760 antequam
1277 2697 1311 2738 o-

83 2756 88 2774 *
184 2758 279 2819 minus
299 2779 354 2818 nos
375 2756 517 2832 excutiat,
541 2767 623 2818 totus
647 2757 772 2819 mundus
796 2757 973 2817 confusione
997 2757 1153 2836 implicitus
1173 2766 1233 2830 est,
1258 2753 1312 2816 sibi

185 2834 309 2912 quisque
329 2833 462 2913 privatim
474 2832 590 2893 delicias
600 2833 680 2908 lacit,
700 2844 731 2892 et
750 2830 822 2892 boni
841 2833 924 2893 malis
943 2833 1166 2912 permixtisunt,
1186 2831 1311 2912 denique

184 2909 274 2988 paleis
294 2921 414 2992 turgere
433 2907 551 2972 sufficit.
590 2909 650 2972 Ubi
670 2920 768 2969 autem
781 2907 812 2966 in
826 2908 957 2970 medium
976 2910 1078 3004 prodit
1094 2908 1228 2971 Christus
1248 2929 1312 2970 eum
1343 2943 1346 2952 ·

183 2992 238 3046 suo
258 2985 433 3069 Evangelio,
452 2986 521 3045 dum
541 2985 891 3068 conscientias'coarguit
910 2997 941 3046 et
958 2997 1028 3048 crtat
1048 2987 1084 3046 ad
1096 2987 1155 3046 Dei
1174 2984 1313 3059 tribunal,

185 3060 363 3124 ventilantur
381 3061 498 3145 paleae,
518 3077 593 3142 quae
613 3061 693 3142 prius
716 3081 851 3144 magnam
878 3081 964 3124 areae
982 3075 1096 3145 partem
1120 3061 1312 3143 occupabant.

139 3207 143 3216 ,
187 3137 367 3220 Quanquam
386 3153 485 3200 autem
504 3139 645 3277 singqilsoq
655 3138 788 3200 homines
809 3152 948 3222 repurgat
967 3161 983 3200 a
1003 3140 1093 3220 p‘aleis
1112 3139 1313 3222 Evangelium,

88 3281 98 3302 x
184 3213 313 3276 loannes
332 3228 431 3278 tamen
451 3215 500 3277 hic
519 3237 556 3297 pa
684 3215 949 3298 roboscomparat,
968 3217 1070 3278 fideles
1089 3225 1185 3292 autem
1204 3216 1312 3276 tritico.

185 3290 319 3351 Proinde
337 3313 409 3352 oreo
427 3313 489 3352 non
508 3313 565 3373 pro
584 3313 654 3353 mun
677 3314 696 3353 0
715 3293 858 3374 accipitur
877 3301 922 3371 (ut
932 3294 1104 3375 quibusdam
1124 3293 1246 3374 placet),
1262 3292 1312 3352 sed

208 3387 243 3426 ro
271 3365 418 3442 Ecclesiae
450 3369 614 3430 notandum
644 3370 738 3445 enim,
771 3371 806 3430 ad
837 3391 911 3462 quos
941 3371 1031 3432 verba
1061 3370 1149 3431 faciat
1178 3371 1313 3430 Ioannes.

221 3465 290 3503 uum
314 3445 380 3505 solo
403 3445 492 3506 titulo
517 3446 612 3506 inflati
638 3458 735 3508 essent
759 3447 879 3523 ludaei,
909 3447 1038 3510 Ioannes
1063 3448 1205 3508 admonet
1226 3445 1313 3506 stulte

109 3591 112 3604 ⁸
165 3518 170 3538 ”
187 3539 239 3582 eos
259 3520 430 3602 superbire,
457 3522 538 3602 quod
563 3521 661 3605 locuni
686 3524 723 3584 ad
746 3535 861 3605 tempus
882 3537 1029 3606 occupent
1047 3525 1078 3584 in
1097 3523 1229 3584 Ecclesia
1247 3522 1314 3596 Dei,

188 3597 268 3659 unde
292 3619 360 3658 mor
386 3597 521 3660 eiiciendi
546 3613 614 3662 sunt
639 3622 702 3662 non
726 3620 810 3662 secus
835 3613 922 3681 atque
947 3602 1049 3684 paleae
1075 3621 1110 3661 ex
1133 3620 1210 3660 area.
1248 3599 1314 3659 Hoc

121 3733 123 3740 ,
187 3674 279 3736 modo
302 3687 483 3756 corruptum,
503 3677 553 3757 qui
572 3689 644 3752 tunc
665 3689 737 3751 erat,
749 3678 897 3740 Ecclesiae
917 3690 1029 3739 statum
1042 3677 1225 3761 perstringit,
1246 3675 1311 3756 quia

189 3750 309 3834 glumis,
330 3751 506 3832 quisquiliis,
532 3754 642 3816 et·aliis
661 3754 805 3816 sordibus·
818 3755 927 3816 relerta
947 3768 1039 3832 esset,
1063 3754 1116 3815 sed
1134 3755 1200 3815 vivo
1219 3753 1313 3812 Euan-

189 3827 259 3911 gelii
277 3829 350 3890 llatu
368 3851 437 3890 mox
458 3831 638 3966 purgandam
664 3851 737 3892 esse.
782 3832 842 3892 Sed
863 3833 1015 3912 quomodo
1038 3832 1152 3914 paleam
1176 3851 1193 3890 a
1216 3829 1313 3890 tritico

187 3921 345 3988 segregare
361 3906 470 3972 dicitur
489 3907 515 3968 C
537 3909 639 3985 ristns,
664 3909 715 3989 qui
734 3908 806 3974 nihil
827 3909 858 3969 in
884 3909 1051 3970 hominibus
1069 3909 1202 3988 reperire
1221 3916 1316 3984 potest

190 3981 245 4041 nisi
264 3994 375 4043 meram
394 3983 525 4064 paleam?
562 3984 729 4080 Responsio
751 3985 842 4046 facilis
862 3998 919 4046 est:
945 3987 1057 4047 electos
1075 3984 1198 4044 formari
1216 3986 1245 4044 in
1263 3983 1314 4042 tri·

188 4057 291 4134 ticum,
310 4070 344 4119 nt
363 4080 379 4120 a
398 4059 482 4140 palca
502 4080 582 4120 exem
604 4073 627 4123 tr
646 4062 678 4122 in
698 4059 837 4123 horreum
848 4061 1032 4145 colligantur.
1071 4061 1229 4122 Caeterum
1246 4058 1315 4120 hane

190 4135 397 4216 purgationem
408 4137 557 4199 inchoavit
598 4138 757 4215 hristus,et
776 4139 909 4218 quotidie
949 4141 1056 4222 eragit:
1077 4138 1201 4200 effectus
1219 4148 1315 4199 umen

190 4227 253 4267 non
273 4223 343 4272 ante
361 4212 495 4274 ultimum
515 4213 593 4275 diem
618 4213 706 4298 plane
732 4215 887 4278 constabit
925 4159 1148 4300 ldeoploanncs
1173 4215 1243 4276 illuc
1262 4232 1314 4274 nos
1388 4245 1389 4272 ι

136 4293 144 4312 ·
190 4298 320 4346 revocat.
359 4289 420 4352 Sed
439 4291 675 4367 meminerimus,
698 4291 799 4363 fideles
825 4292 914 4353 hodie
938 4294 995 4354 iam
1020 4309 1106 4375 pers
1130 4311 1176 4352 em
1195 4291 1227 4352 in
1238 4289 1314 4350 hor·
1388 4283 1389 4342 l

190 4360 343 4426 mullei
360 4365 488 4451 ingredi,
507 4377 698 4436 utaeteroam
717 4367 779 4436 illie
796 4367 914 4438 tandem
934 4385 968 4432 te
986 4369 1048 4452 ipsa
1066 4313 1166 4464 oedem
1177 4365 1313 4433 habeautz
