2824 4756
135 69 142 104 l

281 181 283 188 .
350 162 357 182 l
465 222 561 299 ’(27.
581 217 707 282 Ioannes
727 195 915 302 baptizans)¹
1222 227 1262 291 89
1355 249 1357 258 =

136 368 165 436 l'i
186 370 228 436 Et
249 364 563 456 egrediebantur'ad
585 345 658 444 eum
678 373 750 433 tota
764 364 906 432 Iudaeae
927 369 1032 454 regio,
1053 369 1274 450 etHierosov

134 468 286 555 lymitae,
308 479 342 570 ιιι
357 466 739 556 baptizabantur-omnes
760 463 802 532 ab
823 465 886 532 illo·
904 470 938 533 in
959 470 1097 566 iordane
1119 470 1261 553 flumine,

136 570 331 636 confitentes
350 579 482 656 peccata
502 589 571 635 sua.
611 570 642 633 6.
662 568 743 632 Erat
759 567 1165 638 autemloannesve'stitus
1184 572 1261 660 pilis

136 670 266 751 cameli,
287 681 319 736 et
341 666 425 736 zona
446 668 726 756 pellicea'circum
740 665 876 734 'lumbos
897 689 988 748 suos,
1007 669 1260 764 vescebaturque

90 825 93 830 .
135 769 269 840 locustis
288 781 322 840 et
341 769 438 842 melle
459 770 608 838 silvestri.
691 843 694 848 ,
1203 789 1205 801 ’

219 927 319 998 LUC.
347 932 400 998 ill.
442 930 471 997 1.
498 933 596 1023 Anno
625 895 731 1010 autem
758 929 886 996 decimo
914 929 1029 1016 quinto
1053 909 1179 1017 imperii
1206 937 1264 1002 Ti·

135 1027 221 1096 herii
233 1031 394 1111 Caesaris,
414 1033 535 1101 Pontio
547 1035 654 1102 Pilato
664 1029 821 1098 Praeside
832 1029 983 1110 Iudaeae,
1003 1031 1162 1098 tetrarcha
1182 1054 1262 1103 rere

137 1130 306 1199 Galilaeae
328 1130 481 1214 Herode,
501 1135 655 1224 Philippo
678 1142 783 1198 autem
797 1123 905 1222 'fratre
928 1132 998 1196 eius
1019 1133 1181 1223 tetrarcha
1199 1136 1264 1225 ltu
1305 1153 1306 1164 ¹

71 1323 73 1328 Ι
135 1253 231 1298 raeae
248 1243 281 1300 et
294 1234 535 1302 Trachonitidis
551 1236 703 1322 regionis,
725 1229 1079 1332 etLysaniaAhilenes
1100 1231 1267 1317 tetrarcha,
1349 1310 1352 1319 ¹

134 1331 165 1396 2.
186 1332 254 1398 Sub
275 1332 488 1420 pontificibus
508 1330 817 1419 HannaetCaipha
835 1333 954 1399 factum
976 1343 1025 1398 est
1043 1333 1181 1430 terbum
1196 1336 1267 1403 Do

135 1433 215 1498 miiii
234 1455 348 1534 'super
376 1437 547 1515 loannem,
576 1435 750 1500 Zachariae
778 1432 882 1499 filium
907 1438 942 1502 in
973 1433 1114 1533 deserto.
1139 1529 1142 1538 .
1167 1437 1196 1506 3.
1219 1437 1266 1532 Et

134 1535 227 1598 veuit
246 1536 281 1599 in
300 1545 400 1600 totam
420 1539 585 1622 regionem
609 1539 885 1602 circumiacentem
905 1534 1056 1628 Iordani,
1075 1535 1268 1621 praedicans
1342 1584 1346 1596 ·

133 1631 328 1719 baptismum
350 1638 571 1728 poenitentiae
598 1639 881 1702 inremissionem
908 1645 1124 1722 peccatorum.
1165 1638 1269 1706 est-

134 1741 192 1798 cut
211 1727 365 1825 scriptuui‘
393 1744 441 1801 est
455 1740 495 1820 „in
521 1731 970 1830 libro.ser‘monumh.lesaiae
998 1738 1191 1825 prophetae,
1218 1741 1268 1809 di·
1290 1729 1294 1742 ¹

135 1837 251 1914 centis,
260 1837 336 1932 Vox
357 1836 520 1904 clamantis
543 1842 578 1904 in
601 1837 742 1916 deserto,
763 1838 879 1934 Parate
899 1837 984 1902 viam
996 1837 1142 1920 Domini,
1161 1853 1269 1912 rectae

134 1935 233 2002 facite
261 1940 389 2004 semitas
422 1941 504 2006 eius·
555 1939 585 2003 5.
615 1938 731 2004 Omnis
751 1938 846 2003 vallis
871 1935 1072 2026 implebitur,
1103 1951 1137 2008 et
1163 1947 1270 2011 omnis
1310 2008 1315 2017 ,

135 2057 229 2104 mons
248 2048 281 2103 et
299 2038 393 2105 collis
413 2038 643 2120 humiliabitur,
665 2051 698 2105 et
717 2039 800 2106 fient
818 2059 903 2126 quae
915 2037 1051 2126 obliqua
1071 2052 1148 2109 sunt
1166 2054 1269 2124 recta,

119 2135 172 2206 ¹et
198 2161 313 2227 aspera
338 2143 374 2208 in
400 2135 472 2208 vias
497 2137 620 2227 planas.
646 2141 698 2226 ὶ6.
724 2139 917 2218 Etridehit
944 2143 1049 2210 omnis
1075 2143 1268 2214 caro‘Salu-
1300 2135 1303 2140 ’
1363 2219 1365 2225 1

136 2251 207 2306 tare
227 2241 321 2336 Dei„
1017 2241 1021 2247 ”
1172 2263 1175 2268 ·

161 2439 163 2444 ’
214 2421 348 2483 Tametsi
376 2445 444 2504 pars
463 2421 616 2505 Evangelii
648 2431 704 2498 est,
734 2412 815 2502 quod
838 2419 980 2481 hactenus
1006 2439 1041 2480 ex
1063 2421 1213 2486 Matthaeo
1239 2439 1270 2490 et

135 2499 220 2580 Luca
239 2499 406 2574 retulimus,
431 2520 496 2561 non
521 2509 619 2558 tamen
640 2499 691 2559 abs
710 2511 743 2572 r‘e
763 2508 823 2572 est,
845 2496 928 2577 quod
946 2495 1050 2580 Evang
1067 2499 1098 2557 lii
1119 2501 1271 2564 exordium

132 2575 256 2640 Marcus
276 2575 546 2656 iu'praedicatione
565 2575 686 2635 Ioannis
705 2573 852 2652 Baptistae
877 2573 1040 2632 coustituit.
1085 2572 1159 2636 Nam
1184 2577 1273 2640 sicuti

134 2651 406 2744 haheturJoannis
432 2653 547 2733 primo,
571 2664 642 2712 tunc
662 2651 778 2714 demum
804 2650 969 2787 impositus:
985 2659 1029 2711 est
1052 2649 1118 2713 finis
1138 2653 1213 2736 Legi
1239 2667 1271 2716 et

136 2726 312 2809 Prophetis:
343 2730 404 2788 Lex
424 2741 454 2790 et
472 2727 642 2810 Prophetae
667 2748 760 2807 usque
781 2727 816 2786 ad
854 2746 997 2801 oannem,
1029 2747 1063 2786 ex
1081 2749 1119 2789 eo
1144 2749 1270 2813 regnum
1354 2773 1358 2780 ·

135 2805 207 2882 Dei,
226 2816 282 2865 etc.
302 2806 389 2883 (Luc.
401 2811 452 2898 16,
472 2807 535 2882 16.)
572 2805 672 2884 Atque
692 2803 750 2864 huc
768 2805 915 2884 aptissime
935 2803 1067 2882 quadrat,
1078 2804 1158 2885 quod
1179 2809 1271 2868 addu-

138 2882 184 2942 cit
201 2880 359 2942 Malachiae
378 2882 582 2963 testimonium
602 2883 720 2960 (3‚1.).
766 2881 837 2955 Quo
857 2879 948 2962 magis
968 2881 1143 2944 accenderet
1160 2883 1271 2947 Domi·

136 2975 195 3020 nus
214 2959 327 3020 animos
348 2959 383 3018 ad
411 2959 586 3049 desiderium
606 2959 766 3049 promissae
786 2959 902 3033 salutis,
926 2956 1069 3038 populum
1093 2957 1129 3019 ad
1153 2972 1271 3044 tempus

137 3034 223 3095 noris
241 3034 529 3117 vaticiniisprivare¹
547 3047 729 3108 instituerat,
757 3045 788 3094 et
814 3035 920 3096 scimus
940 3033 1111 3108 Malachiam
1135 3037 1270 3098 ultimum
1363 3091 1371 3107 ,

133 3132 176 3172 ex
201 3109 336 3194 legitimis
360 3132 394 3171 ac
421 3113 509 3173 certis
527 3110 686 3192 Prophetis
709 3111 806 3172 luisse.
845 3109 943 3170 Porro
963 3130 1001 3169 ne
1021 3110 1124 3172 Iudaei
1142 3111 1271 3180 famelici

136 3191 252 3250 interea
266 3187 425 3264 deficiant,
452 3208 502 3250 eos
528 3186 665 3249 hortatur
688 3199 723 3246 ut
745 3207 776 3248 se
802 3189 974 3250 contineant
993 3186 1046 3248 suh
1067 3188 1148 3272 Lege
1168 3191 1273 3268 Musis,

107 3293 112 3304 .
138 3265 237 3357 dopec
256 3275 395 3400 appareat
412 3264 552 3344 promissa
570 3264 745 3344 redemptio.
785 3263 883 3324 Solius
903 3273 1001 3322 autern
1018 3263 1107 3346 Legis
1126 3268 1272 3342 meminit,

193 3361 209 3401 a
238 3361 270 3401 ni

99 3457 102 3461 ·
137 3363 254 3478 lqalhltum
278 3415 423 3498 appendix
449 3428 513 3476 erat
542 3428 573 3478 et
594 3416 713 3496 plenior
738 3416 899 3498 expositio,
928 3426 963 3474 ut
979 3428 1043 3478 tota
1063 3419 1278 3499 gubernandae

137 3492 290 3562 Ecclesiae
309 3493 385 3554 ratio
406 3515 423 3554 a
440 3494 522 3575 Lege
541 3493 694 3574 penderet.
738 3492 803 3553 Nec
821 3513 893 3553 vero
918 3513 1027 3554 novum
1047 3507 1159 3557 estant
1178 3497 1277 3557 inire-v
1302 3549 1307 3560 .

140 3590 235 3657 quens
259 3569 291 3629 in
318 3570 487 3650 Scriptura,
517 3566 728 3649 comprehendi
751 3568 805 3628 suh
831 3569 919 3650 Legis
944 3570 1065 3637 nomine
1090 3572 1275 3653 prophetias,

140 3647 210 3727 quia
230 3646 266 3705 ad
291 3665 355 3706 eain
377 3666 479 3706 omnes
504 3655 640 3725 tanquam
661 3645 697 3705 ad
717 3667 800 3706 suum
820 3644 933 3705 sontem
956 3658 986 3705 et
1009 3662 1132 3729 scopum
1158 3648 1272 3726 relere-

140 3725 258 3784 hantur.
308 3723 389 3784 Eran
414 3721 500 3796 elium
520 3742 590 3783 vero
623 3725 686 3782 uoii
716 3733 853 3813 tanquam
884 3721 1011 3784 inferior
1028 3723 1116 3806 Legis
1144 3725 1273 3786 accessio

140 3798 208 3874 luit,
227 3799 279 3860 sed
292 3819 368 3860 nova
380 3742 506 3859 dicendi
526 3797 631 3873 forma,
651 3817 728 3878 quae
746 3817 877 3878 priorem
897 3796 974 3882 illatn
988 3798 1154 3882 abrogaret.
1174 3799 1273 3870 Porro

140 3873 300 3937 Malachiae
320 3875 359 3936 du
380 3876 466 3935 licem
475 3872 624 3936 Ecclesiae
643 3885 748 3934 statum
768 3875 948 3950 discernens,
967 3875 1099 3956 priorem
1118 3877 1275 3950 coustituit

140 3951 196 4013 suh
216 3953 315 4034 Lege,
339 3897 462 4013 allecum
486 3970 503 4011 a
521 3950 740 4030 praedicatione
760 3951 879 4010 Ioannis
898 3951 1028 4015 inchoat.
1066 3951 1173 4031 Neque
1193 3951 1273 4011 enim
1299 3947 1311 3972 ¹

60 4025 70 4040 “
142 4027 265 4089 duhium
285 4039 345 4104 est,
364 4028 435 4108 quin
455 4027 599 4088 Ioannem
618 4027 778 4107 Baptistam
798 4027 859 4088 desi
882 4039 949 4100 net,
975 4048 1065 4106 quum
1085 4027 1171 4104 dicit,
1194 4026 1275 4090 Ecce

143 4125 202 4188 ego
229 4105 314 4164 mitto
340 4105 467 4187 legatum
492 4122 604 4163 meum:
630 4104 697 4183 quia
716 4105 764 4181 (ut
783 4104 838 4164 iam
858 4047 970 4164 lictum
989 4103 1048 4180 est)
1073 4123 1205 4184 expressa
1224 4104 1274 4166 hic

143 4181 266 4264 ponitur
286 4180 434 4242 distinctio
453 4179 531 4241 inter
539 4181 651 4263 Legem
671 4191 701 4241 et
719 4201 828 4240 norum
838 4176 988 4240 Ecclesiae
1008 4179 1196 4244 ordinemne
1216 4193 1274 4262 s‘ta-
1360 4249 1370 4258 ‚

143 4269 218 4336 tum,
237 4257 289 4339 qui
309 4256 512 4338 subrogandus
525 4267 597 4317 erat.
635 4256 676 4317 ln
693 4257 820 4316 eundem
839 4275 957 4317 sensum
976 4254 1065 4348 paulo
1086 4257 1157 4320 antc'
1165 4259 1275 4322 dixerat
1339 4267 1359 4329 ¹,

291 3365 301 3401 ι
343 3339 380 3401 ah
409 3359 443 3402 ea
467 3352 631 3420 separatum
657 3339 786 3400 hahebat
803 3339 1019 3419 Prophetarum
1040 3341 1272 3420 doctrina,-sed
1355 3352 1357 3369 '
1391 3398 1397 3413 ,

145 4334 242 4416 (quod
262 4335 370 4398 citatur
389 4353 405 4398 a
424 4335 540 4424 Marco:
561 4344 629 4397 suut
648 4332 726 4426 enim
745 4333 806 4426 loci
825 4351 946 4414 prorsus
965 4333 1099 4416 similes),
1117 4335 1198 4402 Ecce
1216 4357 1293 4434 ego,
1404 4377 1411 4394 ..
