2824 4756
6 1805 7 1810 ἵ
106 1735 246 1794 cumcisio
267 1734 400 1795 sollenne
420 1759 432 1796 s

551 216 699 314 (sn-an.
717 219 816 304 uaga.)
976 179 981 191 ’
1168 161 1322 304 '05x

110 355 151 418 ad
179 369 366 426 communem
391 356 461 418 fidei
485 370 605 420 nostrae
631 381 731 435 usum,

109 445 199 493 certo
221 433 404 514 agnoverint.
443 434 542 495 Ardor
562 448 658 506 autem
678 383 860 517 gloriicandi
880 441 951 515 Dei,
979 444 1027 522 qui
1052 445 1081 506 in
1102 445 1158 506 illis
1179 447 1244 508 lau-

109 510 213 582 datur,
233 509 320 570 tacita
360 511 479 570 uaedam
500 524 543 572 est
561 512 699 593 pigri-tiae
719 526 837 574 nostrae
856 514 901 574 vel
920 520 1014 594 potius
1027 521 1245 604 ingratitudinis

109 606 146 644 ex
174 586 316 644 rohratio.
381 609 425 646 arn
450 589 605 648 sitantum
631 589 707 669 apud
735 607 786 650 eos
809 590 963 651 valuerunt
987 595 1095 658 Christi
1120 601 1243 664 incuna-

6 725 8 734 ,
107 609 202 736 bula,
228 675 262 721 ut
286 683 318 721 ex
342 663 457 725 stabulo
484 677 513 724 et
536 667 668 746 praesepi
693 665 862 740 inqcoelum
882 689 974 747 usque
1000 679 1243 756 conscenderent,

110 751 228 819 quanto
251 739 396 800 efficacior
414 741 489 820 apud
511 763 565 801 nos
586 763 647 803 esse
669 742 758 802 dehet
778 766 860 823 mors
879 757 908 803 et
928 751 1103 809 resurrectio
1118 752 1241 830 Christi,

6 855 8 860 -
108 828 146 874 ut
168 816 204 874 ad
226 815 319 874 Deum
341 818 514 878 evehamur?
538 821 642 898 Neque
664 820 741 878 enim
762 832 875 880 tanturn
895 819 1024 884 sublatus
1046 837 1089 883 est
1108 827 1242 896 Christus

109 913 127 952 a
149 904 245 965 terra,
266 904 299 950 nt
318 894 415 954 omnia
435 895 564 956 traheret
585 908 651 974 post
670 916 700 956 se
721 897 831 976 ipsum,
856 897 907 956 sed
928 897 963 957 ad
984 897 1129 962 dexteram
1148 903 1242 972 Patria

109 969 208 1041 sedet,
230 978 262 1028 nt
281 968 309 1026 in
330 971 440 1030 mondo
460 973 681 1052 peregrinantes
695 972 853 1033 coelestem
874 974 962 1032 vitam
982 985 1047 1034 toto
1070 979 1158 1037 corde
1178 1003 1242 1042 me.
1264 995 1267 1000 ·

76 1103 79 1108 f
108 1044 246 1107 dit-emur.
290 1045 447 1105 Caeterum
468 1057 564 1107 veram
586 1049 698 1127 pietatis
719 1062 849 1108 naturam
871 1049 1005 1130 designat
1024 1051 1132 1128 Lucas,
1153 1077 1242 1134 quum
1303 1065 1304 1070 ’

107 1121 181 1180 dicit
196 1122 303 1203 Angeli
322 1123 525 1184 testimonium
545 1113 709 1204 pastoribus
728 1125 820 1184 instar
840 1125 959 1208 regulae
982 1127 1078 1203 fnisse,
1098 1131 1133 1188 ad
1155 1153 1242 1208 quam

106 1197 209 1258 omnia
236 1199 395 1280 erigerent.
442 1201 528 1261 Tunc
556 1201 632 1260 enim
657 1202 712 1260 rite
737 1203 888 1262 adiuvatur
912 1202 983 1264 fides
1007 1203 1066 1263 Dei
1092 1208 1242 1286 operibus,

60 1339 62 1342 ,
104 1273 131 1334 si
152 1275 251 1334 omnia
274 1277 307 1334 in
333 1297 456 1354 scopum
480 1277 561 1336 illum
587 1277 703 1360 dirigit,
726 1291 759 1337 ut
778 1279 836 1340 Dei
861 1279 982 1355 veritas,
1003 1301 1077 1360 quae
1096 1284 1128 1356 in
1147 1285 1241 1346 uerbo

105 1354 256 1432 patefacta
277 1362 338 1426 est,
358 1352 460 1412 clar'ins
481 1353 607 1414 illuceat.

72 1429 73 1432 ’
185 1434 232 1491 21.
278 1427 317 1486 Ut
335 1427 584 1488 circumcideretur
603 1451 686 1505 puer.
727 1430 818 1506 Quod
840 1430 876 1490 de
897 1432 1117 1494 circumcisione
1137 1435 1166 1495 in
1188 1456 1242 1520 ge-

58 1557 61 1559 .
104 1523 179 1564 nere
200 1505 361 1564 tenendum
382 1518 436 1581 est,
458 1518 558 1586 petant
573 1506 705 1567 lectores
726 1527 759 1566 ex
772 1507 924 1568 Geneseos
945 1532 1007 1589 cap⁴
1020 1517 1067 1584 tt,
1080 1519 1125 1577 10.
1151 1515 1240 1575 Nunc

108 1601 184 1658 quae
218 1581 330 1643 Christi
360 1601 503 1660 personae
535 1585 734 1654 conveniunt,
772 1583 901 1644 breviter
930 1589 1074 1667 attingere
1105 1589 1241 1650 sufficiet.

104 1656 213 1718 Voluit
231 1657 313 1720 Deus
334 1659 440 1718 Filium
460 1682 542 1720 suum
564 1661 743 1734 circumcidi,
763 1674 796 1721 ut
808 1661 880 1742 Legi
901 1662 1072 1722 subiiceret:
1094 1660 1160 1724 riam
1182 1667 1240 1726 cir-

455 1737 584 1797 mbolum
606 1749 677 1810 erat,
698 1756 757 1817 quo
778 1739 808 1797 in
820 1737 907 1818 Legis
928 1739 1162 1800 observationem
1183 1743 1240 1803 ini·

62 1867 65 1874 ,
104 1809 254 1870 tiabannn
279 1811 388 1872 Iudaei.
434 1757 538 1872 linem
564 1814 692 1874 declarat
716 1815 823 1874 Paulus
851 1818 885 1874 ad
913 1813 1030 1897 Galatas
1054 1839 1115 1896 cap.
1140 1825 1174 1892 4,
1199 1827 1240 1896 t,

106 1908 196 1966 quum
217 1887 296 1960 dicit,
317 1887 422 1948 lactum
444 1911 505 1950 esse
525 1890 578 1950 sub
599 1891 697 1972 Lege,
719 1903 752 1950 ut
772 1894 893 1982 eosqui
913 1891 966 1951 sub
986 1893 1067 1974 Lege
1088 1907 1171 1954 erant
1191 1918 1240 1956 re-

107 1963 413 2044 timeret.·,ttristus
441 1987 513 2060 ergo
538 1982 671 2047 suscepta
697 1969 917 2029 circumcrsrone
948 1989 1063 2028 servum
1087 1971 1174 2054 Legis
1206 1993 1278 2032 se*

106 2042 253 2122 professus
275 2055 328 2117 est,
353 2054 386 2102 ut
412 2043 690 2112 nobrslibertatem
714 2047 886 2124 acquireret.
937 2047 1034 2125 Atque
1061 2046 1117 2106 hoc
1147 2050 1237 2109 modo

106 2136 174 2178 non
197 2130 308 2178 tantum
335 2119 422 2199 Legis
448 2121 570 2182 servitus
596 2121 704 2180 abolita
729 2121 764 2180 ab
790 2123 854 2210 ipse
878 2121 949 2195 luit,
974 2123 1025 2185 sed
1050 2123 1084 2182 ad
1111 2124 1238 2186 solidum

6 2217 7 2236 r
79 2222 86 2230 ³
107 2216 189 2254 suum
211 2216 316 2272 corpus
337 2196 474 2285 applicita
497 2195 552 2255 luit
571 2197 677 2286 umbra
694 2215 894 2269 ceremoniae,
915 2210 948 2256 ut
967 2219 1034 2256 mox
1053 2199 1141 2278 finem
1161 2203 1237 2261 acci-

105 2283 199 2352 peret.
237 2271 299 2329 Etsi
321 2291 396 2330 emm
419 2275 478 2332 eius
499 2272 653 2352 abrogatro
675 2293 708 2331 ex
727 2284 823 2332 morte
839 2271 949 2332 Christi
971 2278 1237 2344 et‘resurrectione

6 2361 8 2410 ζ
105 2348 233 2428 pendet,
258 2345 314 2413 luit
337 2359 434 2405 tamen
466 2347 613 2428 quoddam
641 2349 703 2408 eius
718 2347 933 2482 praeludium,
958 2349 1160 2427 quod'passus
1193 2365 1238 2412 est
1299 2348 1306 2365 Χ

104 2421 272 2484 circumcidi
294 2421 382 2480 Filius
403 2423 468 2482 Dei.
507 2423 622 2480 Nomen
640 2429 700 2482 eires
738 2445 810 2484 esus.
850 2424 989 2482 Testatur
1015 2424 1102 2480 etiam
1125 2425 1170 2485 bic
1191 2426 1237 2485 lo·

105 2520 168 2569 cos,
196 2509 345 2574 receptum
372 2497 457 2557 inisse
478 2499 552 2578 apud
579 2499 705 2558 Iudaeos
729 2519 860 2573 morem,
887 2509 920 2556 ut
944 2499 990 2556 die
1010 2499 1237 2562 circumcisionis

104 2573 227 2638 nomina
253 2572 351 2642 liheris
375 2575 433 2632 suis
459 2575 611 2648 inderent,
643 2575 716 2634 sicut
746 2575 834 2633 hodie
861 2573 891 2652 in
917 2573 1067 2654 Baptismo
1099 2575 1235 2638 solemus.

103 2651 173 2712 Duo
194 2661 290 2708 autem
310 2661 395 2710 notat
408 2651 603 2734 Evdflgelista:
634 2671 705 2726 ‚non
727 2663 849 2726 temere,
870 2671 966 2730 neque
987 2645 1137 2710 hominum
1158 2655 1236 2713 arhi-

102 2730 161 2789 trio
182 2747 291 2786 nomen
313 2727 378 2788 Iesu
401 2727 488 2788 fuisse
507 2729 585 2787 Filio
603 2727 663 2806 ¹Dei
684 2729 721 2787 im
746 2729 870 2802 ositum,
894 2729 944 2786 sed
966 2729 1044 2806 quod
1065 2727 1196 2810 Angelus
1218 2752 1235 2792 e

105 2804 190 2866 coelo
215 2803 363 2863 attulerat:
391 2805 496 2864 deinde
521 2805 630 2884 loseph
658 2817 687 2864 et
713 2751 835 2881 bilariam
861 2805 992 2885 paruisse
1014 2804 1073 2864 Dei
1098 2805 1234 2886 imperio.

104 2883 201 2960 Atque
223 2881 267 2940 bic
289 2892 332 2940 est
351 2881 418 2940 fidei
438 2894 556 2942 nostrae
577 2903 642 2941 cum
656 2882 714 2954 Dei
734 2881 826 2943 verbo
847 2902 1017 2954 consensus,
1036 2892 1075 2939 ut·
1090 2898 1126 2941 eo
1148 2897 1233 2962 prae-

6 2995 7 3000 *
105 2971 191 3018 eunte
217 2956 370 3036 loquamur
394 2957 463 3037 ipsi,
489 2971 518 3018 et
544 2958 604 3018 eius
629 2957 872 3038 promissionibus
889 2957 963 3019 {fides
984 2969 1083 3018 nostra
1107 2979 1233 3040 respon-

105 3039 178 3096 deat.
226 3035 401 3093 Praesertim
433 3035 568 3095 ordinem
601 3036 683 3096 verbi
714 3035 899 3116 praedicandi
929 3033 1115 3093 commendat
1146 3037 1232 3096 nohis

104 3113 213 3186 Lucas,
247 3132 335 3190 quum
360 3111 447 3184 dicit,
475 3133 548 3172 voce
581 3111 731 3172 hominnm
760 3123 893 3172 testatam
926 3109 1012 3170 luisse
1043 3112 1167 3172 salutem
1197 3133 1232 3172 ex

105 3189 213 3249 Christi
233 3187 341 3270 gratia,
360 3207 433 3267 quac
454 3188 589 3251 divinitus
610 3211 665 3271 per
684 3188 832 3272 Angelum
852 3186 994 3269 promissa
1014 3185 1118 3248 suetan

89 3479 91 3484 ,
142 3419 224 3500 (19.)
267 3419 437 3484 ΜΑΤΤΗ.
466 3420 504 3484 ll.
538 3420 573 3482 ¹1.
606 3417 716 3504 Quum
737 3429 841 3484 autem
863 3427 958 3485 natus
980 3370 1066 3485 esset
1087 3421 1176 3489 Iesus
1197 3424 1232 3520 in
1287 3444 1288 3448 ¹

105 3520 293 3585 Bethlehem
314 3509 455 3584 Iudaeae
475 3517 675 3605 temporibus
695 3519 837 3585 Herodis
858 3523 957 3604 regis,
984 3541 1061 3585 ecce
1076 3521 1166 3607 Magi
1188 3522 1231 3586 ab

104 3619 240 3687 Oriente
259 3631 420 3686 venerunt
440 3619 712 3705 Hierosolymam,
752 3619 781 3682 2.
809 3619 978 3698 Dicentes,
999 3618 1068 3684 Ubi
1090 3633 1153 3700 est,
1176 3625 1232 3706 qui

6 3757 8 3764 v
103 3733 194 3787 uatus
222 3705 276 3786 est'
297 3723 367 3786 Rex
394 3719 611 3788 ludaeorum?
642 3719 780 3788 vidimus
810 3723 894 3784 euim
923 3719 1010 3784 illius
1042 3719 1166 3784 stellam
1190 3723 1232 3800 in

6 3865 8 3882 ,
92 3821 255 3902 ,Οτίεηῐε,
280 3816 318 3886 'et
346 3824 506 3899 venimus,
533 3831 568 3886 ut
596 3820 767 3886 adoremus
790 3841 871 3884 eum
912 3822 942 3886 3.
970 3819 1098 3884 Auditis
1123 3829 1232 3884 autem

102 3921 148 3988 bis
170 3921 321 3988 Herodes
347 3941 403 3987 rex
432 3921 578 3986 turbatus
599 3932 661 3998 est,
691 3931 811 3986 et‘tota
833 3909 1062 4003 Hierosolyma
1086 3941 1156 3984 cum
1180 3939 1229 3984 eo.

103 4024 130 4088 4.
150 4023 197 4088 Et*
213 4026 409 4098 convocatis¹
421 4022 571 4088 omnihus
588 4019 800 4102 Pontificibus
823 4033 855 4086 et
872 4018 993 4086 Scribis
1014 4017 1137 4104 populi,
1158 4041 1232 4108 per-

79 4127 264 4190 „cunctatas
287 4134 334 4189 est
357 4111 428 4202 eos,
452 4123 509 4214 ubi
532 4115 679 4186 Christus
699 4132 895 4191 nasceretur.
936 4122 966 4183 5.
1007 4123 1049 4182 At
1071 4118 1120 4182 illi
1142 4119 1230 4186 dixe·
1304 4140 1306 4154 ¹

6 4235 8 4266 r
103 4237 174 4290 runt
201 4228 248 4304 ei,
269 4225 307 4294 ln
334 4225 530 4310 Bethlehem·
551 4223 713 4317 Iudaeae:¹
741 4224 788 4286 sio
816 4225 900 4284 enim
921 4222 1072 4306 scripturn
1095 4228 1142 4284 est
1168 4241 1237 4322 pet·¹

104 4325 310 4410 Prophetam:
340 4311 399 4392 'iis
419 4325 462 4391 Et
487 4337 523 4391 tu
550 4323 757 4402 Bethlehem,
786 4329 871 4386 terra
897 4317 993 4400 Iuda,
1022 4333 1249 4410 nequaquam

126 4430 215 4474 Caluini
229 4444 312 4474 coum.
327 4432 352 4474 in
364 4432 445 4478 uam.
460 4433 505 4479 liv.
521 4433 574 4477 Vol.
591 4431 612 4476 1.
670 4434 681 4438 “
1005 4409 1024 4466 5

776 362 839 427 uod
861 375 989 444 pastores
1014 366 1145 430 divinum
1169 366 1245 453 opus
1332 409 1336 422 ·

1405 3819 1406 3832 r

1405 3849 1406 3862 r

1405 3877 1406 3888 l

1405 3889 1406 3908 l

1345 3912 1348 3928 l
1405 3909 1406 3934 i
