2824 4756
160 271 199 334 76
343 259 494 325 SECTIO
514 259 571 322 111.
592 259 687 326 ,lusu
704 235 853 322 hermas
872 273 913 320 ar
932 273 1099 322 tanturm.

81 417 85 422 '
161 409 268 492 quirun
291 427 329 467 ue
347 425 458 469 nomen
478 403 597 468 Christo
618 403 712 465 daturi
731 416 815 479 sunt,
842 403 934 472 ethis
959 404 1044 464 armis
1068 403 1182 477 instrui,
1202 415 1233 463 ut
1253 403 1283 464 in

161 488 223 548 eius
247 427 304 545 fiis
327 483 489 576 persistant.
513 482 610 542 'Haec
633 493 729 542 autem
761 480 850 565 longe
875 481 1040 564 gravissima
1069 482 1193 540 tentatio
1219 481 1285 555 luit,
1319 499 1323 504 ·

162 563 243 644 quod
262 583 279 622 a
299 581 356 621 suis
381 559 494 640 agnitus
518 578 581 617 oon
601 557 656 616 luit
676 557 822 634 Christos,
849 557 908 618 imo
929 555 1140 617 contumeliose
1160 556 1285 616 reiectus

163 641 199 702 ab
222 657 258 699 eo
278 636 406 718 populo,
432 635 533 715 quise
552 634 610 694 Dei
629 633 798 694 Ecclesiam
810 655 871 694 esse
889 633 1084 716 gloriabatur:
1116 633 1286 713 praesertim

162 736 234 778 vero
282 713 341 774 uod
365 712 530 772 sacerdotes
556 723 589 772 et
609 710 741 786 scribae,
767 730 857 790 penes
883 731 956 790 quos
977 709 1125 771 Ecclesiae
1150 711 1284 791 regimen

165 803 242 864 erat,
261 735 309 850 illi
335 787 513 850 infestissimi
540 789 659 846 luerunt
685 789 790 846 hostes.
830 787 905 862 Quis
930 788 1008 848 enim
1035 798 1162 878 putasset
1182 807 1285 870 eorum
1348 813 1355 826 ·

165 867 362 947 esseblegem,
375 865 504 946 aquibus
524 876 584 923 tam
605 863 724 944 indigne
747 863 948 943 probroseque
961 863 1043 939 reiicr¹
1055 863 1184 922 videret?
1205 865 1284 942 Ergo

164 966 226 1006 non
252 944 302 1004 abs
328 962 361 1000 re
384 941 526 1022 praedicit
550 940 687 1010 Simeon,
713 939 861 1000 Christum
886 941 1014 1020 positum
1039 958 1100 999 esse
1125 939 1224 999 multis
1255 943 1286 998 in

164 1022 289 1094 ruinam,
310 1031 341 1078 et
360 1017 478 1098 quidem
497 1016 527 1076 io
548 1015 658 1096 populo
679 1016 777 1076 Israel.
815 1017 925 1078 Sensus
945 1029 1041 1076 autem
1062 1027 1118 1076 est:
1152 1017 1287 1076 divinitus

167 1117 228 1159 esse
249 1095 432 1168 ordinatum,
455 1105 488 1153 ut
506 1093 614 1152 multos
634 1091 750 1152 deiiciat
767 1115 800 1154 ac
820 1096 915 1174 praeci
939 1093 1000 1153 itet.
1040 1091 1099 1152 Sed
1122 1093 1286 1155 notandum

166 1183 234 1248 est,
250 1173 365 1232 ruinam
390 1169 459 1229 inde
483 1168 661 1249 procedere,
713 1169 772 1229 uod
799 1116 941 1230 increduli
967 1171 996 1228 in
1018 1189 1082 1228 cum
1108 1169 1285 1251 impingunt:

188 1249 248 1310 uod
273 1247 360 1328 paulo
405 1256 452 1305 ost
477 1245 659 1324 exprimitur,
688 1267 706 1305 u
730 1245 739 1304 i
765 1246 887 1308 Simeon
911 1257 998 1307 vocat
1022 1247 1054 1304 Si
1077 1267 1144 1304 num
1172 1258 1288 1306 contra·

167 1271 331 1388 iictorium.
396 1341 462 1404 rgo,
481 1323 548 1400 quia
567 1320 692 1382 rebelles
711 1335 779 1383 sunt
799 1323 918 1385 Christo
937 1263 1097 1395 increduli,
1117 1323 1151 1382 ad
1172 1343 1237 1382 eum
1257 1341 1287 1382 se

168 1403 307 1478 allidunt,
335 1400 413 1458 unde
436 1398 569 1478 sequitur
593 1418 695 1458 eorum
723 1399 814 1460 ruina.
853 1400 905 1460 Est
929 1412 1024 1460 autem
1049 1399 1171 1474 deducta
1195 1410 1287 1458 metn-

165 1480 260 1563 phora
284 1497 301 1538 a
326 1493 433 1555 scopo,
456 1475 487 1534 in
513 1495 600 1554 quero
626 1474 778 1537 collimant
802 1474 991 1551 iaculatores,
1019 1476 1077 1535 acsi
1102 1475 1216 1536 dixisset
1241 1474 1286 1534 Si-

166 1575 269 1616 meou:
295 1552 364 1612 hinc
384 1551 558 1632 perspicitur
578 1551 728 1612 bominum
751 1551 876 1632 malitia,
900 1552 960 1613 imo
984 1551 1074 1612 totius
1100 1552 1218 1611 humani
1242 1553 1287 1610 in-

168 1632 248 1716 genii
272 1629 411 1710 pravitas,
442 1628 522 1710 quod
554 1649 655 1689 omues
680 1627 739 1688 Dei
763 1629 839 1689 Filio
866 1630 947 1721 quasi
972 1629 1046 1689 lacta
1072 1629 1288 1709 conspiratione

168 1709 344 1786 obstrepunt
362 1727 395 1766 ac
414 1706 583 1766 reclamant.
620 1706 724 1786 Neque
745 1705 822 1766 enirn
834 1705 899 1766 tahs
919 1717 995 1766 esset
1013 1705 1289 1769 mundi·consensus

168 1784 204 1846 ad
225 1781 581 1856 contradicendumlirao
606 1780 679 1855 elio,
704 1783 761 1842 nisi
786 1782 932 1860 quoddam
958 1794 1034 1842 esset
1055 1783 1135 1844 reiut
1153 1779 1289 1844 ¹naturale

167 1859 317 1936 dissidium
341 1857 420 1920 inter
443 1858 550 1917 Filium
576 1799 634 1917 lbet
657 1870 689 1918 et
713 1857 846 1920 homines
872 1860 958 1939 ipsos.
997 1859 1060 1920 Etsi
1091 1871 1186 1919 autem
1213 1859 1290 1917 inter

169 1958 201 2000 se
221 1941 298 2018 ipsos
318 1936 457 1996 dissident
475 1935 626 2016 Evangelii
647 1933 745 1995 hostes
764 1939 813 2013 (ut
832 1955 881 1996 eos
901 1935 931 1995 in
953 1935 1076 1996 diversas
1101 1947 1196 2016 partes
1216 1937 1290 2014 rapit

169 2036 220 2076 sua
240 2012 361 2073 ambitio
381 2012 427 2072 vel
447 2012 546 2085 furor,
569 2024 602 2072 ut
623 2010 738 2072 lactiosi
756 2012 929 2074 scinduntur
948 2012 978 2071 in
1000 2013 1111 2072 diversa
1131 2012 1238 2086 studia,
1258 2022 1291 2070 ut

169 2090 409 2172 superstitionum
421 2087 570 2179 multiplex
582 2100 626 2149 est
643 2089 775 2164 varietas,
815 2109 869 2148 uae
889 2087 1059 2150 idololatras
1080 2089 1173 2148 disiun
1197 2087 1240 2166 it),
1259 2089 1289 2148 in

170 2167 227 2228 boc
253 2178 352 2226 tamen
377 2176 566 2226 consentrunt
589 2185 707 2241 omnes,
732 2177 765 2226 ut
789 2109 865 2226 iilis
888 2165 947 2226 Dei
971 2167 1138 2227 reclament.
1176 2109 1290 2240 Curm-

171 2243 275 2304 obrem
294 2262 363 2302 vere
383 2242 491 2302 dictum
512 2253 572 2317 est,
596 2242 680 2304 nimis
701 2243 880 2303 luculentum
902 2264 963 2304 esse
983 2244 1129 2322 specimen
1149 2241 1290 2303 humanae

168 2320 329 2403 pravitatis,
349 2318 430 2400 quod
448 2320 553 2400 passim
573 2317 692 2381 Christo
714 2319 932 2383 contradicitur.
969 2319 1032 2380 Etsi
1047 2332 1147 2379 sautem
1169 2321 1290 2380 immane

170 2409 341 2480 portentum
361 2408 420 2472 est,
444 2395 523 2476 quod
543 2397 667 2458 mundus
691 2397 721 2458 in
741 2420 824 2458 suum
845 2393 980 2477 opificem
999 2397 1039 2457 ita
1064 2397 1200 2479 insurgit,
1226 2397 1292 2476 quia

170 2487 269 2535 tameo
294 2474 323 2534 id
350 2466 478 2535 futurum
504 2473 646 2554 praediqit
672 2473 839 2555 Scriptura,
871 2485 901 2533 et
931 2473 1005 2534 ratio
1037 2473 1128 2554 palam
1160 2485 1291 2554 apparet,
1398 2499 1406 2524 ι

171 2553 253 2632 quod
272 2551 383 2611 scilicet
398 2545 535 2633 ,hdmtnes
554 2551 645 2612 semel
669 2551 786 2612 alienati
810 2573 826 2612 a
845 2550 912 2611 Deo
937 2571 990 2631 per
1010 2563 1158 2642 peccatum
1178 2571 1293 2630 semper

171 2629 254 2700 illurn
279 2629 411 2718 lugiunt,
440 2649 502 2688 noo
536 2641 580 2690 est
608 2629 687 2708 quod
713 2650 767 2690 uos
792 2627 966 2707 perturbent
991 2627 1132 2690 emsmodi
1156 2627 1293 2708 exempla,

78 2722 81 2730 ’
171 2705 223 2766 sed
243 2706 341 2786 potius
360 2705 394 2763 ris
414 2704 499 2762 armis
518 2705 658 2764 instructa
677 2703 748 2764 fides
768 2716 866 2764 nostra
885 2724 917 2764 se
937 2704 971 2763 ad
992 2704 1177 2786 pugnandum
1198 2705 1293 2764 accin—
1327 2745 1332 2750 -

173 2791 224 2864 gat
242 2802 308 2840 cum
332 2777 433 2838 mundi
451 2780 699 2844 contradictione.
737 2780 833 2840 Porro
859 2779 926 2859 quia
951 2802 1028 2841 nunc
1053 2780 1188 2840 lsraelem
1214 2781 1294 2842 Deus

172 2857 229 2918 sibi
248 2855 323 2916 colle
347 2853 369 2913 it
387 2873 421 2913 ex
438 2865 504 2914 toto
521 2856 649 2930 mundo,
676 2867 707 2915 et
731 2855 843 2928 nullum
869 2852 1052 2938 estamplius
1072 2857 1223 2918 discrimen
1244 2859 1295 2917 Iu-

175 2933 239 2992 daei
263 2943 294 2992 et
318 2873 442 3006 Croesi,
467 2931 545 2991 idem
569 2939 649 2992 nuuc
672 2930 805 2992 accidere
830 2944 965 3013 oportet,
989 2935 1068 3015 quod
1090 2947 1162 2996 tunc
1186 2937 1295 2996 sactum

175 3023 237 3069 esse
263 3009 394 3090 legimus.
438 3007 559 3069 Dixerat
586 3010 642 3068 iam
673 3027 727 3071 suo
751 2996 867 3070 saecirlo
892 3009 998 3070 Iesaias
1024 3015 1073 3090 (8,
1097 3015 1173 3088 td),
1209 3013 1296 3086 Ecce,

173 3085 321 3147 Dominus
342 3085 397 3146 erit
416 3083 526 3145 duabus
546 3085 658 3146 familiis
685 3084 774 3146 Israel
788 3086 829 3144 ¹iu
854 3086 1019 3154 scandalum
1041 3101 1071 3148 et
1088 3089 1210 3149 ruinam.
1247 3087 1295 3148 Ab

157 3181 212 3244 *eo
232 3174 367 3243 tempore
385 3182 533 3240 nunquam
555 3163 616 3222 iere
636 3175 785 3224 cessarunt
803 3163 904 3224 Iudaei
923 3164 1056 3225 adversus
1075 3165 1171 3225 Deum
1190 3166 1298 3245 impin-

199 3257 263 3311 ere,
294 3238 345 3299 sed
376 3238 498 3298 maxime
527 3237 674 3299 violentus
706 3239 763 3301 luit
794 3240 948 3301 coollictus
980 3242 1113 3302 adversus
1139 3241 1297 3304 Christum.

169 3259 262 3390 lion-e
283 3315 407 3374 eundem
428 3315 557 3374 lurorem
577 3315 742 3389 imitantur,
765 3317 816 3397 qui
840 3337 875 3379 se.
892 3308 1073 3378 Christianos
1092 3331 1213 3390 vocant,
1236 3319 1297 3379 imo

128 3447 129 3452 ,
177 3392 227 3472 qui
247 3389 372 3473 superbe
392 3390 449 3452 sibi
469 3393 773 3474 arrogantEcclesiae
794 3393 966 3485 primatum:
985 3415 1070 3476 saepe
1086 3397 1229 3476 quicquid
1248 3396 1298 3456 ha-

175 3469 249 3530 bent
269 3469 417 3550 potentiae
437 3467 471 3526 ad
493 3468 717 3548 opprimendum
730 3470 878 3531 Christum
898 3470 1067 3548 conserunt,
1088 3473 1138 3531 sed
1158 3469 1299 3546 memine-

137 3573 140 3580 ·
177 3547 287 3623 rimus,
317 3543 389 3604 nihil
415 3565 466 3604 eos
491 3545 569 3604 aliud
595 3547 754 3626 proficere,
786 3548 841 3607 uisi
864 3559 899 3607 ut
921 3550 1038 3608 tandem
1070 3547 1241 3631 frangantur
1265 3572 1299 3611 ac

178 3621 496 3700 conterantur.,·Nam
522 3621 575 3682 sub
601 3643 674 3683 voce
698 3626 801 3684 ruinae
828 3625 869 3684 ita
900 3646 1025 3704 poenam
1051 3626 1178 3706 Spiritus
1203 3628 1300 3686 iocre·

179 3700 253 3761 dulis
277 3698 441 3770 denuntiat,
468 3710 502 3758 ut
527 3699 665 3764 discamus
693 3722 777 3780 quam
803 3701 853 3761 lon
877 3702 972 3762 issime
996 3702 1032 3763 ab
1058 3703 1127 3782 ipsis
1151 3703 1300 3779 recedere,
1393 3737 1395 3742 ·

177 3778 359 3838 resocietas
379 3774 483 3835 eodem
502 3796 556 3837 nos
576 3776 661 3835 exitio
682 3777 819 3838 involvat.
856 3720 920 3838 lice
939 3798 1010 3840 vero
1029 3780 1124 3842 minus
1143 3791 1303 3860 propterea

178 3852 317 3916 arnaudus
336 3849 545 3928 esthristus,
562 3853 641 3932 quod
661 3873 698 3914 eo
718 3867 857 3936 surgente
876 3856 960 3915 multi
979 3868 1129 3928 corruunt,
1149 3856 1214 3936 quia
1233 3856 1300 3916 Deo

178 3943 278 4014 gratus
299 3941 329 3990 et
346 3929 437 3990 suavis
457 3949 519 3990 non
539 3929 646 3990 desinit
666 3950 727 3991 esse
745 3932 899 4014 Evangelii
919 3928 1011 4010 odor,
1032 3933 1159 4012 quamvis
1181 3932 1301 3996 exitialis

179 4011 218 4068 sit
248 4009 338 4088 impio
366 4003 485 4078 mundo.
525 4005 558 4066 st
578 4007 653 4097 'quis
674 4022 771 4090 roget,
804 4009 954 4088 quomodo
986 4010 1092 4069 ruinae
1116 4009 1157 4073 sit
1185 4013 1301 4071 occasio

180 4083 315 4145 Christos
339 4081 511 4157 incredulis,
536 4102 586 4161 qur
610 4103 668 4143 ram
692 4098 771 4145 extra
789 4086 883 4166 ipsum
910 4086 1016 4176 perditi
1034 4099 1122 4162 sont,
1147 4085 1236 4146 facilis
1255 4106 1303 4145 re·

179 4163 300 4240 sponsio
326 4172 383 4234 est,
413 4160 463 4222 Bis
483 4158 590 4251 perire,
615 4161 664 4254 qui
690 4162 788 4222 oblata
807 4163 863 4222 sibi
889 4162 1023 4223 divinitus
1047 4163 1138 4224 salute
1164 4163 1242 4223 ultro
1271 4181 1303 4222 se

180 4235 306 4318 privant.
344 4237 425 4319 Ergo
445 4259 528 4297 ruma
548 4236 693 4317 duplicem
713 4260 838 4320 poenam
857 4239 1015 4320 significat,
1041 4261 1117 4318 quae
1135 4259 1236 4300 omnes
1255 4241 1303 4298 in-

181 4308 318 4398 credulos
336 4324 446 4390 manet,
464 4327 619 4396 postquam
639 4316 762 4376 scientes
783 4327 814 4376 et
831 4314 972 4390 volentesv
984 4337 1048 4376 cum
1063 4316 1212 4377 Filiollei
1231 4337 1304 4378 con-

181 4383 318 4450 fluxerint.
355 4385 394 4452 ln
410 4395 653 4456 musmonem.
692 4393 792 4456 Priori
811 4390 944 4454 membro
961 4395 1121 4475 opponitur
1139 4391 1211 4454 baec
1231 4409 1303 4453 con·
