<?xml version="1.0" encoding="UTF-8"?>
<!DOCTYPE html PUBLIC "-//W3C//DTD XHTML 1.0 Transitional//EN"
    "http://www.w3.org/TR/xhtml1/DTD/xhtml1-transitional.dtd">
<html xmlns="http://www.w3.org/1999/xhtml" xml:lang="en" lang="en">
 <head>
  <title>
</title>
<meta http-equiv="Content-Type" content="text/html;charset=utf-8" />
  <meta name='ocr-system' content='tesseract 3.04.00' />
  <meta name='ocr-capabilities' content='ocr_page ocr_carea ocr_par ocr_line ocrx_word'/>
</head>
<body>
  <div class='ocr_page' id='page_1' title='image "./innovumtestamen01tholgoog_0338.png"; bbox 0 0 2786 4742; ppageno 0'>
   <div class='ocr_carea' id='block_1_1' title="bbox 163 193 1374 319">
    <p class='ocr_par' dir='ltr' id='par_1_1' title="bbox 163 193 1374 319">
     <span class='ocr_line' id='line_1_1' title="bbox 163 193 1374 319; baseline 0.007 -29"><span class='ocrx_word' id='word_1_1' title='bbox 163 219 167 228; x_wconf 78' lang='grc'><strong>’</strong></span> <span class='ocrx_word' id='word_1_2' title='bbox 284 234 346 312; x_wconf 82' lang='grc'><strong>(91.</strong></span> <span class='ocrx_word' id='word_1_3' title='bbox 365 230 492 294; x_wconf 84' lang='lat' dir='ltr'><strong>loannes</strong></span> <span class='ocrx_word' id='word_1_4' title='bbox 510 229 595 312; x_wconf 89' lang='lat' dir='ltr'><strong>Bapt.</strong></span> <span class='ocrx_word' id='word_1_5' title='bbox 615 232 729 312; x_wconf 87' lang='lat' dir='ltr'><strong>quaerit</strong></span> <span class='ocrx_word' id='word_1_6' title='bbox 748 231 784 296; x_wconf 84' lang='lat' dir='ltr'><strong>do</strong></span> <span class='ocrx_word' id='word_1_7' title='bbox 802 231 932 314; x_wconf 78' lang='lat' dir='ltr'><strong>Mesala.)</strong></span> <span class='ocrx_word' id='word_1_8' title='bbox 1115 193 1215 306; x_wconf 31' lang='lat'><strong>2⁵7⁵</strong></span> <span class='ocrx_word' id='word_1_9' title='bbox 1285 269 1293 319; x_wconf 56' lang='lat' dir='ltr'><em>J</em></span> <span class='ocrx_word' id='word_1_10' title='bbox 1373 259 1374 318; x_wconf 56' lang='lat' dir='ltr'><strong>q</strong></span> 
     </span>
    </p>
   </div>
   <div class='ocr_carea' id='block_1_2' title="bbox 37 372 1188 474">
    <p class='ocr_par' dir='ltr' id='par_1_2' title="bbox 37 347 1188 474">
     <span class='ocr_line' id='line_1_2' title="bbox 37 372 1188 474; baseline 0.003 -36"><span class='ocrx_word' id='word_1_11' title='bbox 37 375 175 438; x_wconf 87' lang='lat' dir='ltr'><strong>membra</strong></span> <span class='ocrx_word' id='word_1_12' title='bbox 193 375 328 454; x_wconf 88' lang='lat' dir='ltr'><strong>corporis</strong></span> <span class='ocrx_word' id='word_1_13' title='bbox 348 373 393 435; x_wconf 87' lang='lat' dir='ltr'><strong>sui</strong></span> <span class='ocrx_word' id='word_1_14' title='bbox 412 372 625 466; x_wconf 42' lang='lat' dir='ltr'><strong>communicat..</strong></span> <span class='ocrx_word' id='word_1_15' title='bbox 646 374 720 464; x_wconf 37' lang='lat' dir='ltr'><strong>&#39;Ego</strong></span> <span class='ocrx_word' id='word_1_16' title='bbox 730 375 887 456; x_wconf 88' lang='lat' dir='ltr'><strong>simplicius</strong></span> <span class='ocrx_word' id='word_1_17' title='bbox 898 379 1076 458; x_wconf 72' lang='lat' dir='ltr'>mercedem,</span> <span class='ocrx_word' id='word_1_18' title='bbox 1093 400 1188 474; x_wconf 43' lang='lat' dir='ltr'><strong>quae,</strong></span> 
     </span>
    </p>
   </div>
   <div class='ocr_carea' id='block_1_3' title="bbox 36 449 1206 661">
    <p class='ocr_par' dir='ltr' id='par_1_3' title="bbox 36 449 1206 661">
     <span class='ocr_line' id='line_1_3' title="bbox 39 449 1170 585; baseline 0.004 -71"><span class='ocrx_word' id='word_1_19' title='bbox 39 452 181 535; x_wconf 78' lang='lat' dir='ltr'><strong>dignitati</strong></span> <span class='ocrx_word' id='word_1_20' title='bbox 199 471 345 534; x_wconf 80' lang='lat' dir='ltr'>personae</span> <span class='ocrx_word' id='word_1_21' title='bbox 365 449 558 585; x_wconf 85' lang='lat' dir='ltr'><strong>respondeat,</strong></span> <span class='ocrx_word' id='word_1_22' title='bbox 578 471 625 510; x_wconf 88' lang='lat' dir='ltr'><strong>cur</strong></span> <span class='ocrx_word' id='word_1_23' title='bbox 643 471 809 531; x_wconf 86' lang='lat' dir='ltr'><strong>rmpensurn</strong></span> <span class='ocrx_word' id='word_1_24' title='bbox 829 454 886 512; x_wconf 87' lang='lat' dir='ltr'><strong>erit</strong></span> <span class='ocrx_word' id='word_1_25' title='bbox 905 454 1050 518; x_wconf 79' lang='lat' dir='ltr'><strong>officium:</strong></span> <span class='ocrx_word' id='word_1_26' title='bbox 1078 476 1100 519; x_wconf 76' lang='grc' dir='ltr'><strong>ει</strong></span> <span class='ocrx_word' id='word_1_27' title='bbox 1124 459 1170 518; x_wconf 90' lang='lat' dir='ltr'><strong>ui-</strong></span> 
     </span>
     <span class='ocr_line' id='line_1_4' title="bbox 36 478 1206 661; baseline -0.007 -71"><span class='ocrx_word' id='word_1_28' title='bbox 36 529 108 590; x_wconf 86' lang='lat' dir='ltr'><strong>ficat</strong></span> <span class='ocrx_word' id='word_1_29' title='bbox 130 530 208 588; x_wconf 89' lang='lat' dir='ltr'><strong>enim</strong></span> <span class='ocrx_word' id='word_1_30' title='bbox 229 525 380 601; x_wconf 83' lang='lat' dir='ltr'><strong>Christus,</strong></span> <span class='ocrx_word' id='word_1_31' title='bbox 433 546 469 587; x_wconf 92' lang='lat' dir='ltr'><strong>oc</strong></span> <span class='ocrx_word' id='word_1_32' title='bbox 489 525 604 661; x_wconf 67' lang='lat' dir='ltr'><strong>insigne</strong></span> <span class='ocrx_word' id='word_1_33' title='bbox 623 525 691 586; x_wconf 83' lang='lat' dir='ltr'><strong>fore</strong></span> <span class='ocrx_word' id='word_1_34' title='bbox 714 527 939 605; x_wconf 73' lang='lat' dir='ltr'><strong>documentum,</strong></span> <span class='ocrx_word' id='word_1_35' title='bbox 971 535 1073 611; x_wconf 67' lang='lat' dir='ltr'><strong>quanti</strong></span> <span class='ocrx_word' id='word_1_36' title='bbox 1091 478 1169 596; x_wconf 52' lang='lat' dir='ltr'><strong>lim.</strong></span> <span class='ocrx_word' id='word_1_37' title='bbox 1199 540 1206 566; x_wconf 88' lang='lat'><em>¹</em></span> 
     </span>
    </p>
   </div>
   <div class='ocr_carea' id='block_1_4' title="bbox 36 599 1168 924">
    <p class='ocr_par' dir='ltr' id='par_1_4' title="bbox 36 599 1168 924">
     <span class='ocr_line' id='line_1_5' title="bbox 37 599 1167 692; baseline 0.005 -27"><span class='ocrx_word' id='word_1_38' title='bbox 37 606 143 687; x_wconf 86' lang='lat' dir='ltr'><strong>phetas</strong></span> <span class='ocrx_word' id='word_1_39' title='bbox 168 625 236 665; x_wconf 89' lang='lat' dir='ltr'><strong>suos</strong></span> <span class='ocrx_word' id='word_1_40' title='bbox 261 614 295 678; x_wconf 84' lang='lat' dir='ltr'><strong>et¹</strong></span> <span class='ocrx_word' id='word_1_41' title='bbox 317 601 423 662; x_wconf 89' lang='lat' dir='ltr'><strong>deinde</strong></span> <span class='ocrx_word' id='word_1_42' title='bbox 448 601 543 682; x_wconf 89' lang='lat' dir='ltr'><strong>quosli</strong></span> <span class='ocrx_word' id='word_1_43' title='bbox 567 612 597 662; x_wconf 87' lang='lat' dir='ltr'><strong>et</strong></span> <span class='ocrx_word' id='word_1_44' title='bbox 628 599 784 664; x_wconf 65' lang='lat' dir='ltr'><strong>disci‘ulos</strong></span> <span class='ocrx_word' id='word_1_45' title='bbox 804 605 948 666; x_wconf 85' lang='lat' dir='ltr'><strong>aestimet:</strong></span> <span class='ocrx_word' id='word_1_46' title='bbox 979 610 1045 687; x_wconf 90' lang='lat' dir='ltr'><strong>quia</strong></span> <span class='ocrx_word' id='word_1_47' title='bbox 1070 612 1167 692; x_wconf 86' lang='lat' dir='ltr'><strong>ampla</strong></span> 
     </span>
     <span class='ocr_line' id='line_1_6' title="bbox 36 624 1168 769; baseline 0.007 -28"><span class='ocrx_word' id='word_1_48' title='bbox 36 680 177 741; x_wconf 79' lang='lat' dir='ltr'>mercede</span> <span class='ocrx_word' id='word_1_49' title='bbox 197 677 351 751; x_wconf 82' lang='lat' dir='ltr'><strong>constabit,</strong></span> <span class='ocrx_word' id='word_1_50' title='bbox 371 677 483 740; x_wconf 89' lang='lat' dir='ltr'><strong>nullum</strong></span> <span class='ocrx_word' id='word_1_51' title='bbox 504 675 641 756; x_wconf 75' lang='lat' dir='ltr'><strong>excidisse</strong></span> <span class='ocrx_word' id='word_1_52' title='bbox 663 624 802 753; x_wconf 74' lang='lat' dir='ltr'><strong>cilcium,</strong></span> <span class='ocrx_word' id='word_1_53' title='bbox 821 677 902 769; x_wconf 83' lang='lat' dir='ltr'><strong>quod</strong></span> <span class='ocrx_word' id='word_1_54' title='bbox 921 682 978 742; x_wconf 91' lang='lat' dir='ltr'><strong>illis</strong></span> <span class='ocrx_word' id='word_1_55' title='bbox 996 688 1168 763; x_wconf 84' lang='lat' dir='ltr'><strong>praestitum</strong></span> 
     </span>
     <span class='ocr_line' id='line_1_7' title="bbox 36 753 1167 841; baseline 0.006 -24"><span class='ocrx_word' id='word_1_56' title='bbox 36 757 139 817; x_wconf 81' lang='lat' dir='ltr'><strong>fuerit.</strong></span> <span class='ocrx_word' id='word_1_57' title='bbox 182 755 229 816; x_wconf 91' lang='lat' dir='ltr'><strong>Ad</strong></span> <span class='ocrx_word' id='word_1_58' title='bbox 253 754 516 835; x_wconf 83' lang='lat' dir='ltr'><strong>amplificationem</strong></span> <span class='ocrx_word' id='word_1_59' title='bbox 532 753 624 831; x_wconf 90' lang='lat' dir='ltr'><strong>valet,</strong></span> <span class='ocrx_word' id='word_1_60' title='bbox 654 754 734 834; x_wconf 92' lang='lat' dir='ltr'><strong>quod</strong></span> <span class='ocrx_word' id='word_1_61' title='bbox 765 757 906 839; x_wconf 74' lang='lat' dir='ltr'><strong>vilissimis</strong></span> <span class='ocrx_word' id='word_1_62' title='bbox 937 762 1023 818; x_wconf 88' lang='lat' dir='ltr'><strong>etiam</strong></span> <span class='ocrx_word' id='word_1_63' title='bbox 1049 763 1167 841; x_wconf 88' lang='lat' dir='ltr'><strong>officiis,</strong></span> 
     </span>
     <span class='ocr_line' id='line_1_8' title="bbox 37 829 1165 924; baseline 0.004 -32"><span class='ocrx_word' id='word_1_64' title='bbox 37 832 126 912; x_wconf 88' lang='lat' dir='ltr'><strong>quale</strong></span> <span class='ocrx_word' id='word_1_65' title='bbox 147 845 190 893; x_wconf 88' lang='lat' dir='ltr'><strong>cst</strong></span> <span class='ocrx_word' id='word_1_66' title='bbox 208 831 346 914; x_wconf 89' lang='lat' dir='ltr'><strong>poculum</strong></span> <span class='ocrx_word' id='word_1_67' title='bbox 366 851 457 912; x_wconf 84' lang='lat' dir='ltr'><strong>aquae</strong></span> <span class='ocrx_word' id='word_1_68' title='bbox 477 830 601 924; x_wconf 73' lang='lat' dir='ltr'><strong>frigidae</strong></span> <span class='ocrx_word' id='word_1_69' title='bbox 621 829 707 906; x_wconf 87' lang='lat' dir='ltr'><strong>dare,</strong></span> <span class='ocrx_word' id='word_1_70' title='bbox 726 833 891 894; x_wconf 84' lang='lat' dir='ltr'><strong>mercedem</strong></span> <span class='ocrx_word' id='word_1_71' title='bbox 911 835 1065 914; x_wconf 81' lang='lat' dir='ltr'><strong>promittit.</strong></span> <span class='ocrx_word' id='word_1_72' title='bbox 1103 844 1165 898; x_wconf 77' lang='lat' dir='ltr'><strong>Pu-</strong></span> 
     </span>
    </p>
   </div>
   <div class='ocr_carea' id='block_1_5' title="bbox 34 905 1374 999">
    <p class='ocr_par' dir='ltr' id='par_1_5' title="bbox 34 905 1374 999">
     <span class='ocr_line' id='line_1_9' title="bbox 34 905 1374 999; baseline 0.006 -32"><span class='ocrx_word' id='word_1_73' title='bbox 34 909 119 968; x_wconf 82' lang='lat' dir='ltr'><strong>sillus</strong></span> <span class='ocrx_word' id='word_1_74' title='bbox 137 921 223 970; x_wconf 87' lang='lat' dir='ltr'><strong>vocat</strong></span> <span class='ocrx_word' id='word_1_75' title='bbox 242 929 303 971; x_wconf 92' lang='lat' dir='ltr'><strong>non</strong></span> <span class='ocrx_word' id='word_1_76' title='bbox 322 920 447 983; x_wconf 86' lang='lat' dir='ltr'><strong>tantum,</strong></span> <span class='ocrx_word' id='word_1_77' title='bbox 467 922 517 986; x_wconf 88' lang='lat' dir='ltr'><strong>qur</strong></span> <span class='ocrx_word' id='word_1_78' title='bbox 536 908 678 999; x_wconf 82' lang='lat' dir='ltr'><strong>postremi</strong></span> <span class='ocrx_word' id='word_1_79' title='bbox 695 920 765 970; x_wconf 91' lang='lat' dir='ltr'><strong>sunt</strong></span> <span class='ocrx_word' id='word_1_80' title='bbox 783 911 813 970; x_wconf 91' lang='lat' dir='ltr'><strong>in</strong></span> <span class='ocrx_word' id='word_1_81' title='bbox 828 909 964 972; x_wconf 78' lang='lat' dir='ltr'><strong>‘Ecclesia</strong></span> <span class='ocrx_word' id='word_1_82' title='bbox 983 923 1015 971; x_wconf 88' lang='lat' dir='ltr'><strong>ct</strong></span> <span class='ocrx_word' id='word_1_83' title='bbox 1032 923 1165 974; x_wconf 84' lang='lat' dir='ltr'><strong>contern-</strong></span> <span class='ocrx_word' id='word_1_84' title='bbox 1224 941 1245 950; x_wconf 42' lang='lat'><strong>⁴1</strong></span> <span class='ocrx_word' id='word_1_85' title='bbox 1362 905 1374 974; x_wconf 58' lang='grc' dir='ltr'><strong>,ᾗ</strong></span> 
     </span>
    </p>
   </div>
   <div class='ocr_carea' id='block_1_6' title="bbox 36 973 1102 1066">
    <p class='ocr_par' dir='ltr' id='par_1_6' title="bbox 36 973 1102 1066">
     <span class='ocr_line' id='line_1_10' title="bbox 36 973 1102 1066; baseline 0.002 -20"><span class='ocrx_word' id='word_1_86' title='bbox 36 985 174 1066; x_wconf 82' lang='lat' dir='ltr'><strong>ptissimi,</strong></span> <span class='ocrx_word' id='word_1_87' title='bbox 192 985 244 1048; x_wconf 86' lang='lat' dir='ltr'><strong>sed</strong></span> <span class='ocrx_word' id='word_1_88' title='bbox 265 1005 333 1063; x_wconf 83' lang='lat' dir='ltr'><strong>suos</strong></span> <span class='ocrx_word' id='word_1_89' title='bbox 353 1004 455 1047; x_wconf 87' lang='lat' dir='ltr'><strong>omnes</strong></span> <span class='ocrx_word' id='word_1_90' title='bbox 475 973 642 1064; x_wconf 70' lang='lat' dir='ltr'><strong>discipulos,</strong></span> <span class='ocrx_word' id='word_1_91' title='bbox 661 984 713 1066; x_wconf 83' lang='lat' dir='ltr'><strong>qui</strong></span> <span class='ocrx_word' id='word_1_92' title='bbox 731 987 833 1048; x_wconf 90' lang='lat' dir='ltr'><strong>mundi</strong></span> <span class='ocrx_word' id='word_1_93' title='bbox 851 986 926 1049; x_wconf 88' lang='lat' dir='ltr'><strong>fastu</strong></span> <span class='ocrx_word' id='word_1_94' title='bbox 946 987 1102 1051; x_wconf 86' lang='lat' dir='ltr'><strong>calcantur.</strong></span> 
     </span>
    </p>
   </div>
   <div class='ocr_carea' id='block_1_7' title="bbox 324 1147 861 1340">
    <p class='ocr_par' dir='ltr' id='par_1_7' title="bbox 324 1147 861 1340">
     <span class='ocr_line' id='line_1_11' title="bbox 324 1147 861 1340; baseline -0.006 -52"><span class='ocrx_word' id='word_1_95' title='bbox 324 1147 861 1340; x_wconf 54' lang='lat' dir='ltr'><strong>&#39;scortorum-u.)</strong></span> 
     </span>
    </p>
   </div>
   <div class='ocr_carea' id='block_1_8' title="bbox 207 1345 1107 1456">
    <p class='ocr_par' dir='ltr' id='par_1_8' title="bbox 207 1345 1107 1456">
     <span class='ocr_line' id='line_1_12' title="bbox 207 1345 1107 1456; baseline 0.007 -20"><span class='ocrx_word' id='word_1_96' title='bbox 207 1345 991 1456; x_wconf 58' lang='lat' dir='ltr'><strong>incarnsncagsvancrnrr</strong></span> <span class='ocrx_word' id='word_1_97' title='bbox 1105 1409 1107 1412; x_wconf 93' lang='lat'>-</span> 
     </span>
    </p>
   </div>
   <div class='ocr_carea' id='block_1_9' title="bbox 74 1529 1374 1632">
    <p class='ocr_par' dir='ltr' id='par_1_9' title="bbox 74 1529 1374 1632">
     <span class='ocr_line' id='line_1_13' title="bbox 74 1529 1374 1632; baseline 0.006 -36"><span class='ocrx_word' id='word_1_98' title='bbox 74 1529 160 1614; x_wconf 82' lang='lat'><strong>(90.)</strong></span> <span class='ocrx_word' id='word_1_99' title='bbox 200 1529 340 1602; x_wconf 77' lang='lat' dir='ltr'><strong>Mane.</strong></span> <span class='ocrx_word' id='word_1_100' title='bbox 360 1534 417 1602; x_wconf 82' lang='lat' dir='ltr'><strong>vt</strong></span> <span class='ocrx_word' id='word_1_101' title='bbox 458 1535 508 1602; x_wconf 81' lang='lat' dir='ltr'><strong>ta.</strong></span> <span class='ocrx_word' id='word_1_102' title='bbox 541 1535 585 1603; x_wconf 86' lang='lat' dir='ltr'><strong>Et</strong></span> <span class='ocrx_word' id='word_1_103' title='bbox 605 1537 732 1622; x_wconf 83' lang='lat' dir='ltr'><strong>egressi</strong></span> <span class='ocrx_word' id='word_1_104' title='bbox 742 1534 991 1623; x_wconf 87' lang='lat' dir='ltr'><strong>praedicabant,</strong></span> <span class='ocrx_word' id='word_1_105' title='bbox 1021 1545 1058 1602; x_wconf 90' lang='lat' dir='ltr'><strong>nt</strong></span> <span class='ocrx_word' id='word_1_106' title='bbox 1082 1539 1162 1603; x_wconf 87' lang='lat' dir='ltr'><strong>resi·</strong></span> <span class='ocrx_word' id='word_1_107' title='bbox 1242 1569 1245 1572; x_wconf 96' lang='lat'>·</span> <span class='ocrx_word' id='word_1_108' title='bbox 1371 1605 1374 1632; x_wconf 59' lang='lat'><strong>,</strong></span> 
     </span>
    </p>
   </div>
   <div class='ocr_carea' id='block_1_10' title="bbox 34 1632 1226 1822">
    <p class='ocr_par' dir='ltr' id='par_1_10' title="bbox 34 1632 1226 1822">
     <span class='ocr_line' id='line_1_14' title="bbox 34 1632 1226 1738; baseline 0.006 -42"><span class='ocrx_word' id='word_1_109' title='bbox 34 1632 206 1717; x_wconf 85' lang='lat' dir='ltr'><strong>pisceront.</strong></span> <span class='ocrx_word' id='word_1_110' title='bbox 249 1633 299 1699; x_wconf 72' lang='lat' dir='ltr'><strong>ld</strong></span> <span class='ocrx_word' id='word_1_111' title='bbox 326 1634 369 1700; x_wconf 89' lang='lat' dir='ltr'><strong>Et</strong></span> <span class='ocrx_word' id='word_1_112' title='bbox 396 1635 567 1722; x_wconf 74' lang='lat' dir='ltr'><strong>daemonia</strong></span> <span class='ocrx_word' id='word_1_113' title='bbox 591 1636 691 1703; x_wconf 88' lang='lat' dir='ltr'><strong>multa</strong></span> <span class='ocrx_word' id='word_1_114' title='bbox 719 1635 908 1717; x_wconf 82' lang='lat' dir='ltr'><strong>eiioisbant,</strong></span> <span class='ocrx_word' id='word_1_115' title='bbox 936 1647 969 1705; x_wconf 88' lang='lat' dir='ltr'><strong>et</strong></span> <span class='ocrx_word' id='word_1_116' title='bbox 996 1636 1165 1738; x_wconf 80' lang='lat' dir='ltr'><strong>ungebant</strong></span> <span class='ocrx_word' id='word_1_117' title='bbox 1224 1691 1226 1703; x_wconf 86' lang='lat'><strong>.</strong></span> 
     </span>
     <span class='ocr_line' id='line_1_15' title="bbox 35 1733 668 1822; baseline 0.002 -24"><span class='ocrx_word' id='word_1_118' title='bbox 35 1733 113 1800; x_wconf 90' lang='lat' dir='ltr'><strong>oleo</strong></span> <span class='ocrx_word' id='word_1_119' title='bbox 134 1733 251 1800; x_wconf 86' lang='lat' dir='ltr'><strong>multos</strong></span> <span class='ocrx_word' id='word_1_120' title='bbox 271 1747 428 1822; x_wconf 88' lang='lat' dir='ltr'><strong>aegrotos,</strong></span> <span class='ocrx_word' id='word_1_121' title='bbox 450 1747 482 1802; x_wconf 87' lang='lat' dir='ltr'><strong>et</strong></span> <span class='ocrx_word' id='word_1_122' title='bbox 502 1735 668 1807; x_wconf 86' lang='lat' dir='ltr'><strong>sanabant.</strong></span> 
     </span>
    </p>
   </div>
   <div class='ocr_carea' id='block_1_11' title="bbox 35 1837 1270 2062">
    <p class='ocr_par' dir='ltr' id='par_1_11' title="bbox 35 1837 1270 2066">
     <span class='ocr_line' id='line_1_16' title="bbox 114 1837 1270 1974; baseline 0.009 -43"><span class='ocrx_word' id='word_1_123' title='bbox 114 1863 217 1933; x_wconf 90' lang='lat' dir='ltr'><strong>LUC.</strong></span> <span class='ocrx_word' id='word_1_124' title='bbox 237 1869 290 1934; x_wconf 88' lang='lat' dir='ltr'><strong>IX.</strong></span> <span class='ocrx_word' id='word_1_125' title='bbox 336 1843 523 1957; x_wconf 22' lang='lat' dir='ltr'><strong>lis-Egressi</strong></span> <span class='ocrx_word' id='word_1_126' title='bbox 554 1882 660 1937; x_wconf 87' lang='lat' dir='ltr'><strong>autern</strong></span> <span class='ocrx_word' id='word_1_127' title='bbox 684 1849 902 1954; x_wconf 57' lang='lat' dir='ltr'><strong>‚circumibant</strong></span> <span class='ocrx_word' id='word_1_128' title='bbox 927 1837 995 1974; x_wconf 15' lang='lat' dir='ltr'><strong>‘per&#39;</strong></span> <span class='ocrx_word' id='word_1_129' title='bbox 1027 1873 1161 1942; x_wconf 85' lang='lat' dir='ltr'><strong>castella</strong></span> <span class='ocrx_word' id='word_1_130' title='bbox 1268 1891 1270 1899; x_wconf 61' lang='lat'><strong><em>⁴</em></strong></span> 
     </span>
     <span class='ocr_line' id='line_1_17' title="bbox 35 1968 676 2062; baseline 0.011 -30"><span class='ocrx_word' id='word_1_131' title='bbox 35 1968 304 2056; x_wconf 66' lang='lat' dir='ltr'><strong>evangelizantes,</strong></span> <span class='ocrx_word' id='word_1_132' title='bbox 323 1980 356 2036; x_wconf 93' lang='lat' dir='ltr'><strong>et</strong></span> <span class='ocrx_word' id='word_1_133' title='bbox 377 1983 524 2040; x_wconf 86' lang='lat' dir='ltr'><strong>curantes</strong></span> <span class='ocrx_word' id='word_1_134' title='bbox 546 1971 676 2062; x_wconf 88' lang='lat' dir='ltr'><strong>ubique.</strong></span> 
     </span>
    </p>
   </div>
   <div class='ocr_carea' id='block_1_12' title="bbox 33 2123 1241 2895">
    <p class='ocr_par' dir='ltr' id='par_1_12' title="bbox 33 2123 1241 2895">
     <span class='ocr_line' id='line_1_18' title="bbox 107 2123 1241 2211; baseline 0.009 -26"><span class='ocrx_word' id='word_1_135' title='bbox 107 2125 199 2188; x_wconf 88' lang='lat' dir='ltr'><strong>Marc.</strong></span> <span class='ocrx_word' id='word_1_136' title='bbox 219 2131 266 2206; x_wconf 75' lang='lat'><strong>12.</strong></span> <span class='ocrx_word' id='word_1_137' title='bbox 303 2123 346 2185; x_wconf 77' lang='lat' dir='ltr'><strong>Et</strong></span> <span class='ocrx_word' id='word_1_138' title='bbox 364 2131 470 2202; x_wconf 77' lang='lat' dir='ltr'><strong>egressi</strong></span> <span class='ocrx_word' id='word_1_139' title='bbox 482 2126 701 2204; x_wconf 77' lang='lat' dir='ltr'><strong>praedicabunt.</strong></span> <span class='ocrx_word' id='word_1_140' title='bbox 737 2125 901 2194; x_wconf 74' lang='lat' dir='ltr'><strong>Matthaeus</strong></span> <span class='ocrx_word' id='word_1_141' title='bbox 914 2131 1030 2193; x_wconf 84' lang='lat' dir='ltr'><strong>silentio</strong></span> <span class='ocrx_word' id='word_1_142' title='bbox 1042 2134 1158 2211; x_wconf 87' lang='lat' dir='ltr'><strong>transit,</strong></span> <span class='ocrx_word' id='word_1_143' title='bbox 1238 2152 1241 2160; x_wconf 74' lang='lat'><strong><em>¹</em></strong></span> 
     </span>
     <span class='ocr_line' id='line_1_19' title="bbox 35 2201 1158 2284; baseline 0.01 -24"><span class='ocrx_word' id='word_1_144' title='bbox 35 2201 101 2281; x_wconf 90' lang='lat' dir='ltr'><strong>quid</strong></span> <span class='ocrx_word' id='word_1_145' title='bbox 123 2202 240 2284; x_wconf 80' lang='lat' dir='ltr'><strong>egerint</strong></span> <span class='ocrx_word' id='word_1_146' title='bbox 256 2202 409 2283; x_wconf 82' lang='lat' dir='ltr'><strong>Apostoli:</strong></span> <span class='ocrx_word' id='word_1_147' title='bbox 441 2205 557 2264; x_wconf 86' lang='lat' dir='ltr'><strong>Marcus</strong></span> <span class='ocrx_word' id='word_1_148' title='bbox 580 2215 611 2264; x_wconf 89' lang='lat' dir='ltr'><strong>et</strong></span> <span class='ocrx_word' id='word_1_149' title='bbox 629 2205 722 2264; x_wconf 89' lang='lat' dir='ltr'><strong>Lucas</strong></span> <span class='ocrx_word' id='word_1_150' title='bbox 742 2205 891 2284; x_wconf 81' lang='lat' dir='ltr'><strong>referunt,</strong></span> <span class='ocrx_word' id='word_1_151' title='bbox 921 2209 1083 2269; x_wconf 91' lang='lat' dir='ltr'><strong>iniunctam</strong></span> <span class='ocrx_word' id='word_1_152' title='bbox 1101 2211 1158 2271; x_wconf 88' lang='lat' dir='ltr'><strong>sihi</strong></span> 
     </span>
     <span class='ocr_line' id='line_1_20' title="bbox 33 2277 1158 2362; baseline 0.009 -26"><span class='ocrx_word' id='word_1_153' title='bbox 33 2279 213 2355; x_wconf 84' lang='lat' dir='ltr'><strong>provinciam</strong></span> <span class='ocrx_word' id='word_1_154' title='bbox 224 2277 345 2338; x_wconf 81' lang='lat' dir='ltr'><strong>obiisse:</strong></span> <span class='ocrx_word' id='word_1_155' title='bbox 367 2298 401 2338; x_wconf 85' lang='lat' dir='ltr'><strong>ex</strong></span> <span class='ocrx_word' id='word_1_156' title='bbox 420 2299 546 2358; x_wconf 89' lang='lat' dir='ltr'><strong>qnorum</strong></span> <span class='ocrx_word' id='word_1_157' title='bbox 557 2278 653 2339; x_wconf 85' lang='lat' dir='ltr'><strong>verbis</strong></span> <span class='ocrx_word' id='word_1_158' title='bbox 672 2278 776 2339; x_wconf 89' lang='lat' dir='ltr'><strong>clarius</strong></span> <span class='ocrx_word' id='word_1_159' title='bbox 795 2293 876 2358; x_wconf 87' lang='lat' dir='ltr'><strong>patet</strong></span> <span class='ocrx_word' id='word_1_160' title='bbox 895 2283 975 2362; x_wconf 92' lang='lat' dir='ltr'><strong>quod</strong></span> <span class='ocrx_word' id='word_1_161' title='bbox 995 2283 1062 2357; x_wconf 86' lang='lat' dir='ltr'><strong>dixi,</strong></span> <span class='ocrx_word' id='word_1_162' title='bbox 1081 2296 1158 2346; x_wconf 90' lang='lat' dir='ltr'><strong>tern-</strong></span> 
     </span>
     <span class='ocr_line' id='line_1_21' title="bbox 33 2354 1157 2446; baseline 0.007 -33"><span class='ocrx_word' id='word_1_163' title='bbox 33 2356 134 2446; x_wconf 88' lang='lat' dir='ltr'><strong>porale</strong></span> <span class='ocrx_word' id='word_1_164' title='bbox 155 2354 213 2414; x_wconf 91' lang='lat' dir='ltr'><strong>hoc</strong></span> <span class='ocrx_word' id='word_1_165' title='bbox 234 2365 264 2414; x_wconf 88' lang='lat' dir='ltr'><strong>et</strong></span> <span class='ocrx_word' id='word_1_166' title='bbox 283 2354 401 2445; x_wconf 86' lang='lat' dir='ltr'><strong>quidem</strong></span> <span class='ocrx_word' id='word_1_167' title='bbox 420 2375 582 2436; x_wconf 89' lang='lat' dir='ltr'><strong>paucorum</strong></span> <span class='ocrx_word' id='word_1_168' title='bbox 603 2355 715 2415; x_wconf 87' lang='lat' dir='ltr'><strong>dierum</strong></span> <span class='ocrx_word' id='word_1_169' title='bbox 734 2354 821 2414; x_wconf 85' lang='lat' dir='ltr'><strong>fuisse</strong></span> <span class='ocrx_word' id='word_1_170' title='bbox 840 2379 960 2433; x_wconf 90' lang='lat' dir='ltr'><strong>munus,</strong></span> <span class='ocrx_word' id='word_1_171' title='bbox 986 2361 1065 2438; x_wconf 92' lang='lat' dir='ltr'><strong>quod</strong></span> <span class='ocrx_word' id='word_1_172' title='bbox 1084 2371 1157 2421; x_wconf 90' lang='lat' dir='ltr'><strong>tunc</strong></span> 
     </span>
     <span class='ocr_line' id='line_1_22' title="bbox 33 2429 1168 2512; baseline 0.005 -22"><span class='ocrx_word' id='word_1_173' title='bbox 33 2429 89 2490; x_wconf 86' lang='lat' dir='ltr'><strong>rllis</strong></span> <span class='ocrx_word' id='word_1_174' title='bbox 109 2430 245 2493; x_wconf 87' lang='lat' dir='ltr'><strong>Christus</strong></span> <span class='ocrx_word' id='word_1_175' title='bbox 264 2429 396 2490; x_wconf 81' lang='lat' dir='ltr'><strong>inrunxit.</strong></span> <span class='ocrx_word' id='word_1_176' title='bbox 434 2432 546 2492; x_wconf 90' lang='lat' dir='ltr'><strong>Dicunt</strong></span> <span class='ocrx_word' id='word_1_177' title='bbox 565 2431 660 2507; x_wconf 89' lang='lat' dir='ltr'><strong>enim,</strong></span> <span class='ocrx_word' id='word_1_178' title='bbox 685 2430 835 2511; x_wconf 80' lang='lat' dir='ltr'><strong>proiectos</strong></span> <span class='ocrx_word' id='word_1_179' title='bbox 855 2452 917 2492; x_wconf 89' lang='lat' dir='ltr'><strong>esse</strong></span> <span class='ocrx_word' id='word_1_180' title='bbox 940 2453 995 2512; x_wconf 90' lang='lat' dir='ltr'><strong>per</strong></span> <span class='ocrx_word' id='word_1_181' title='bbox 1018 2434 1106 2494; x_wconf 88' lang='lat' dir='ltr'><strong>urbes</strong></span> <span class='ocrx_word' id='word_1_182' title='bbox 1126 2447 1168 2496; x_wconf 81' lang='lat' dir='ltr'><strong>et·</strong></span> 
     </span>
     <span class='ocr_line' id='line_1_23' title="bbox 35 2507 1156 2592; baseline 0.005 -26"><span class='ocrx_word' id='word_1_183' title='bbox 35 2508 164 2567; x_wconf 76' lang='lat' dir='ltr'><strong>castella:</strong></span> <span class='ocrx_word' id='word_1_184' title='bbox 185 2527 241 2567; x_wconf 90' lang='lat' dir='ltr'><strong>ncc</strong></span> <span class='ocrx_word' id='word_1_185' title='bbox 253 2507 375 2575; x_wconf 88' lang='lat' dir='ltr'><strong>dubium</strong></span> <span class='ocrx_word' id='word_1_186' title='bbox 387 2518 441 2584; x_wconf 90' lang='lat' dir='ltr'><strong>est,</strong></span> <span class='ocrx_word' id='word_1_187' title='bbox 461 2508 531 2587; x_wconf 90' lang='lat' dir='ltr'><strong>quin</strong></span> <span class='ocrx_word' id='word_1_188' title='bbox 551 2507 639 2589; x_wconf 85' lang='lat' dir='ltr'><strong>paulo</strong></span> <span class='ocrx_word' id='word_1_189' title='bbox 659 2517 726 2587; x_wconf 88' lang='lat' dir='ltr'><strong>post</strong></span> <span class='ocrx_word' id='word_1_190' title='bbox 735 2509 844 2567; x_wconf 86' lang='lat' dir='ltr'><strong>reversi</strong></span> <span class='ocrx_word' id='word_1_191' title='bbox 855 2509 915 2584; x_wconf 79' lang='lat' dir='ltr'><strong>sint</strong></span> <span class='ocrx_word' id='word_1_192' title='bbox 924 2511 959 2570; x_wconf 82' lang='lat' dir='ltr'><strong>ad</strong></span> <span class='ocrx_word' id='word_1_193' title='bbox 972 2509 1156 2592; x_wconf 82' lang='lat' dir='ltr'><strong>Magistrum,</strong></span> 
     </span>
     <span class='ocr_line' id='line_1_24' title="bbox 34 2582 1156 2666; baseline 0.007 -26"><span class='ocrx_word' id='word_1_194' title='bbox 34 2594 67 2641; x_wconf 92' lang='lat' dir='ltr'><strong>ut</strong></span> <span class='ocrx_word' id='word_1_195' title='bbox 84 2583 154 2644; x_wconf 87' lang='lat' dir='ltr'><strong>ahhi</strong></span> <span class='ocrx_word' id='word_1_196' title='bbox 173 2583 295 2644; x_wconf 87' lang='lat' dir='ltr'><strong>dicetur.</strong></span> <span class='ocrx_word' id='word_1_197' title='bbox 335 2584 401 2645; x_wconf 88' lang='lat' dir='ltr'><strong>Hoc</strong></span> <span class='ocrx_word' id='word_1_198' title='bbox 420 2584 520 2645; x_wconf 80' lang='lat' dir='ltr'><strong>solum&#39;</strong></span> <span class='ocrx_word' id='word_1_199' title='bbox 536 2583 718 2664; x_wconf 82' lang='lat' dir='ltr'><strong>expositione</strong></span> <span class='ocrx_word' id='word_1_200' title='bbox 737 2582 860 2666; x_wconf 83' lang='lat' dir='ltr'><strong>indiget,</strong></span> <span class='ocrx_word' id='word_1_201' title='bbox 880 2585 960 2663; x_wconf 89' lang='lat' dir='ltr'><strong>quod</strong></span> <span class='ocrx_word' id='word_1_202' title='bbox 971 2587 1086 2647; x_wconf 88' lang='lat' dir='ltr'><strong>Marcus</strong></span> <span class='ocrx_word' id='word_1_203' title='bbox 1105 2607 1156 2648; x_wconf 82' lang='lat' dir='ltr'><strong>rc-</strong></span> 
     </span>
     <span class='ocr_line' id='line_1_25' title="bbox 35 2658 1157 2743; baseline 0.008 -26"><span class='ocrx_word' id='word_1_204' title='bbox 35 2658 112 2735; x_wconf 82' lang='lat' dir='ltr'><strong>citat,</strong></span> <span class='ocrx_word' id='word_1_205' title='bbox 129 2662 251 2720; x_wconf 67' lang='lat' dir='ltr'><strong>memisse</strong></span> <span class='ocrx_word' id='word_1_206' title='bbox 269 2659 331 2720; x_wconf 85' lang='lat' dir='ltr'><strong>oleo</strong></span> <span class='ocrx_word' id='word_1_207' title='bbox 348 2661 452 2721; x_wconf 77' lang='lat' dir='ltr'><strong>multos</strong></span> <span class='ocrx_word' id='word_1_208' title='bbox 468 2662 609 2742; x_wconf 69' lang='lat' dir='ltr'><strong>infimos.</strong></span> <span class='ocrx_word' id='word_1_209' title='bbox 648 2659 811 2735; x_wconf 79' lang='lat' dir='ltr'><strong>Quaeritur</strong></span> <span class='ocrx_word' id='word_1_210' title='bbox 825 2659 915 2736; x_wconf 86' lang='lat' dir='ltr'><strong>enim,</strong></span> <span class='ocrx_word' id='word_1_211' title='bbox 935 2665 1025 2743; x_wconf 83' lang='lat' dir='ltr'><strong>quum</strong></span> <span class='ocrx_word' id='word_1_212' title='bbox 1036 2664 1157 2726; x_wconf 89' lang='lat' dir='ltr'><strong>sanandi</strong></span> 
     </span>
     <span class='ocr_line' id='line_1_26' title="bbox 35 2733 1155 2816; baseline 0.007 -24"><span class='ocrx_word' id='word_1_213' title='bbox 35 2733 151 2797; x_wconf 82' lang='lat' dir='ltr'><strong>facultas</strong></span> <span class='ocrx_word' id='word_1_214' title='bbox 182 2736 238 2796; x_wconf 86' lang='lat' dir='ltr'><strong>illis</strong></span> <span class='ocrx_word' id='word_1_215' title='bbox 263 2736 329 2810; x_wconf 88' lang='lat' dir='ltr'><strong>data</strong></span> <span class='ocrx_word' id='word_1_216' title='bbox 357 2749 434 2799; x_wconf 87' lang='lat' dir='ltr'><strong>essct</strong></span> <span class='ocrx_word' id='word_1_217' title='bbox 461 2737 648 2813; x_wconf 81' lang='lat' dir='ltr'><strong>aChristo,‘</strong></span> <span class='ocrx_word' id='word_1_218' title='bbox 662 2757 801 2816; x_wconf 83' lang='lat' dir='ltr'><strong>quorsum</strong></span> <span class='ocrx_word' id='word_1_219' title='bbox 829 2737 927 2798; x_wconf 92' lang='lat' dir='ltr'><strong>oleum</strong></span> <span class='ocrx_word' id='word_1_220' title='bbox 958 2738 1155 2802; x_wconf 86' lang='lat' dir='ltr'><strong>adhibuerint.</strong></span> 
     </span>
     <span class='ocr_line' id='line_1_27' title="bbox 35 2808 1157 2895; baseline 0.009 -27"><span class='ocrx_word' id='word_1_221' title='bbox 35 2808 121 2872; x_wconf 87' lang='lat' dir='ltr'><strong>Docti</strong></span> <span class='ocrx_word' id='word_1_222' title='bbox 132 2813 248 2894; x_wconf 89' lang='lat' dir='ltr'><strong>quidam</strong></span> <span class='ocrx_word' id='word_1_223' title='bbox 266 2813 400 2876; x_wconf 89' lang='lat' dir='ltr'><strong>homines</strong></span> <span class='ocrx_word' id='word_1_224' title='bbox 411 2813 616 2876; x_wconf 79' lang='lat' dir='ltr'><strong>medicamenti</strong></span> <span class='ocrx_word' id='word_1_225' title='bbox 635 2813 762 2895; x_wconf 88' lang='lat' dir='ltr'><strong>speciem</strong></span> <span class='ocrx_word' id='word_1_226' title='bbox 782 2812 869 2874; x_wconf 87' lang='lat' dir='ltr'><strong>fuisse</strong></span> <span class='ocrx_word' id='word_1_227' title='bbox 883 2827 1003 2895; x_wconf 87' lang='lat' dir='ltr'><strong>putant,</strong></span> <span class='ocrx_word' id='word_1_228' title='bbox 1021 2815 1157 2878; x_wconf 85' lang='lat' dir='ltr'><strong>etlateor</strong></span> 
     </span>
    </p>
   </div>
   <div class='ocr_carea' id='block_1_13' title="bbox 34 2885 1281 2972">
    <p class='ocr_par' dir='ltr' id='par_1_13' title="bbox 34 2885 1281 2972">
     <span class='ocr_line' id='line_1_28' title="bbox 34 2885 1281 2972; baseline 0.01 -28"><span class='ocrx_word' id='word_1_229' title='bbox 34 2885 137 2951; x_wconf 89' lang='lat' dir='ltr'><strong>inillis</strong></span> <span class='ocrx_word' id='word_1_230' title='bbox 157 2889 329 2970; x_wconf 86' lang='lat' dir='ltr'><strong>regionibus</strong></span> <span class='ocrx_word' id='word_1_231' title='bbox 347 2885 533 2972; x_wconf 77' lang='lat' dir='ltr'><strong>frequentem</strong></span> <span class='ocrx_word' id='word_1_232' title='bbox 553 2891 612 2952; x_wconf 89' lang='lat' dir='ltr'><strong>olei</strong></span> <span class='ocrx_word' id='word_1_233' title='bbox 631 2890 719 2952; x_wconf 86' lang='lat' dir='ltr'><strong>fuisse</strong></span> <span class='ocrx_word' id='word_1_234' title='bbox 745 2911 843 2957; x_wconf 87' lang='lat' dir='ltr'><strong>nsum:</strong></span> <span class='ocrx_word' id='word_1_235' title='bbox 872 2891 925 2952; x_wconf 88' lang='lat' dir='ltr'><strong>scd</strong></span> <span class='ocrx_word' id='word_1_236' title='bbox 955 2891 1029 2952; x_wconf 88' lang='lat' dir='ltr'><strong>nihil</strong></span> <span class='ocrx_word' id='word_1_237' title='bbox 1058 2894 1155 2955; x_wconf 88' lang='lat' dir='ltr'><strong>minus</strong></span> <span class='ocrx_word' id='word_1_238' title='bbox 1188 2929 1195 2940; x_wconf 90' lang='lat'><em>·</em></span> <span class='ocrx_word' id='word_1_239' title='bbox 1278 2887 1281 2906; x_wconf 76' lang='lat'>&#39;</span> 
     </span>
    </p>
   </div>
   <div class='ocr_carea' id='block_1_14' title="bbox 35 2966 1156 3332">
    <p class='ocr_par' dir='ltr' id='par_1_14' title="bbox 35 2966 1156 3332">
     <span class='ocr_line' id='line_1_29' title="bbox 36 2966 1154 3049; baseline 0.008 -28"><span class='ocrx_word' id='word_1_240' title='bbox 36 2977 262 3026; x_wconf 88' lang='lat' dir='ltr'><strong>cousentaneum</strong></span> <span class='ocrx_word' id='word_1_241' title='bbox 281 2977 336 3045; x_wconf 87' lang='lat' dir='ltr'><strong>est,</strong></span> <span class='ocrx_word' id='word_1_242' title='bbox 356 2989 441 3049; x_wconf 90' lang='lat' dir='ltr'><strong>quam</strong></span> <span class='ocrx_word' id='word_1_243' title='bbox 456 2966 617 3049; x_wconf 79' lang='lat' dir='ltr'><strong>Apostolos</strong></span> <span class='ocrx_word' id='word_1_244' title='bbox 637 2966 791 3028; x_wconf 89' lang='lat' dir='ltr'><strong>ordinariis</strong></span> <span class='ocrx_word' id='word_1_245' title='bbox 809 2977 842 3026; x_wconf 85' lang='lat' dir='ltr'><strong>ct</strong></span> <span class='ocrx_word' id='word_1_246' title='bbox 859 2967 1038 3029; x_wconf 89' lang='lat' dir='ltr'><strong>naturalibus</strong></span> <span class='ocrx_word' id='word_1_247' title='bbox 1057 2987 1154 3030; x_wconf 85' lang='lat' dir='ltr'><strong>reme-</strong></span> 
     </span>
     <span class='ocr_line' id='line_1_30' title="bbox 36 3036 1156 3126; baseline 0.01 -31"><span class='ocrx_word' id='word_1_248' title='bbox 36 3036 87 3099; x_wconf 88' lang='lat' dir='ltr'><strong>diis</strong></span> <span class='ocrx_word' id='word_1_249' title='bbox 105 3063 171 3105; x_wconf 89' lang='lat' dir='ltr'><strong>nsos</strong></span> <span class='ocrx_word' id='word_1_250' title='bbox 192 3055 264 3119; x_wconf 84' lang='lat' dir='ltr'><strong>esse,</strong></span> <span class='ocrx_word' id='word_1_251' title='bbox 284 3064 359 3125; x_wconf 89' lang='lat' dir='ltr'><strong>quac</strong></span> <span class='ocrx_word' id='word_1_252' title='bbox 378 3045 488 3106; x_wconf 82' lang='lat' dir='ltr'><strong>Christi</strong></span> <span class='ocrx_word' id='word_1_253' title='bbox 507 3041 652 3107; x_wconf 82' lang='lat' dir='ltr'><strong>miraculis</strong></span> <span class='ocrx_word' id='word_1_254' title='bbox 671 3042 792 3104; x_wconf 87' lang='lat' dir='ltr'><strong>nebulas</strong></span> <span class='ocrx_word' id='word_1_255' title='bbox 812 3043 1011 3105; x_wconf 78' lang='lat' dir='ltr'><strong>offunderent.</strong></span> <span class='ocrx_word' id='word_1_256' title='bbox 1048 3044 1156 3126; x_wconf 85' lang='lat' dir='ltr'><strong>Neque</strong></span> 
     </span>
     <span class='ocr_line' id='line_1_31' title="bbox 36 3119 1154 3204; baseline 0.009 -30"><span class='ocrx_word' id='word_1_257' title='bbox 36 3119 111 3176; x_wconf 88' lang='lat' dir='ltr'><strong>enim</strong></span> <span class='ocrx_word' id='word_1_258' title='bbox 130 3131 192 3180; x_wconf 86' lang='lat' dir='ltr'><strong>arte</strong></span> <span class='ocrx_word' id='word_1_259' title='bbox 213 3133 243 3180; x_wconf 87' lang='lat' dir='ltr'><strong>ct</strong></span> <span class='ocrx_word' id='word_1_260' title='bbox 261 3121 366 3200; x_wconf 87' lang='lat' dir='ltr'><strong>peritia</strong></span> <span class='ocrx_word' id='word_1_261' title='bbox 385 3121 523 3182; x_wconf 90' lang='lat' dir='ltr'><strong>medendi</strong></span> <span class='ocrx_word' id='word_1_262' title='bbox 542 3119 677 3182; x_wconf 86' lang='lat' dir='ltr'><strong>instructi</strong></span> <span class='ocrx_word' id='word_1_263' title='bbox 696 3120 816 3190; x_wconf 84' lang='lat' dir='ltr'><strong>luerunt</strong></span> <span class='ocrx_word' id='word_1_264' title='bbox 834 3121 1004 3196; x_wconf 78' lang='lat' dir='ltr'><strong>aDomina,</strong></span> <span class='ocrx_word' id='word_1_265' title='bbox 1023 3121 1075 3182; x_wconf 90' lang='lat' dir='ltr'><strong>sed</strong></span> <span class='ocrx_word' id='word_1_266' title='bbox 1095 3143 1154 3204; x_wconf 85' lang='lat' dir='ltr'><strong>po·</strong></span> 
     </span>
     <span class='ocr_line' id='line_1_32' title="bbox 35 3190 1153 3332; baseline 0.012 -85"><span class='ocrx_word' id='word_1_267' title='bbox 35 3190 89 3252; x_wconf 84' lang='lat' dir='ltr'><strong>tius</strong></span> <span class='ocrx_word' id='word_1_268' title='bbox 107 3195 175 3256; x_wconf 85' lang='lat' dir='ltr'><strong>iussi</strong></span> <span class='ocrx_word' id='word_1_269' title='bbox 200 3206 269 3256; x_wconf 86' lang='lat' dir='ltr'><strong>sunt</strong></span> <span class='ocrx_word' id='word_1_270' title='bbox 296 3197 435 3258; x_wconf 84' lang='lat' dir='ltr'><strong>miracula</strong></span> <span class='ocrx_word' id='word_1_271' title='bbox 466 3197 569 3275; x_wconf 90' lang='lat' dir='ltr'><strong>edere,</strong></span> <span class='ocrx_word' id='word_1_272' title='bbox 600 3215 675 3332; x_wconf 82' lang='lat' dir='ltr'><strong>quae</strong></span> <span class='ocrx_word' id='word_1_273' title='bbox 704 3208 798 3263; x_wconf 87' lang='lat' dir='ltr'><strong>totam</strong></span> <span class='ocrx_word' id='word_1_274' title='bbox 816 3197 955 3258; x_wconf 80' lang='lat' dir='ltr'><strong>Iudaeam</strong></span> <span class='ocrx_word' id='word_1_275' title='bbox 986 3199 1153 3260; x_wconf 84' lang='lat' dir='ltr'><strong>excitarent.</strong></span> 
     </span>
    </p>
   </div>
   <div class='ocr_carea' id='block_1_15' title="bbox 37 3265 1374 3357">
    <p class='ocr_par' dir='ltr' id='par_1_15' title="bbox 37 3265 1374 3357">
     <span class='ocr_line' id='line_1_33' title="bbox 37 3265 1374 3357; baseline 0.008 -31"><span class='ocrx_word' id='word_1_276' title='bbox 37 3265 190 3332; x_wconf 85' lang='lat' dir='ltr'><strong>Constituo</strong></span> <span class='ocrx_word' id='word_1_277' title='bbox 210 3273 315 3354; x_wconf 88' lang='lat' dir='ltr'><strong>igitur,</strong></span> <span class='ocrx_word' id='word_1_278' title='bbox 342 3273 431 3334; x_wconf 84' lang='lat' dir='ltr'><strong>fuisse</strong></span> <span class='ocrx_word' id='word_1_279' title='bbox 452 3272 511 3334; x_wconf 91' lang='lat' dir='ltr'><strong>hoc</strong></span> <span class='ocrx_word' id='word_1_280' title='bbox 529 3273 613 3336; x_wconf 86' lang='lat' dir='ltr'><strong>visihr</strong></span> <span class='ocrx_word' id='word_1_281' title='bbox 627 3293 650 3332; x_wconf 82' lang='lat' dir='ltr'><strong>e</strong></span> <span class='ocrx_word' id='word_1_282' title='bbox 667 3294 680 3333; x_wconf 94' lang='lat' dir='ltr'><strong>s</strong></span> <span class='ocrx_word' id='word_1_283' title='bbox 699 3273 832 3335; x_wconf 86' lang='lat' dir='ltr'><strong>mholum</strong></span> <span class='ocrx_word' id='word_1_284' title='bbox 857 3273 1013 3354; x_wconf 89' lang='lat' dir='ltr'><strong>spiritualis</strong></span> <span class='ocrx_word' id='word_1_285' title='bbox 1033 3277 1154 3357; x_wconf 82' lang='lat' dir='ltr'><strong>gratiae,</strong></span> <span class='ocrx_word' id='word_1_286' title='bbox 1269 3328 1272 3336; x_wconf 65' lang='grc'>,</span> <span class='ocrx_word' id='word_1_287' title='bbox 1373 3281 1374 3356; x_wconf 69' lang='lat' dir='ltr'>J</span> 
     </span>
    </p>
   </div>
   <div class='ocr_carea' id='block_1_16' title="bbox 36 3293 1218 4042">
    <p class='ocr_par' dir='ltr' id='par_1_16' title="bbox 36 3293 1218 4042">
     <span class='ocr_line' id='line_1_34' title="bbox 36 3293 1217 3432; baseline 0.01 -28"><span class='ocrx_word' id='word_1_288' title='bbox 36 3361 93 3420; x_wconf 90' lang='lat' dir='ltr'><strong>quo</strong></span> <span class='ocrx_word' id='word_1_289' title='bbox 110 3348 208 3409; x_wconf 87' lang='lat' dir='ltr'><strong>testati</strong></span> <span class='ocrx_word' id='word_1_290' title='bbox 226 3361 295 3409; x_wconf 87' lang='lat' dir='ltr'><strong>sunt</strong></span> <span class='ocrx_word' id='word_1_291' title='bbox 313 3349 472 3429; x_wconf 86' lang='lat' dir='ltr'><strong>provenire</strong></span> <span class='ocrx_word' id='word_1_292' title='bbox 497 3368 531 3414; x_wconf 84' lang='lat' dir='ltr'><strong>ex</strong></span> <span class='ocrx_word' id='word_1_293' title='bbox 550 3370 654 3413; x_wconf 86' lang='lat' dir='ltr'><strong>arcana</strong></span> <span class='ocrx_word' id='word_1_294' title='bbox 672 3293 858 3422; x_wconf 67' lang='lat' dir='ltr'><strong>lleivirtute</strong></span> <span class='ocrx_word' id='word_1_295' title='bbox 877 3351 1047 3432; x_wconf 83' lang='lat' dir='ltr'><strong>sanitatem,</strong></span> <span class='ocrx_word' id='word_1_296' title='bbox 1071 3353 1152 3415; x_wconf 87' lang='lat' dir='ltr'><strong>cuius</strong></span> <span class='ocrx_word' id='word_1_297' title='bbox 1214 3411 1217 3416; x_wconf 90' lang='lat'><strong>.</strong></span> 
     </span>
     <span class='ocr_line' id='line_1_35' title="bbox 36 3419 1152 3518; baseline 0.01 -39"><span class='ocrx_word' id='word_1_298' title='bbox 36 3419 154 3484; x_wconf 87' lang='lat' dir='ltr'><strong>ministri</strong></span> <span class='ocrx_word' id='word_1_299' title='bbox 173 3436 270 3485; x_wconf 82' lang='lat' dir='ltr'><strong>erant:</strong></span> <span class='ocrx_word' id='word_1_300' title='bbox 296 3447 364 3485; x_wconf 89' lang='lat' dir='ltr'><strong>nam</strong></span> <span class='ocrx_word' id='word_1_301' title='bbox 382 3425 444 3487; x_wconf 78' lang='lat' dir='ltr'><strong>olco</strong></span> <span class='ocrx_word' id='word_1_302' title='bbox 464 3426 592 3506; x_wconf 80' lang='lat' dir='ltr'><strong>Spiritus</strong></span> <span class='ocrx_word' id='word_1_303' title='bbox 611 3426 732 3508; x_wconf 82' lang='lat' dir='ltr'><strong>gratiam</strong></span> <span class='ocrx_word' id='word_1_304' title='bbox 751 3425 871 3508; x_wconf 85' lang='lat' dir='ltr'><strong>figurari</strong></span> <span class='ocrx_word' id='word_1_305' title='bbox 889 3425 942 3488; x_wconf 87' lang='lat' dir='ltr'><strong>sub</strong></span> <span class='ocrx_word' id='word_1_306' title='bbox 962 3428 1045 3518; x_wconf 64' lang='lat' dir='ltr'><strong>chq</strong></span> <span class='ocrx_word' id='word_1_307' title='bbox 1063 3431 1152 3492; x_wconf 82' lang='lat' dir='ltr'><strong>usita-.</strong></span> 
     </span>
     <span class='ocr_line' id='line_1_36' title="bbox 36 3498 1153 3585; baseline 0.008 -30"><span class='ocrx_word' id='word_1_308' title='bbox 36 3501 96 3555; x_wconf 78' lang='lat' dir='ltr'><strong>turn</strong></span> <span class='ocrx_word' id='word_1_309' title='bbox 114 3498 175 3562; x_wconf 84' lang='lat' dir='ltr'><strong>luit.</strong></span> <span class='ocrx_word' id='word_1_310' title='bbox 216 3501 313 3577; x_wconf 84' lang='lat' dir='ltr'><strong>Quam</strong></span> <span class='ocrx_word' id='word_1_311' title='bbox 331 3523 403 3564; x_wconf 80' lang='lat' dir='ltr'><strong>vero</strong></span> <span class='ocrx_word' id='word_1_312' title='bbox 422 3512 610 3584; x_wconf 74' lang='lat' dir='ltr'><strong>praepostere</strong></span> <span class='ocrx_word' id='word_1_313' title='bbox 624 3500 785 3583; x_wconf 79' lang='lat' dir='ltr'><strong>Apostolos</strong></span> <span class='ocrx_word' id='word_1_314' title='bbox 803 3503 908 3564; x_wconf 88' lang='lat' dir='ltr'><strong>imitati</strong></span> <span class='ocrx_word' id='word_1_315' title='bbox 926 3504 994 3579; x_wconf 88' lang='lat' dir='ltr'><strong>sint,</strong></span> <span class='ocrx_word' id='word_1_316' title='bbox 1013 3504 1064 3583; x_wconf 91' lang='lat' dir='ltr'><strong>qui</strong></span> <span class='ocrx_word' id='word_1_317' title='bbox 1082 3521 1153 3585; x_wconf 70' lang='lat' dir='ltr'><strong>pqr-</strong></span> 
     </span>
     <span class='ocr_line' id='line_1_37' title="bbox 37 3578 1218 3661; baseline 0.008 -32"><span class='ocrx_word' id='word_1_318' title='bbox 37 3582 151 3647; x_wconf 86' lang='lat' dir='ltr'><strong>pctuum</strong></span> <span class='ocrx_word' id='word_1_319' title='bbox 168 3579 258 3638; x_wconf 89' lang='lat' dir='ltr'><strong>ritum</strong></span> <span class='ocrx_word' id='word_1_320' title='bbox 277 3597 316 3640; x_wconf 91' lang='lat' dir='ltr'><strong>un</strong></span> <span class='ocrx_word' id='word_1_321' title='bbox 340 3579 408 3639; x_wconf 89' lang='lat' dir='ltr'><strong>endi</strong></span> <span class='ocrx_word' id='word_1_322' title='bbox 428 3599 461 3640; x_wconf 90' lang='lat' dir='ltr'><strong>ae</strong></span> <span class='ocrx_word' id='word_1_323' title='bbox 494 3591 566 3642; x_wconf 78' lang='lat' dir='ltr'><strong>utos</strong></span> <span class='ocrx_word' id='word_1_324' title='bbox 583 3579 615 3639; x_wconf 93' lang='lat' dir='ltr'><strong>in</strong></span> <span class='ocrx_word' id='word_1_325' title='bbox 630 3578 928 3640; x_wconf 76' lang='lat' dir='ltr'><strong>Ecclesiautatuetun</strong></span> <span class='ocrx_word' id='word_1_326' title='bbox 971 3580 1041 3640; x_wconf 88' lang='lat' dir='ltr'><strong>inde</strong></span> <span class='ocrx_word' id='word_1_327' title='bbox 1060 3591 1152 3661; x_wconf 88' lang='lat' dir='ltr'><strong>patet,</strong></span> <span class='ocrx_word' id='word_1_328' title='bbox 1207 3603 1218 3630; x_wconf 68' lang='lat'><strong>.-</strong></span> 
     </span>
     <span class='ocr_line' id='line_1_38' title="bbox 39 3650 1152 3778; baseline 0.007 -71"><span class='ocrx_word' id='word_1_329' title='bbox 39 3650 114 3778; x_wconf 76' lang='lat' dir='ltr'><strong>quod</strong></span> <span class='ocrx_word' id='word_1_330' title='bbox 133 3653 288 3715; x_wconf 87' lang='lat' dir='ltr'><strong>sanationis</strong></span> <span class='ocrx_word' id='word_1_331' title='bbox 328 3675 419 3716; x_wconf 88' lang='lat' dir='ltr'><strong>onum</strong></span> <span class='ocrx_word' id='word_1_332' title='bbox 438 3656 464 3717; x_wconf 86' lang='lat' dir='ltr'>C</span> <span class='ocrx_word' id='word_1_333' title='bbox 486 3659 571 3718; x_wconf 86' lang='lat' dir='ltr'><strong>ristus</strong></span> <span class='ocrx_word' id='word_1_334' title='bbox 590 3654 741 3738; x_wconf 84' lang='lat' dir='ltr'><strong>Apostolis</strong></span> <span class='ocrx_word' id='word_1_335' title='bbox 760 3655 895 3732; x_wconf 85' lang='lat' dir='ltr'><strong>contulit,</strong></span> <span class='ocrx_word' id='word_1_336' title='bbox 915 3676 977 3717; x_wconf 92' lang='lat' dir='ltr'><strong>non</strong></span> <span class='ocrx_word' id='word_1_337' title='bbox 997 3667 1030 3714; x_wconf 87' lang='lat' dir='ltr'><strong>ut</strong></span> <span class='ocrx_word' id='word_1_338' title='bbox 1047 3655 1152 3715; x_wconf 89' lang='lat' dir='ltr'><strong>haere·</strong></span> 
     </span>
     <span class='ocr_line' id='line_1_39' title="bbox 58 3722 1153 3814; baseline 0.009 -33"><span class='ocrx_word' id='word_1_339' title='bbox 58 3722 137 3788; x_wconf 87' lang='lat' dir='ltr'><strong>itario</strong></span> <span class='ocrx_word' id='word_1_340' title='bbox 155 3730 225 3790; x_wconf 88' lang='lat' dir='ltr'><strong>illud</strong></span> <span class='ocrx_word' id='word_1_341' title='bbox 245 3731 281 3790; x_wconf 89' lang='lat' dir='ltr'><strong>ad</strong></span> <span class='ocrx_word' id='word_1_342' title='bbox 322 3743 435 3793; x_wconf 86' lang='lat' dir='ltr'><strong>osteros</strong></span> <span class='ocrx_word' id='word_1_343' title='bbox 452 3733 695 3808; x_wconf 88' lang='lat' dir='ltr'><strong>transmitterent,</strong></span> <span class='ocrx_word' id='word_1_344' title='bbox 715 3731 766 3793; x_wconf 87' lang='lat' dir='ltr'><strong>sed</strong></span> <span class='ocrx_word' id='word_1_345' title='bbox 785 3744 818 3791; x_wconf 87' lang='lat' dir='ltr'><strong>ut</strong></span> <span class='ocrx_word' id='word_1_346' title='bbox 838 3731 874 3792; x_wconf 90' lang='lat' dir='ltr'><strong>ad</strong></span> <span class='ocrx_word' id='word_1_347' title='bbox 892 3744 1008 3814; x_wconf 78' lang='lat' dir='ltr'><strong>ternpus</strong></span> <span class='ocrx_word' id='word_1_348' title='bbox 1025 3729 1153 3813; x_wconf 85' lang='lat' dir='ltr'><strong>sigillum</strong></span> 
     </span>
     <span class='ocr_line' id='line_1_40' title="bbox 41 3753 1151 3890; baseline 0.013 -34"><span class='ocrx_word' id='word_1_349' title='bbox 41 3813 111 3885; x_wconf 68' lang='lat' dir='ltr'><strong>esset</strong></span> <span class='ocrx_word' id='word_1_350' title='bbox 127 3805 276 3890; x_wconf 84' lang='lat' dir='ltr'><strong>Evangelii</strong></span> <span class='ocrx_word' id='word_1_351' title='bbox 295 3753 455 3869; x_wconf 70' lang='lat' dir='ltr'><strong>doctrinae.</strong></span> <span class='ocrx_word' id='word_1_352' title='bbox 493 3812 533 3870; x_wconf 86' lang='lat' dir='ltr'><strong>Et</strong></span> <span class='ocrx_word' id='word_1_353' title='bbox 551 3809 640 3870; x_wconf 89' lang='lat' dir='ltr'><strong>hodie</strong></span> <span class='ocrx_word' id='word_1_354' title='bbox 660 3807 746 3868; x_wconf 89' lang='lat' dir='ltr'><strong>nimis</strong></span> <span class='ocrx_word' id='word_1_355' title='bbox 765 3809 885 3870; x_wconf 88' lang='lat' dir='ltr'><strong>ridicula</strong></span> <span class='ocrx_word' id='word_1_356' title='bbox 905 3822 949 3871; x_wconf 87' lang='lat' dir='ltr'><strong>est</strong></span> <span class='ocrx_word' id='word_1_357' title='bbox 966 3806 1151 3887; x_wconf 83' lang='lat' dir='ltr'><strong>Papistarum</strong></span> 
     </span>
     <span class='ocr_line' id='line_1_41' title="bbox 39 3877 1152 3966; baseline 0.013 -35"><span class='ocrx_word' id='word_1_358' title='bbox 39 3877 160 3957; x_wconf 71' lang='lat' dir='ltr'><strong>inscitia,</strong></span> <span class='ocrx_word' id='word_1_359' title='bbox 188 3885 237 3964; x_wconf 92' lang='lat' dir='ltr'><strong>qui</strong></span> <span class='ocrx_word' id='word_1_360' title='bbox 255 3885 386 3965; x_wconf 83' lang='lat' dir='ltr'><strong>putidam</strong></span> <span class='ocrx_word' id='word_1_361' title='bbox 403 3887 592 3962; x_wconf 86' lang='lat' dir='ltr'><strong>unctionem,</strong></span> <span class='ocrx_word' id='word_1_362' title='bbox 625 3905 681 3965; x_wconf 88' lang='lat' dir='ltr'><strong>qua</strong></span> <span class='ocrx_word' id='word_1_363' title='bbox 699 3884 905 3948; x_wconf 87' lang='lat' dir='ltr'><strong>semimortuos</strong></span> <span class='ocrx_word' id='word_1_364' title='bbox 931 3883 967 3946; x_wconf 89' lang='lat' dir='ltr'><strong>ad</strong></span> <span class='ocrx_word' id='word_1_365' title='bbox 986 3881 1152 3966; x_wconf 84' lang='lat' dir='ltr'><strong>sepulcrum</strong></span> 
     </span>
     <span class='ocr_line' id='line_1_42' title="bbox 41 3946 644 4042; baseline 0.018 -31"><span class='ocrx_word' id='word_1_366' title='bbox 41 3946 188 4038; x_wconf 85' lang='lat' dir='ltr'><strong>deducunt,</strong></span> <span class='ocrx_word' id='word_1_367' title='bbox 207 3981 264 4042; x_wconf 88' lang='lat' dir='ltr'><strong>pro</strong></span> <span class='ocrx_word' id='word_1_368' title='bbox 283 3973 464 4026; x_wconf 87' lang='lat' dir='ltr'><strong>sacramento</strong></span> <span class='ocrx_word' id='word_1_369' title='bbox 483 3963 644 4027; x_wconf 77' lang='lat' dir='ltr'><strong>venditant</strong></span> 
     </span>
    </p>
   </div>
   <div class='ocr_carea' id='block_1_17' title="bbox 42 4130 1153 4332">
    <p class='ocr_par' dir='ltr' id='par_1_17' title="bbox 42 4130 1153 4332">
     <span class='ocr_line' id='line_1_43' title="bbox 80 4130 1153 4232; baseline -0.005 -23"><span class='ocrx_word' id='word_1_370' title='bbox 80 4130 153 4213; x_wconf 58' lang='lat'>(91)</span> <span class='ocrx_word' id='word_1_371' title='bbox 190 4139 359 4208; x_wconf 87' lang='lat' dir='ltr'><strong>MATTH.</strong></span> <span class='ocrx_word' id='word_1_372' title='bbox 379 4143 433 4211; x_wconf 89' lang='lat' dir='ltr'><strong>Xl.</strong></span> <span class='ocrx_word' id='word_1_373' title='bbox 474 4143 503 4212; x_wconf 83' lang='lat'><strong>1.</strong></span> <span class='ocrx_word' id='word_1_374' title='bbox 521 4143 564 4210; x_wconf 88' lang='lat' dir='ltr'><strong>Et</strong></span> <span class='ocrx_word' id='word_1_375' title='bbox 583 4141 700 4215; x_wconf 83' lang='lat' dir='ltr'><strong>tactum</strong></span> <span class='ocrx_word' id='word_1_376' title='bbox 714 4153 771 4224; x_wconf 90' lang='lat' dir='ltr'><strong>est,</strong></span> <span class='ocrx_word' id='word_1_377' title='bbox 792 4165 889 4232; x_wconf 91' lang='lat' dir='ltr'><strong>quum</strong></span> <span class='ocrx_word' id='word_1_378' title='bbox 911 4138 1153 4206; x_wconf 85' lang='lat' dir='ltr'><strong>linemlccissct</strong></span> 
     </span>
     <span class='ocr_line' id='line_1_44' title="bbox 42 4223 1153 4332; baseline 0.002 -28"><span class='ocrx_word' id='word_1_379' title='bbox 42 4223 125 4294; x_wconf 63' lang='lat' dir='ltr'><strong>letus</strong></span> <span class='ocrx_word' id='word_1_380' title='bbox 149 4245 366 4332; x_wconf 86' lang='lat' dir='ltr'><strong>praecipiendi</strong></span> <span class='ocrx_word' id='word_1_381' title='bbox 394 4243 580 4322; x_wconf 63' lang='lat' dir='ltr'><strong>duodecim,</strong></span> <span class='ocrx_word' id='word_1_382' title='bbox 594 4243 759 4332; x_wconf 89' lang='lat' dir='ltr'><strong>discipulis</strong></span> <span class='ocrx_word' id='word_1_383' title='bbox 784 4248 865 4323; x_wconf 88' lang='lat' dir='ltr'><strong>suis,</strong></span> <span class='ocrx_word' id='word_1_384' title='bbox 890 4262 1078 4329; x_wconf 83' lang='lat' dir='ltr'><strong>progressus</strong></span> <span class='ocrx_word' id='word_1_385' title='bbox 1103 4249 1153 4306; x_wconf 89' lang='lat' dir='ltr'><strong>est</strong></span> 
     </span>
    </p>
   </div>
   <div class='ocr_carea' id='block_1_18' title="bbox 43 4321 1151 4500">
    <p class='ocr_par' dir='ltr' id='par_1_18' title="bbox 43 4321 1151 4500">
     <span class='ocr_line' id='line_1_45' title="bbox 43 4321 1151 4433; baseline 0.023 -50"><span class='ocrx_word' id='word_1_386' title='bbox 43 4321 137 4406; x_wconf 88' lang='lat' dir='ltr'><strong>illinc,</strong></span> <span class='ocrx_word' id='word_1_387' title='bbox 155 4341 341 4424; x_wconf 85' lang='lat' dir='ltr'><strong>utdocerct,</strong></span> <span class='ocrx_word' id='word_1_388' title='bbox 362 4355 395 4411; x_wconf 86' lang='lat' dir='ltr'><strong>et</strong></span> <span class='ocrx_word' id='word_1_389' title='bbox 414 4346 617 4433; x_wconf 84' lang='lat' dir='ltr'><strong>praedicaret</strong></span> <span class='ocrx_word' id='word_1_390' title='bbox 637 4349 671 4414; x_wconf 91' lang='lat' dir='ltr'><strong>iu</strong></span> <span class='ocrx_word' id='word_1_391' title='bbox 683 4343 865 4413; x_wconf 84' lang='lat' dir='ltr'><strong>civitatibus</strong></span> <span class='ocrx_word' id='word_1_392' title='bbox 885 4331 1025 4410; x_wconf 73' lang='lat' dir='ltr'><strong>illorum.</strong></span> <span class='ocrx_word' id='word_1_393' title='bbox 1050 4341 1079 4407; x_wconf 72' lang='lat'><strong>2.</strong></span> <span class='ocrx_word' id='word_1_394' title='bbox 1100 4341 1151 4407; x_wconf 90' lang='lat' dir='ltr'><strong>lo·</strong></span> 
     </span>
     <span class='ocr_line' id='line_1_46' title="bbox 68 4421 919 4500; baseline 0.031 -18"><span class='ocrx_word' id='word_1_395' title='bbox 68 4429 152 4484; x_wconf 66' lang='lat' dir='ltr'><strong>Qatnu</strong></span> <span class='ocrx_word' id='word_1_396' title='bbox 164 4431 245 4495; x_wconf 76' lang='lat' dir='ltr'><strong>maim.</strong></span> <span class='ocrx_word' id='word_1_397' title='bbox 259 4451 284 4498; x_wconf 81' lang='lat' dir='ltr'><strong>ia</strong></span> <span class='ocrx_word' id='word_1_398' title='bbox 296 4449 378 4499; x_wconf 75' lang='lat' dir='ltr'><strong>herm.</strong></span> <span class='ocrx_word' id='word_1_399' title='bbox 391 4453 434 4499; x_wconf 83' lang='lat' dir='ltr'><strong>ttv.</strong></span> <span class='ocrx_word' id='word_1_400' title='bbox 446 4451 499 4500; x_wconf 74' lang='lat' dir='ltr'><strong>tot.</strong></span> <span class='ocrx_word' id='word_1_401' title='bbox 513 4452 535 4500; x_wconf 75' lang='lat' dir='ltr'><strong>l.</strong></span> <span class='ocrx_word' id='word_1_402' title='bbox 699 4421 704 4446; x_wconf 73' lang='lat' dir='ltr'><strong>r</strong></span> <span class='ocrx_word' id='word_1_403' title='bbox 879 4431 919 4494; x_wconf 69' lang='lat'><strong>17</strong></span> 
     </span>
    </p>
   </div>
   <div class='ocr_carea' id='block_1_19' title="bbox 0 0 1398 4742">
    <p class='ocr_par' dir='ltr' id='par_1_19' title="bbox 0 0 1398 4742">
     <span class='ocr_line' id='line_1_47' title="bbox 0 0 1398 4742; baseline 0 0"><span class='ocrx_word' id='word_1_404' title='bbox 0 0 1398 4742; x_wconf 95' lang='lat' dir='ltr'><strong> </strong></span> 
     </span>
    </p>
   </div>
  </div>
 </body>
</html>
