2824 4756
7 2505 8 2518 ,
101 2439 298 2517 nequeenim
318 2450 406 2515 caput
424 2451 467 2498 est
493 2439 550 2498 nisi
574 2441 706 2516 corporis
725 2440 779 2498 sui.
816 2441 890 2500 Ideo

238 221 256 332 ⁴,
321 267 362 274 ··
403 209 888 326 Δ(8--1οκ1νιέῖιίειοιιῑιῑεριηιιι)
1040 261 1043 270 .
1178 239 1218 304 ῃ

89 376 231 454 nedicta',
253 397 341 456 quam
361 374 444 436 Deus
461 376 598 458 singulari
618 376 674 438 isto
696 377 809 438 honore
828 377 959 458 dignatus
979 378 1041 455 est,
1061 392 1094 440 ut
1113 379 1220 444 Filium

88 477 191 530 suum,
211 455 243 512 in
264 474 325 532 quo
345 452 532 531 spiritualiter
551 463 613 512 erat
631 472 663 512 re
687 452 774 524 onita,
793 457 902 518 mundo
936 469 1056 530 areretx
1076 459 1116 518 Et
1128 457 1218 520 bodie

86 529 243 592 celebrari
263 529 366 608 nequit
384 528 467 592 allata
488 527 574 590 nobis
594 548 647 608 per
665 473 816 591 Christum
836 477 1017 607 benedictio,
1042 534 1111 614 quin
1131 534 1218 597 simul

88 619 251 681 occurrat,
279 626 363 685 quam
382 605 543 666 honorifice
562 604 682 666 Mariam
707 607 857 670 ornaverit
879 607 977 690 Deus,
1000 611 1049 688 qui
1074 611 1221 694 unigeniti

88 683 165 744 Filii
185 683 233 744 sui
251 693 371 742 matrem
384 702 453 748 ‚csse
471 681 572 741 voluit.
969 691 973 700 ’
1032 683 1036 692 ’

174 765 223 824 43.
267 755 349 817 Unde
365 754 418 818 doc
436 753 517 818 otili
553 757 689 821 Notaoda
710 770 755 820 est
779 759 834 820 ista
852 759 1031 836 moderatio,
1057 763 1135 843 quod
1152 763 1217 826 Eli·

75 835 204 898 ='sabeth
228 835 342 896 eximias
364 835 395 894 in
420 835 512 894 Maria
539 835 644 916 gratias
668 836 729 896 Dei
751 848 889 915 reputans
912 835 990 896 iusto
1017 857 1080 898 eam
1104 839 1218 904 bonore
1270 854 1273 862 ·
1300 894 1305 898 .
1404 821 1405 832 ¹

94 913 301 1004 prosequitur:
321 931 419 992 neque
438 923 535 972 tamen
554 911 810 992 sublimiusqoam
830 913 934 974 deceat
953 912 1065 980 extollit
1083 937 1147 980 cum
1158 917 1217 980 Dei

97 987 216 1048 iniuria.
253 989 327 1048 Nam
345 991 435 1066 (quae
455 987 485 1046 in
509 986 585 1048 enita
605 1000 648 1048 est
667 989 776 1052 mundo
797 990 936 1070 pravitas)
956 991 1041 1081 pauci
1061 1003 1142 1066 sunt,
1154 995 1217 1073 ,qui

96 1085 163 1125 non
183 1062 274 1124 altero
295 1085 329 1124 ex
349 1063 464 1124 duobus
484 1006 527 1123 llis
546 1064 620 1124 vitiis
640 1063 785 1126 laborent.
812 1065 902 1142 ,Quia
919 1065 966 1125 alis
985 1067 1042 1126 sibi
1061 1067 1136 1128 ultra
1153 1090 1218 1130 mo.

97 1141 169 1200 dum
189 1141 352 1220 placentes,
378 1139 486 1224 utsoli
506 1139 667 1217 emineant,
693 1141 770 1202 dona
789 1143 848 1204 Dei
872 1141 998 1224 maligne
1021 1156 1166 1222 spernunt
1188 1145 1219 1208 iu

93 1217 236 1278 fratribus
260 1218 334 1292 suis,
359 1217 408 1276 alii
433 1236 503 1278 vero
528 1215 660 1278 homines
682 1217 756 1284 odeo
780 1218 979 1299 superstitiose
1003 1219 1162 1296 extollunt,
1187 1233 1222 1284 ut

95 1293 178 1354 idola
197 1293 253 1354 sibi
272 1295 302 1354 in
327 1292 385 1354 illis
406 1292 564 1367 fabricent,
590 1293 656 1353 binc
683 1293 852 1357 factumest
876 1307 925 1370 ut,
950 1296 1070 1370 Christo
1091 1296 1171 1357 velut
1189 1297 1221 1362 in

7 1377 9 1404 ἵ
95 1369 268 1432 subsellium
288 1371 425 1443 redacto,
449 1369 539 1448 prima
565 1370 647 1430 sedes
665 1370 775 1433 Mariae
796 1373 985 1434 tribueretur.
1026 1373 1139 1435 Contra
1158 1365 1222 1434 Eli·

95 1445 201 1506 sabetb
221 1447 253 1506 in
274 1466 307 1504 ea
328 1445 500 1506 celebranda
520 1445 593 1506 adeo
614 1465 673 1505 non
694 1448 830 1508 obscurat
841 1449 900 1508 Dei
938 1450 1052 1522 loriam,
1071 1462 1105 1510 ut
1124 1450 1222 1528 potius

97 1523 135 1583 ad
154 1523 253 1582 Deum
273 1521 371 1582 omnin
392 1522 507 1581 celerat.
545 1521 667 1581 Interim
687 1468 956 1604 tamen,qoias1bi
976 1537 1007 1586 et
1025 1526 1088 1587 aliis
1107 1525 1222 1609 praela-

96 1611 159 1660 tam
183 1599 329 1680 agnoscit,
356 1599 537 1677 superiorem
557 1598 682 1734 gradum
707 1599 750 1659 illi
780 1622 840 1663 nou
869 1602 995 1677 invidet,
1022 1603 1147 1695 plusque
1165 1603 1223 1667 sibi

120 1696 189 1737 uam
209 1675 352 1736 debeatur
363 1675 486 1735 concedi
505 1696 554 1736 ruo
578 1687 638 1736 este
658 1676 813 1756 praedicnt
843 1678 943 1752 ⁴Quod
957 1679 1075 1740 Mariam
1095 1680 1225 1760 appellat

131 1751 223 1812 omini
242 1751 287 1811 sui
306 1763 438 1828 matrem,
456 1761 577 1814 notatur
595 1771 738 1843 personae
758 1753 852 1816 unitas
870 1756 901 1814 in
917 1751 1027 1817 duabus
1040 1753 1150 1827 Christi
1169 1779 1225 1820 na-

98 1829 189 1903 turis,
213 1831 269 1911 acsi
293 1828 422 1903 dixisset,
452 1849 537 1905 eum,
561 1851 610 1910 qur
650 1831 745 1892 coitus
765 1843 810 1893 cst
827 1831 958 1892 mortalis
977 1832 1066 1894 bomo
1085 1832 1115 1892 io
1135 1845 1222 1896 utero
1293 1829 1298 1850 '
1404 1819 1405 1826 ἵ

99 1907 226 1980 Mariae,
255 1903 340 1966 simul
363 1917 514 1972 aeternnm
539 1925 601 1968 esse
652 1927 726 1968 eum.
777 1907 953 1970 Tenendum
980 1913 1058 1968 enlm
1081 1900 1233 1972 memorie*

9 2024 15 2032 ,
55 1984 59 1992 '
100 1993 155 2056 est,
174 2003 234 2042 non
255 1982 337 2061 loqui
356 2002 390 2041 ex
408 1986 529 2064 proprio
548 2003 634 2044 sensu
653 1984 1068 2060 orationemementote]
1108 1985 1225 2050 rolerre
1256 2040 1261 2048 .
1298 1997 1301 2008 '

100 2079 174 2138 quae
194 2059 318 2150 Spiritus
342 2071 457 2120 sanctus
483 2059 609 2120 dictavit.
648 2061 773 2142 Proprie
798 2074 894 2122 autem
919 2063 1059 2124 convenit
1082 2006 1140 2126 loc
1164 2084 1223 2124 no-

101 2156 170 2195 men
188 2137 264 2196 Filio
284 2135 343 2194 Dei
366 2136 397 2194 in
424 2157 511 2195 carne
532 2135 733 2210 manifestato,
765 2139 813 2200 cui
832 2139 897 2198 data
921 2149 966 2198 est
983 2160 999 2199 n
1018 2139 1107 2200 Patre
1125 2140 1224 2202 omnis

99 2225 246 2292 potestas,
276 2223 307 2270 et
334 2211 384 2289 qni
411 2213 560 2272 ordinatus
584 2222 629 2272 est
652 2235 779 2272 summus
802 2213 878 2275 coeli
903 2226 934 2273 et
957 2226 1053 2276 terrae
1077 2217 1253 2298 princopn„

120 2309 153 2348 er
173 2290 253 2348 cuius
273 2308 389 2346 manum
408 2287 489 2346 Deus
509 2289 608 2352 omnis
627 2288 782 2367 gubernet
820 2289 966 2351 Fidelium
985 2303 1083 2351 tamen
1102 2293 1225 2354 maxinme

133 2365 249 2424 ominus
270 2375 329 2436 est,
359 2363 410 2440 qui
440 2383 472 2422 se
491 2363 551 2421 eius
575 2363 700 2440 imperio
721 2377 826 2443 sponte
853 2378 893 2424 ct·
906 2363 1020 2498 placide
1040 2367 1226 2443 submittunt,
1247 2421 1255 2442 ,

927 2440 977 2499 icit
993 2441 1099 2501 Paulus
1112 2442 1136 2500 I.
1151 2441 1224 2503 Cor.
1276 2453 1279 2460 ’

99 2525 132 2592 8,
153 2523 196 2588 5.,
230 2513 369 2588 Quamvis
394 2513 478 2572 multi
501 2523 646 2576 vocentur
670 2513 780 2574 domini
804 2515 835 2574 in
858 2514 984 2590 mundo,
1009 2515 1094 2576 nobis
1117 2529 1227 2594 tamen,

100 2595 160 2654 boe
187 2603 246 2664 est,
278 2587 346 2649 fidei
371 2588 552 2659 domesticis,
579 2588 698 2649 unicum
717 2590 969 2652 esse-dominum.
1020 2591 1116 2656 Porro
1136 2614 1227 2672 quum
1330 2617 1339 2628 ·

101 2672 184 2730 istam
204 2667 263 2726 Dei
282 2667 414 2747 gratiam,
434 2666 470 2724 de
491 2687 547 2745 qua
567 2660 709 2746 loquitur,
728 2665 885 2746 amplificat
902 2687 937 2726 er
955 2667 1054 2734 subito
1074 2681 1158 2730 motu
1177 2669 1226 2732 iu-

102 2746 199 2818 lautis,
219 2764 306 2824 quern
327 2755 411 2802 utero
431 2741 574 2824 gestabat,
593 2741 794 2804 non-dubium
813 2756 859 2806 est
879 2743 950 2824 quin
969 2745 1069 2806 testari
1088 2745 1173 2822 velit,
1192 2765 1225 2816 se

100 2821 209 2902 aliquid
229 2843 263 2880 su
285 2819 449 2880 ernaturale
468 2831 498 2880 et
518 2818 648 2878 divinum
667 2820 798 2880 sensisse.

178 2904 224 2962 45.
294 2911 360 2956 eota
376 2917 450 2976 ptura
466 2893 596 2956 credidit.
641 2894 770 2970 Quando
794 2917 830 2958 ex
852 2894 1006 2983 superiore
1024 2898 1123 2968 Lucae
1141 2901 1226 2970 testi.-

7 2975 8 2978 ’
103 2975 204 3036 monio
227 2985 358 3048 constat,
381 2994 487 3034 arcano
508 2972 634 3064 Spiritus
657 2971 785 3053 impulsu
810 2973 1044 3071 loguutamesse
1063 2975 1227 3054 Elisabeth,

104 3053 154 3114 ille
173 3050 298 3130 Spiritus
319 3049 442 3128 est,·qoi
460 3049 599 3122 Mariam,
619 3069 655 3109 eo
676 3050 756 3128 quod
776 3051 915 3128 credidit,
935 3051 1051 3112 beatam
1071 3065 1133 3114 esse
1152 3073 1225 3133 pro·

103 3128 233 3205 nuntiat,
260 3139 290 3185 et
307 3126 417 3186 blaciae
441 3125 526 3185 fidem
548 3125 692 3186 laudando
722 3129 899 3206 generaliter
918 3127 1072 3203 admonet,
1095 3127 1147 3190 ubi
1171 3129 1226 3198 situ

104 3206 142 3266 sit
160 3223 226 3262 vera
251 3201 402 3262 bominum
429 3196 558 3262 felicitas.
597 3201 679 3262 Felix
697 3204 806 3277 Maria,
832 3223 906 3283 quoe
925 3204 983 3264 Dei
1002 3205 1226 3284 promissionem

104 3280 193 3342 corde
218 3279 347 3357 amplexa
372 3277 429 3338 sibi
452 3279 569 3360 totique
598 3279 709 3340 mundo
735 3279 856 3340 salutem
882 3281 1021 3360 concepit
1044 3302 1077 3341 ac
1100 3283 1225 3362 peperit.

104 3359 170 3416 Hoc
183 3353 231 3424 illi
248 3353 389 3436 speciale:
413 3355 464 3414 sed
493 3355 559 3444 quin
585 3353 663 3416 nulla
683 3355 768 3417 nobis
787 3357 1044 3431 iustitiaepvitae,
1068 3369 1118 3417 aut
1138 3358 1225 3419 ullius
1269 3374 1276 3393 ³

104 3433 174 3494 boni
187 3444 276 3570 ,lum
295 3430 440 3511 suppetit,
458 3430 513 3490 nisr
532 3444 672 3522 qpantpm
691 3432 782 3492 verbo
802 3454 856 3493 suo
876 3433 1021 3493 Dominus
1041 3433 1148 3506 ollcrt,
1168 3454 1226 3498 une

105 3507 186 3570 estlr

104 3587 142 3646 tis
163 3607 216 3666 nos
237 3585 307 3644 lacit
326 3594 486 3664 compotes.
530 3585 569 3646 Et
593 3604 730 3666 magnum
755 3585 869 3664 pondus
894 3587 970 3646 inest
992 3583 1060 3646 huic
1079 3587 1226 3669 membro,

103 3665 172 3743 quio
195 3659 427 3738 complectentem
451 3661 506 3718 erit
527 3658 670 3736 omnbus,
701 3683 776 3740 qrsno
798 3659 876 3736 dicto
892 3674 967 3724 som.
1016 3663 1127 3724 Sensus
1147 3663 1229 3722 enim¹

105 3751 165 3813 est,
197 3738 254 3797 fide
285 3737 382 3799 locum
409 3736 470 3796 dari
496 3735 738 3816 promissionibus
762 3736 882 3812 divinis,
912 3749 945 3798 ut
973 3760 1057 3802 sturm
1084 3738 1114 3797 in
1139 3736 1227 3797 nobis

105 3814 417 3876 ellectumobtineant.
457 3811 578 3880 Certum
590 3813 707 3893 quidem
718 3825 771 3888 est,
790 3833 851 3874 non
871 3813 1000 3894 pondere
1021 3813 1226 3884 exhominum

208 3529 237 3568 es
258 3528 332 3587 quoe
352 3509 388 3582 ab
409 3518 535 3570 extrema
554 3529 655 3587 mopra
676 3519 706 3568 et
724 3509 838 3568 miseria
858 3521 975 3590 ereptos
995 3529 1080 3570 verae
1102 3509 1225 3571 felicita·
1322 3541 1328 3590 ',
1385 3527 1405 3588 χ

33 3941 37 3952 .
105 3889 225 3951 arbitrio
247 3889 303 3950 Dei
322 3891 491 3962 veritatem,
518 3887 590 3969 quin
615 3890 712 3969 potius
730 3910 830 3966 verum
851 3902 896 3952 est
913 3881 985 3952 illud
1005 3890 1104 3964 (Rom.¹
1122 3893 1151 3961 3,
1170 3889 1226 3966 4.),
1290 3887 1294 3894 ’
1404 3875 1405 3900 ³

104 3969 199 4026 Deum
220 3979 364 4047 perpetuo
382 3985 513 4026 veracem
534 3985 666 4038 manere,
688 3966 817 4046 quamvis
840 3978 921 4029 totus
944 3967 1070 4026 mundus
1093 3963 1159 4046 (qul
1177 3963 1225 4042 in,

105 4043 238 4106 credulus
259 4056 303 4104 est
321 4065 355 4104 ac
374 4040 510 4120 mebdax)
529 4040 606 4102 illius
625 4041 712 4102 fidem
732 4042 908 4104 labefactare
927 4053 1066 4104 conetur:
1085 4039 1136 4102 sed
1156 4036 1225 4118 quia
1254 4061 1258 4066 ·

102 4119 218 4202 indigus
237 4117 478 4194 suut‘iucreduli,
499 4118 549 4197 qui
568 4119 793 4198 promissionum
813 4119 940 4184 fructum
959 4117 1137 4199 percipiant,
1156 4115 1226 4183 ideo

105 4197 192 4260 docet
212 4197 381 4277 Scriptura,
411 4194 469 4256 fide
493 4204 606 4258 mutum
639 4194 771 4258 efficaces
804 4215 864 4256 esse
889 4195 920 4256 in
944 4193 1065 4258 salutem
1086 4205 1253 4264 nostram:
1346 4219 1354 4250 .·

7 4273 8 4282 ’
105 4265 204 4334 (lllert
224 4273 303 4350 euim
321 4272 403 4332 Dens
429 4291 480 4332 sua
504 4269 646 4332 beneficia
664 4273 830 4352 promiscue
856 4269 1008 4345 omuibus,
1032 4270 1102 4332 fides
1129 4271 1241 4334 autem,

103 4348 195 4410 riuum
216 4348 258 4418 nt
272 4367 305 4410 ea
325 4346 492 4427 recipienda
519 4347 667 4436 erpandit:
693 4331 879 4418 incredulitas
896 4356 999 4418 ,sutem
1019 4347 1151 4442 excidere
1175 4367 1226 4434 pt*
