2824 4756
216 229 254 290 1⁰
396 220 547 286 SECTIO
568 191 608 284 1'1.
646 220 785 282 loeutus
804 221 991 284 Bennsrse
1009 234 1166 284 uernans.

215 368 253 430 ad
272 378 385 428 certum
404 365 524 426 modum
544 363 687 442 distribui,
706 365 731 426 I.
749 364 888 428 Corinth.
908 370 1022 442 1211.
1041 365 1148 447 Ephes.
1167 373 1197 440 4,
1215 372 1249 434 7.
1276 367 1345 459 Ve3

214 467 279 508 rum
300 443 349 523 qui
378 463 466 522 supra
496 462 682 502 communem
705 441 786 524 vulgi
811 463 843 504 ca
865 453 927 502 tum
957 441 1097 504 uberiore
1143 443 1212 503 ratia
1237 441 1345 504 donate

214 531 292 596 sunt,
312 520 449 580 dicuntur
460 517 574 599 Spiritu
594 517 674 596 pleni
694 518 790 580 fuisse.
858 531 987 579 aeterum
1008 530 1041 580 ut
1060 519 1102 580 vis
1118 463 1242 600 Spiritus
1263 519 1345 580 ube-

154 611 155 618 ’
212 597 279 658 rior
296 593 555 659 extraordinarium
575 591 631 654 suit
650 595 760 655 donum
771 594 828 655 Dei
848 595 878 654 in
898 595 1023 669 Ioanne,
1042 595 1081 656 ita
1102 595 1263 657 notandum
1284 609 1345 674 est,

212 693 275 734 non
295 671 432 733 omnibus
450 670 546 732 statim
566 693 581 732 a
601 671 727 751 pueritia
746 669 876 732 conferri
890 671 1041 751 Spiritum,
1058 673 1110 732 sed
1131 673 1248 752 quando
1268 672 1343 736 Deo

212 748 303 824 visum
324 759 376 810 est.
414 748 541 808 Ioannes
566 746 602 808 ab
629 759 715 826 utero
741 747 905 828 symbolum
930 749 1054 830 gestavit
1078 748 1193 809 futurae
1213 749 1241 808 di
1264 750 1343 810 nita·
1387 778 1389 787 ·

213 827 264 888 tis:
285 825 366 895 Saul,
386 845 474 904 quum
494 823 583 884 bomo
603 823 754 902 pecuarius
775 823 825 882 diu
843 824 916 883 nibil
937 824 1050 917 regium
1070 846 1140 905 prae
1159 828 1191 886 se'
1210 768 1341 901 tuiisset,

212 902 330 964 tandem
368 920 419 960 rex
450 899 560 960 electus
595 910 717 978 repente
750 911 877 961 mutatus
907 911 951 962 est
980 923 1010 962 m
1042 921 1150 962 novum
1187 901 1339 962 bominem

213 979 253 1058 (Ι.
274 978 486 1052 Sam.10,6.).
534 975 687 1036 Discarnus
707 996 779 1059 ergo
805 997 839 1036 ex
860 976 919 1038 boc
938 989 1027 1061 typo,
1058 1001 1074 1039 a
1099 979 1191 1059 prima
1215 977 1338 1040 infantia

154 1078 155 1091 ¹
211 1053 371 1145 usquead
402 1051 534 1114 ultimum
564 1051 677 1114 senium
709 1051 831 1115 liberam
863 1073 925 1122 esse
955 1055 987 1116 in
1018 1054 1184 1122 bominibus
1209 1055 1340 1136 Spiritus

255 1141 444 1192 orationem·
866 1187 868 1194 ,

213 1152 253 1214 ορ
287 1213 333 1272 16.
371 1205 539 1283 Multospue
547 1203 685 1284 filiorum
702 1203 801 1267 Israel
816 1203 978 1268 convena*
1002 1206 1055 1268 His
1080 1205 1176 1267 verbis
1203 1207 1334 1267 ostendi-

210 1297 260 1346 tur
279 1283 381 1356 foeda,
400 1302 475 1362 quae
494 1293 565 1343 tunc
585 1283 696 1342 eratin
716 1283 861 1359 Ecclesia,
886 1283 1048 1363 dissipatio.
1094 1283 1169 1343 Nam
1189 1295 1336 1363 apostatas

178 1391 180 1400 ·
209 1361 298 1432 fuisse
317 1370 454 1438 oportet,
484 1355 516 1418 in
536 1357 640 1440 quibus
660 1361 814 1446 copversio
833 1360 869 1420 ad
889 1359 986 1420 Deum
1005 1359 1103 1420 locum
1124 1357 1254 1419 haberet
1293 1361 1334 1422 Et

206 1440 291 1500 'certe
311 1447 389 1496 tanta
411 1445 473 1494 erat
496 1435 647 1516 corruptio
668 1435 834 1511 doctrinae,
865 1448 946 1496 tanta
964 1457 1080 1498 morum
1100 1435 1241 1517 pravitas,
1273 1449 1332 1497 tam

210 1513 363 1589 confusum
383 1511 530 1594 regimen,
561 1523 594 1572 ut
612 1512 745 1573 miraculi
770 1512 838 1574 loco
863 1512 1031 1574 babendum
1055 1514 1107 1587 sit,
1157 1511 1275 1573 aueulos
1300 1513 1332 1573 in

208 1591 317 1672 pietate
336 1589 459 1666 stetisse.
498 1586 614 1668 Quodsi
634 1600 692 1648 tam
712 1587 860 1650 horribilis
881 1589 936 1650 luit
954 1591 1059 1652 veteris
1078 1534 1227 1653 Ecclesiae
1248 1589 1333 1650 dissi-

207 1666 306 1747 patio,
331 1685 391 1724 non
417 1665 565 1744 estquod
589 1664 698 1726 frivolo
723 1676 876 1748 praetextu
899 1687 963 1727 suas
987 1663 1207 1745 superstitiones
1228 1665 1332 1726 defen·

208 1744 280 1804 dant
297 1741 447 1822 Papistae,
472 1739 540 1820 quia
559 1741 741 1821 impossibile
761 1742 850 1804 suerit
869 1762 966 1803 errare
984 1741 1161 1818 Ecclesiam,
1187 1742 1329 1823 siquidem

206 1839 268 1892 npn
296 1837 452 1898 germanos
477 1829 507 1877 et
536 1817 647 1878 electos
665 1818 724 1878 Dei
748 1816 839 1892 filios,
869 1819 921 1878 sed
948 1820 1105 1898 impiorum
1127 1819 1243 1888 turbam
1271 1817 1330 1881 boe

200 1895 293 1972 ¹titulo
313 1893 489 1976 intelligunt.
526 1891 644 1956 Verum
663 1894 728 1975 plus
747 1893 796 1956 bic
815 1893 929 1958 'videtur
948 1895 1054 1956 Ioanni
1074 1893 1175 1970 tribui,
1194 1917 1278 1974 quam
1298 1896 1330 1954 in

205 1971 353 2033 bominem
369 1981 531 2050 ,competat
569 1970 651 2034 Nam.
664 1992 753 2050 quum
772 1970 907 2033 bomines
926 1971 957 2031 in
976 1971 1156 2052 spiritualem
1174 1971 1260 2033 vitam
1280 1991 1329 2031 re-

206 2059 297 2123 novet
315 2047 350 2108 ad
370 2047 466 2109 Deum
487 2049 651 2122 conversio,
671 2069 737 2122 non,
752 2048 843 2108 modo
863 2048 1014 2133 proprium
1035 2060 1079 2109 est
1097 2047 1155 2107 Dei
1175 2067 1259 2130 opus,
1276 2049 1328 2108 sed

204 2127 296 2207 ipsam
328 2123 479 2196 bominum
510 2123 690 2186 creationem
714 2137 849 2204 ¹superat.
874 2124 1002 2205 ,Itaque
1033 2124 1090 2185 boc
1112 2117 1209 2186 'modo
1234 2124 1336 2196 videri

200 2213 326 2284 ‘possent
354 2200 479 2260 ministri
508 2201 629 2281 aequari
649 2200 736 2277 Deo,
765 2212 853 2290 atque
882 2201 969 2262 etiam
990 2197 1155 2337 praeferri,
1185 2197 1327 2280 quatenus

205 2290 323 2354 creator
342 2291 399 2338 est:
424 2276 542 2358 quando
567 2277 659 2339 maius
678 2288 724 2338 est
746 2278 858 2338 renasci
881 2277 912 2336 in
934 2297 988 2338 coe
1002 2289 1091 2338 estem
1111 2278 1214 2353 vitam,
1243 2298 1327 2356 quam

203 2349 352 2432 mprtales'
369 2356 399 2416 in
424 2366 502 2415 terra
527 2353 616 2415 nasci.
654 2353 774 2415 Solutio
798 2353 890 2418 facilis
917 2364 975 2414 cst:
1002 2355 1067 2434 quia
1091 2353 1253 2428 Dominus,
1277 2353 1327 2414 ubi

198 2445 316 2496 unum
335 2431 450 2494 laudern
469 2429 576 2496 tribuit
594 2441 731 2495 externae
751 2429 919 2507 doctrinae,
937 2451 999 2492 eam
1020 2430 1055 2490 ab
1077 2453 1179 2490 arcana
1200 2427 1325 2510 Spiritus

204 2510 249 2574 rui
273 2509 380 2582 virtute
405 2529 467 2569 non
493 2507 641 2592 disjungit.
690 2507 765 2568 Nam
789 2511 856 2594 quia
880 2508 962 2568 Deus
986 2506 1119 2568 homines
1144 2506 1200 2566 sibi
1224 2506 1326 2588 deligit

203 2587 367 2661 ministros,
396 2606 523 2665 quorum
548 2606 639 2665 opera
663 2597 760 2647 utatur
780 2585 809 2644 in
829 2583 978 2650 Ecclesiae
997 2604 1065 2645 suae
1084 2581 1326 2658 aedificationem,

201 2663 288 2732 simul
306 2682 360 2742 per
378 2660 457 2741 ipsos
477 2674 617 2741 operatur
636 2682 741 2722 arcana
760 2661 887 2740 Spiritus
906 2661 951 2722 sui
969 2661 1092 2735 virtute,
1116 2671 1150 2718 ut
1169 2659 1267 2719 esbeax
1286 2661 1323 2722 sit

201 2762 236 2802 ae
263 2739 428 2798 fructuosus
449 2755 552 2796 eorum
571 2736 665 2796 labor.
705 2736 833 2811 Quoties
860 2737 933 2797 banc
957 2736 1114 2797 efficaciam
1141 2738 1325 2796 commendat

202 2815 354 2904 Scriptura
372 2814 403 2872 in
424 2810 576 2873 bominum
594 2812 771 2886 ministerio,
790 2813 931 2874 discamus
950 2825 1097 2905 acceptam
1118 2813 1196 2872 ferre
1216 2817 1324 2895 gratiae

203 2891 346 2971 Spiritus,
364 2889 428 2950 sine
452 2910 509 2968 qua
534 2909 590 2951 vox
608 2888 733 2950 hominis
752 2886 836 2950 irrita
854 2889 886 2949 in
905 2893 973 2950 aire
994 2889 1150 2950 diffluerat.
1189 2887 1238 2950 Sic
1250 2889 1325 2950 Pau-

201 2967 245 3030 lus
266 2967 320 3044 (11.
342 2965 414 3028 Cor.
432 2971 462 3040 3,
482 2966 542 3042 6.),
573 2963 642 3024 dum
674 2985 705 3024 se
734 2961 897 3031 ministrum
925 2965 1051 3047 Spiritus
1082 2987 1143 3026 esse
1174 2964 1324 3102 gloriatur,

199 3045 273 3105 nibil
292 3043 350 3104 sibi
367 3060 498 3102 seorsum
519 3053 654 3120 usurpat,
679 3041 761 3122 quasi
784 3062 835 3103 sua
861 3062 934 3106 voce
957 3053 1094 3122 penetret
1118 3043 1147 3102 in

201 3121 309 3196 corda,
340 3119 392 3180 sed
422 3119 479 3179 vim
496 3131 532 3200 ἐἰ
555 3118 677 3200 gratiam
697 3117 825 3199 Spiritus
845 3119 878 3179 in
900 3140 954 3180 suo
973 3118 1142 3180 'ministerio
1166 3120 1322 3201 praedicat
1401 3135 1402 3138 ’

192 3194 404 3276 'Loquutiones
423 3195 494 3258 istae
515 3197 618 3256 notatu
633 3195 738 3277 dignae
757 3207 834 3270 sunt,
854 3195 921 3276 quia
940 3197 1015 3256 miro
1035 3195 1158 3256 artificio
1179 3196 1322 3257 incumbit

200 3273 290 3336 Satan
310 3272 345 3335 ad
367 3273 579 3335 extenuandum
600 3271 751 3333 doctrinae
771 3265 922 3350 effectum,
943 3285 976 3332 ut
996 3271 1116 3355 gratiam
1137 3272 1261 3354 Spiritus
1280 3272 1323 3332 illi
1400 3283 1401 3292 ¹

199 3370 339 3411 annexam
354 3362 481 3410 enervet.
519 3348 601 3410 Nihil
619 3369 672 3428 per
690 3370 733 3422 se,
752 3347 859 3424 fateor,
879 3361 909 3408 et
928 3349 1080 3430 separatim
1100 3361 1199 3428 potest
1208 3362 1324 3410 externa

178 3426 394 3507 praedicatio,
424 3427 475 3488 sed
507 3427 574 3507 quia
606 3446 747 3507 organum
779 3437 822 3485 est
852 3426 965 3486 divinae
997 3425 1111 3502 virtutis
1140 3425 1172 3484 in
1201 3426 1322 3486 salutem
1398 3429 1401 3494 l

198 3507 338 3578 nostram,
360 3515 391 3562 et
410 3523 553 3585 organum
572 3523 626 3583 per
645 3505 765 3583 'gratiam
786 3501 912 3583 Spiritus
931 3501 1041 3577 efficax,
1061 3523 1136 3581 quae
1148 3502 1230 3562 Deus
1250 3524 1322 3563 eon-

199 3579 311 3662 iungit,
331 3599 368 3638 ne
390 3600 420 3639 se
443 3598 565 3640 aremus.
614 3577 772 3640 Caeterum
799 3589 832 3638 ut
854 3579 948 3661 gloria
974 3577 1176 3640 conversionis
1199 3588 1230 3638 et
1253 3579 1322 3640 fidei

198 3677 289 3739 penes
308 3677 397 3716 unum
417 3601 514 3715 benna
534 3655 626 3716 solida
650 3667 783 3730 maneat,
807 3675 893 3736 saepe
918 3655 1057 3716 admonet
1077 3655 1243 3736 Scriptura,
1267 3656 1323 3715 mi·

198 3735 305 3796 nistros
324 3731 398 3792 nibil
417 3751 479 3794 esse
498 3752 551 3811 per
570 3752 612 3810 se,
630 3733 680 3792 sed
701 3743 771 3793 tunc
791 3752 856 3794 com
879 3744 940 3799 arat
959 3753 1010 3792 eos
1031 3731 1184 3809 cumDeo,
1205 3751 1242 3791 ne
1253 3733 1323 3811 jquis

200 3822 333 3891 ereptum
351 3809 419 3868 Deo
446 3807 589 3868 honorem
615 3828 770 3901 perperam
796 3809 832 3868 ad
852 3753 918 3869 illos
943 3809 1107 3874 transferat.
1145 3810 1182 3867 In
1202 3830 1322 3884 summa,

198 3911 272 3969 quos
291 3887 373 3946 Deus
393 3886 427 3944 ad
448 3905 479 3944 se
499 3885 623 3946 ministrs
642 3905 733 3966 opera
756 3890 917 3960 convertit,
944 3906 994 3947 eos
1018 3897 1192 3946 convertere
1218 3885 1323 3945 dicitur

198 3965 346 4038 minister,
380 3961 447 4042 quia
471 3960 546 4021 nibil
570 3972 614 4022 est
633 3984 718 4042 quarn
738 3962 797 4021 Dei
819 3982 937 4035 manus,
969 3983 1003 4039 ac
1030 3973 1188 4042 utrumque
1213 3962 1322 4022 diserte
1398 3981 1399 3996 ¹

199 4061 361 4122 expressum
383 4050 427 4100 est
446 4038 475 4097 iu
496 4039 641 4118 praesenti
660 4038 738 4099 loco.
782 4038 831 4099 De
855 4038 983 4100 efficacia
1003 4039 1153 4100 doetrinae
1177 4039 1234 4106 iam
1255 4039 1322 4100 satis

199 4115 308 4179 dictum
330 4128 381 4178 est.
429 4114 527 4190 Quam
552 4127 650 4175 autem
674 4137 735 4176 non
762 4116 800 4176 sit
821 4115 857 4176 in
883 4115 1007 4176 ministri
1031 4115 1155 4176 arbitrio
1169 4147 1173 4156 ·
1187 4128 1217 4175 et
1235 4135 1322 4174 manu

198 4207 371 4256 convertere
390 4191 427 4252 ad
445 4191 542 4252 Deum
563 4190 712 4265 homines,
740 4191 810 4253 inde
831 4191 1009 4328 eollipimus,
1040 4193 1108 4330 poia
1133 4213 1195 4252 non
1220 4211 1322 4252 omnes

199 4270 365 4358 promiscue
384 4268 512 4333 Ioannes
532 4269 678 4330 convertit
697 4269 793 4348 (quod
834 4291 905 4330 rocu
937 4267 1028 4328 dubio
1062 4281 1177 4330 acturus
1198 4278 1275 4342 erat,
1298 4268 1322 4328 si

101 4391 111 4416 χ
199 4342 241 4402 rili
261 4365 315 4424 pro
339 4355 413 4418 voto,
437 4349 590 4410 cessissent
610 4348 737 4424 omnia),
767 4365 798 4412 se
844 4365 894 4408 eos
920 4356 1039 4419 tantum,
1057 4345 1217 4421 convertit,
1249 4365 1322 4426 quos

1195 3043 1323 3104 ominum
1401 3083 1402 3102 1
