2786 4742
180 197 241 262 ms
518 183 670 252 suerro
689 184 760 247 vn.
797 183 984 274 mutnus

181 355 252 399 men
270 331 408 416 vigilabat
427 333 490 394 eius
509 330 672 406 Divinitas,
695 342 730 392 nt
745 329 806 404 sibi
828 343 962 392 metuere
980 325 1118 410 Apostoli
1137 348 1199 388 non
1218 327 1310 388 debc-

182 425 260 488 rent,
279 412 351 492 quin
372 409 471 472 statim
490 409 603 470 subiret
612 409 788 483 consolatio,
807 421 939 502 paratum
953 427 969 468 e
984 405 1069 468 coelo
1086 407 1152 467 lore
1166 404 1309 465 auxilium.

183 490 314 551 Sciamus
334 507 424 569 ergo,
449 507 553 546 arcana
573 485 631 546 Dei
651 485 834 567 providentia
858 485 915 545 boc
940 496 1036 544 totum
1056 483 1144 542 luisse
1164 481 1310 564 guberna·

182 578 261 639 tum,
290 576 324 625 ut
347 562 490 624 dormiret
516 562 665 636 Christus,
695 561 824 640 violenta
847 573 1004 642 tempestas
1027 570 1176 642 surgeret,
1206 559 1309 618 fluctus

182 661 286 703 navem
298 641 463 722 operirent,
483 659 645 719 parumque
656 637 771 700 abesset
790 639 869 699 navis
888 659 905 696 a
923 633 1086 719 naul'ragio.
1124 636 1230 715 Atque
1242 634 1307 694 binc

183 718 334 792 discamus,
354 717 470 808 quoties
489 715 598 796 aliquid
618 715 731 776 adversi
749 715 890 790 exoritur,
908 715 1018 774 tentari
1037 735 1054 772 a
1072 713 1203 772 Domino
1223 711 1307 770 fidem

146 785 166 820 '
183 807 328 856 nostramr
349 815 374 853 ιι
393 805 489 854 autern
509 793 583 867 mala
600 791 817 872 ingravescunt,
836 802 869 850 ut
881 790 1096 872 propemodum
1107 809 1163 849 nos
1176 787 1307 858 obruant,

183 872 291 932 eodem
309 869 371 930 Dei
388 867 511 930 consilio
532 869 590 930 boc
609 868 689 944 lieri,
708 880 742 927 ut
760 868 930 949 patientiam
951 879 1078 943 nostram
1098 876 1246 937 exerceat,
1264 863 1307 923 vel

182 959 218 1008 nt
241 947 300 1008 boc
318 946 409 1006 modo
435 944 550 1007 occulta
574 955 675 1006 nostra
697 945 849 1007 infirmitas
874 947 906 1004 io
931 944 1025 1004 lucem
1050 953 1197 1022 emergat,
1225 940 1307 1001 sicuti

100 1059 104 1066 =
182 1025 325 1099 videmus,
345 1043 435 1102 quum
453 1023 558 1082 fluctus
578 1041 596 1081 o
621 1023 731 1080 enitent
749 1021 923 1105 Apostolos,
941 1031 1082 1082 retectam
1101 1020 1188 1080 luisse
1208 1037 1306 1078 eorum

150 1151 158 1166 .
184 1101 394 1173 infirmitatem,
414 1118 488 1179 qnae
508 1099 587 1178 prius
599 1043 725 1158 latebat.
942 1103 943 1110 ’
1202 1148 1205 1156 ,

260 1183 308 1242 25
345 1175 483 1251 Dounion,
502 1195 586 1234 seruo
602 1195 666 1234 ons.
689 1174 775 1252 .Pia,
807 1173 985 1254 tat-quidem
1002 1171 1136 1248 videtur,
1164 1169 1304 1252 precatio:

185 1254 257 1335 quid
279 1253 357 1314 enim
372 1252 474 1333 potius
497 1251 553 1312 illis
572 1251 717 1333 agendum
738 1251 810 1326 fuit,
834 1272 922 1331 quam
946 1261 979 1310 rit
997 1249 1105 1342 perditi
1122 1247 1242 1309 salutem
1263 1247 1306 1306 ni·
1358 1295 1359 1332 ,

184 1331 343 1392 hilomiuus
363 1349 379 1388 a
399 1328 520 1389 Christo
539 1328 695 1410 peterent?
734 1327 795 1388 Sed
815 1348 903 1407 quum
925 1347 975 1388 eos
995 1325 1173 1386 infidelitatis
1193 1325 1306 1384 damnet

187 1407 339 1483 Christus,
359 1405 518 1468 videntum
539 1416 600 1479 est,
624 1417 684 1484 qua·
700 1402 731 1464 iu
750 1417 833 1485 parte
853 1403 1047 1485 peccaverint.
1085 1402 1232 1482 Equidem
1246 1421 1306 1477 uon

185 1483 309 1556 dubito,
340 1481 371 1541 in
396 1481 504 1544 carnali
529 1482 661 1564 magistri
685 1481 849 1563 praesentia
870 1481 960 1542 fnisse
983 1479 1070 1540 nimis
1090 1479 1307 1539 defiaos:··uam

185 1581 202 1621 a
225 1559 265 1618 ud
283 1560 416 1632 Marcum
441 1579 502 1620 non
522 1570 680 1650 precantur
698 1557 884 1638 simpliciter,
903 1557 954 1618 sed
974 1579 1040 1616 cum
1060 1575 1097 1616 eo
1118 1554 1309 1648 expostulant,-

121 1693 160 1712 ,‚
184 1583 343 1718 idagister,
362 1656 425 1695 non
446 1636 562 1696 esttibi
583 1655 669 1696 curae
690 1637 770 1714 quod
790 1632 935 1716 perimus?
972 1632 1099 1692 Abuca
1119 1644 1206 1693 ettam
1225 1643 1308 1691 uota·
1358 1683 1359 1712 ,

185 1725 236 1774 tur
254 1711 376 1772 confusa
394 1723 440 1771 tre
463 1711 569 1784 idatio,
591 1711 785 1792 Praeceptor,
804 1721 997 1791 praeceptor,
1015 1710 1152 1790 perimus.
1189 1707 1307 1768 Debue-

185 1799 254 1850 rant
272 1799 415 1860 statuere,
436 1733 547 1849 dorius
563 1785 711 1846 Deitatem
732 1808 794 1846 non
814 1807 876 1847 esse
896 1786 1176 1868 oppressamcarnis
1195 1805 1306 1858 somno,

187 1876 220 1926 et
238 1864 275 1924 ad
296 1883 358 1923 eam
374 1862 551 1945 coningere:
571 1863 853 1941 quiescunt-autem,
873 1864 969 1924 donec
987 1875 1145 1938 entremmn
1157 1862 1306 1924 discrimen
1358 1931 1359 1942 χ

185 1949 289 2022 urget:
322 1950 394 2000 tuuc
415 1958 465 2000 eos
485 1949 655 1999 consternat
677 1939 852 2000 immodicus
877 1941 982 2013 timor,
1012 1952 1046 2000 ut
1070 1961 1132 1998 non
1156 1951 1261 2020 putent
1277 1957 1304 1998 sc
1358 1953 1359 1958 ’

186 2017 261 2077 fore.
274 2014 453 2091 salvosuisi
472 2015 651 2098 expergefiat
663 2015 804 2077 Christos.
842 2015 925 2076 Haec
945 2038 1029 2076 causa
1050 2027 1103 2091 est,
1122 2037 1176 2076 cur
1194 2035 1244 2076 eos
1263 2016 1303 2074 iu-

186 2092 334 2154 fidelitatis
354 2103 483 2154 accuset:
503 2113 571 2152 nam
591 2092 671 2172 quod
689 2093 837 2174 rogabant
855 2105 889 2152 ut
899 2113 987 2174 opem
1007 2093 1108 2166 ferret,
1127 2093 1195 2152 fidei
1214 2093 1302 2184 potius

185 2170 387 2232 testimonium
408 2181 483 2241 erat,
508 2168 532 2229 si
552 2169 656 2230 fiducia
675 2169 789 2230 divinae
810 2171 871 2230 eius
890 2171 1041 2246 potentiae
1062 2169 1129 2229 lre'ti
1148 2168 1259 2250 placrde
1276 2179 1302 2226 et
1358 2223 1359 2226 ,

152 2237 161 2260 ‘
185 2247 249 2308 sine
273 2257 354 2306 tanta
379 2245 539 2306 tormidine
563 2258 728 2328 sperassent
756 2243 837 2326 quod
860 2245 1001 2326 petebant
1024 2246 1169 2308 auxilium.
1213 2249 1301 2326 Atque
1358 2249 1359 2278 ³

184 2323 257 2388 bioc'
276 2323 401 2384 solvitur
419 2321 567 2404 quaestio,
588 2341 662 2403 quoe
686 2343 721 2382 ex
741 2325 809 2385 eius.
821 2313 1053 2405 reprehensione
1071 2323 1184 2385 moseri
1202 2333 1302 2404 posset,
1358 2321 1359 2374 l

155 2467 158 2480 ¹
185 2422 256 2462 num
281 2397 459 2461 uidvitiosue
478 2401 517 2460 sit
536 2401 633 2466 omnis
649 2399 739 2463 tim'or
760 2413 789 2461 et
808 2422 874 2461 cnm
894 2400 951 2460 lide
971 2411 1092 2481 pugnet.
1129 2401 1230 2461 Primo
1248 2420 1301 2458 noo
1358 2433 1359 2448 ι

134 2507 152 2540 a
184 2423 360 2560 simpiciter
378 2497 430 2538 eos
450 2477 658 2568 reprehendit,
682 2477 763 2556 quod
782 2477 920 2552 timeant,
951 2477 1002 2536 sed
1023 2477 1301 2556 quo,d„,limld,l„‚siot
1358 2505 1359 2552 l

186 2555 276 2634 Apud
296 2556 428 2614 Marcum
449 2567 536 2614 etnam
555 2553 781 2623 addituroinu,
809 2575 865 2634 qua
883 2552 1024 2634 particula
1042 2564 1142 2626 notat,
1163 2573 1214 2614 eos
1233 2566 1302 2614 extra
1358 2559 1359 2618 l

184 2629 308 2690 modum
327 2649 525 2710 expavescere.
563 2629 681 2690 Deinde
701 2631 787 2690 fidem
808 2649 962 2722 opponens
982 2650 1085 2693 eorum
1104 2631 1215 2704 tineosi,
1232 2629 1301 2691 sede
1358 2619 1359 2660 l

185 2705 343 2766 immodica
359 2705 592 2842 perturbatione
616 2705 699 2786 loqui
719 2706 864 2781 ostendit,
895 2727 970 2798 quae
998 2695 1059 2766 no'u
1086 2719 1151 2767 tam
1181 2716 1304 2768 exerceat

185 2782 317 2862 ipsorum
337 2781 355 2839 sr
379 2785 441 2856 ein,
466 2803 552 2862 quam
573 2801 674 2842 corum
695 2783 796 2842 animis
816 2796 950 2844 excutiat.
989 2783 1163 2857 Quemlibet
1181 2805 1250 2845 vero
1268 2783 1303 2843 ti-

184 2876 299 2916 morem
320 2864 381 2916 uon
402 2877 464 2918 csse
483 2857 552 2917 fidei
572 2858 768 2933 contrarium,
792 2859 861 2918 inde
881 2872 976 2940 patet,
998 2862 1094 2940 quod,
1114 2863 1137 2922 'si
1157 2861 1229 2921 nihil
1248 2881 1305 2929 me-

148 3009 150 3014 γ
184 2933 304 3007 tuimus,
324 2934 443 3013 obrepit
461 2935 562 3014 supina
582 2935 676 2994 carnis
696 2935 848 2997 securitas:
869 2937 908 2996 ita
928 2937 1089 3018 languescit
1107 2937 1193 3012 fides,
1211 2948 1292 3018 torpe

183 3010 325 3090 precandi
344 3010 479 3085 allectus,
497 3011 615 3070 taudem
634 3011 828 3093 exstinguitur
839 3013 898 3072 Dei
918 3014 1070 3074 memoria.
1107 3013 1154 3072 Ad
1175 3014 1244 3076 baec
1259 2947 1305 3094 qul

182 3084 328 3146 malorum
339 3107 427 3148 sensu
446 3109 508 3148 ιιι
526 3098 697 3169 tanguntur,
716 3101 750 3148 ut
764 3101 905 3162 metuant,
924 3090 1030 3170 stupidi
1039 3091 1128 3170 uagis
1142 3104 1210 3150 sunt
1224 3111 1303 3171 quam

184 3172 363 3224 constantes.
402 3164 448 3225 Ita
466 3165 606 3240 videmus,
624 3165 782 3241 timorem,
814 3171 844 3226 ui
862 3166 949 3227 fidem
968 3160 1125 3240 sollicitat,
1145 3187 1246 3248 perse
1264 3167 1303 3226 vi-
1358 3179 1359 3218 ἒ

183 3237 291 3298 ιίοιιιι
311 3259 373 3299 ιιι
392 3260 467 3311 esse,
487 3240 583 3302 donec
603 3242 723 3305 excedat
741 3187 880 3303 molum?
897 3244 927 3307 in
948 3263 984 3304 eo
1005 3255 1102 3303 autem
1115 3257 1158 3304 est
1170 3264 1302 3316 excessus,

111 3357 114 3364 ι
184 3314 208 3374 sl
226 3312 365 3374 turbatur
381 3314 428 3377 vel
454 3317 575 3378 labascit
592 3317 660 3378 fidei
679 3317 889 3398 tranquillitas,
914 3339 991 3400 quae
1013 3321 1197 3413 acquiescere
1221 3320 1302 3379 debet
1358 3359 1359 3364 ι

183 3391 215 3450 in
234 3390 327 3451 verbo
345 3391 416 3465 Dei,
435 3393 487 3453 sed
508 3395 574 3473 quia
591 3417 742 3475 ,uunquam
758 3397 914 3478 contingit,
933 3407 966 3456 ut
984 3397 1100 3456 sibilla
1120 3398 1301 3458 moderentur

182 3464 298 3542 fideles,
313 3487 351 3528 ue
370 3468 442 3530 fides
462 3489 563 3530 eorum
584 3471 709 3544 laboret,
729 3471 791 3536 fere
811 3494 928 3553 semper
946 3473 1079 3533 timendo
1099 3487 1230 3553 peccant
1249 3474 1301 3530 Ve·
1358 3475 1359 3482 ’

182 3547 248 3604 rum
268 3555 396 3604 statuere
416 3559 547 3626 oportet,
566 3548 635 3609 fidei
654 3548 802 3610 desectum
822 3571 884 3610 non
901 3548 1035 3630 quolibet
1053 3551 1159 3610 timore
1179 3546 1299 3632 coargui,
1358 3621 1359 3626 ἵ

183 3623 235 3682 sed
251 3641 290 3702 'ea
310 3621 477 3697 formidine,
498 3641 573 3714 qnae
594 3626 792 3688 conscientiae
811 3647 913 3708 pacem
932 3626 1042 3702 turbat,
1061 3639 1176 3694 utnon
1195 3646 1300 3688 recum-
1358 3629 1359 3632 ’

182 3697 235 3758 bnt
252 3698 290 3757 in¹
303 3697 362 3757 Dei
382 3700 586 3778 promissione.
925 3748 926 3754 ι
1062 3705 1064 3711 ’

257 3780 306 3840 26.
343 3773 509 3851 Ιιιινιριιίι
531 3791 635 3840 uentos.
684 3777 800 3840 Recitat
825 3779 912 3840 etiam
936 3778 1052 3842 Marcus
1074 3779 1165 3840 verba
1190 3773 1297 3850 Cbristi,

181 3850 289 3931 quibus
306 3872 388 3912 mare
407 3853 587 3946 compellans
606 3854 770 3936 silentium,
789 3855 847 3918 boc
867 3869 911 3917 est
931 3858 1083 3936 quietem,
1093 3858 1227 3938 imperat,
1245 3872 1297 3914 non

180 3927 261 4006 quod
280 3935 381 3988 sensus
401 3929 504 4009 aliquus
523 3931 656 3992 subesset
674 3923 705 3992 iu
725 3931 806 4007 lacu,
838 3933 889 3994 sed
903 3946 952 3993 ἰι
977 3935 1116 3993 virtutem
1141 3954 1209 3994 suae
1228 3931 1296 3993 vocis

179 4003 351 4064 ostenderet
369 4005 400 4064 in
419 4019 499 4067 mota
519 4007 663 4068 elementa
683 4021 847 4089 penetrare.
885 4009 950 4071 Nec
969 4009 1064 4070 solum
1084 4031 1163 4076 mare
1182 4022 1212 4070 et
1229 4003 1297 4070 venti

178 4076 242 4135 siue
261 4099 348 4171 sensu
368 4079 426 4141 Ilei
447 4083 571 4164 imperio
593 4083 752 4160 obediunt,
778 4086 829 4145 sed
857 4086 911 4165 ipsi
953 4107 1050 4166 noque
1070 4087 1152 4166 impii
1172 4075 1236 4148 cum
1254 4102 1298 4144 sua

179 4163 373 4238 ⁰⁰¹¹llt1nacrn.
414 4159 515 4235 Quum
536 4159 615 4218 enim
634 4161 736 4220 sedare
755 4161 817 4222 vult
833 4161 914 4223 Deus
932 4108 1055 4223 bellicos
1075 4161 1224 4237 tumultus,
1243 4179 1297 4220 non
1358 4185 1359 4188 ¹

177 4243 293 4312 semper
312 4230 428 4316 feroces
449 4235 601 4298 bominum
627 4237 738 4298 animos
764 4237 860 4312 mollit
885 4251 915 4298 et
939 4239 1051 4300 format
1067 4241 1096 4299 in
1116 4257 1200 4301 suum
1209 4236 1297 4298 obse·
1358 4255 1359 4262 ¹

150 4319 294 4395 *qutums
321 4307 477 4389 sed*facit
501 4325 534 4376 ut
559 4311 724 4392 furentibus
748 4335 828 4376 arma
850 4327 950 4378 tamen
975 4315 1143 4378 emauibus
1169 4313 1296 4376 effluente
1358 4327 1359 4334 ¹

87 3921 93 3954 l
