2808 4748
175 285 215 346 ot
342 279 494 360 sucum
515 254 568 342 Ν.
605 282 683 346 isso
703 295 887 348 emersurus
907 299 948 347 nr
970 269 1145 350 mursano.

116 463 122 480 .
155 435 287 502 ⁶vastant
307 431 339 485 et
366 422 546 488 horrendam
571 427 776 491 contnstunem
805 428 921 493 redacta
947 439 1040 492 erant.
1084 427 1147 492 Sed
1170 429 1310 512 oportuit

175 520 287 564 crassos
310 499 447 564 homines
473 515 504 565 et
526 503 661 587 stupidos
692 529 721 568 as
744 517 811 567 ectu
841 507 906 588 ipso
931 506 1041 568 deserti
1064 499 1185 571 visibilis
1213 507 1311 593 magis

175 578 268 658 sitici,
288 595 348 660 quo
368 579 627 672 avidiusoblatam
646 581 703 645 sibi
722 603 754 644 sn
779 593 876 644 morte
895 580 994 646 salutis
1013 583 1239 665 promissionem
1259 602 1312 643 ex·

176 658 319 740 ciperent.
357 655 444 718 Nunc
467 655 614 736 udonus,
658 676 724 720 uam
748 676 819 720 vere
846 659 877 720 in
902 659 1047 722 Ioannem
1074 669 1225 742 competat
1247 658 1310 720 hoc

175 735 363 812 vaticinium,
393 745 424 794 et
448 751 536 816 quam
561 751 683 817 proprie
707 735 750 796 illi
773 746 898 817 aptetur.
936 735 1049 797 Parate
1070 735 1159 801 vium
1172 735 1309 798 nnsis

174 814 247 876 Non
266 811 387 872 dubium
408 819 462 887 est,
482 811 553 892 quin
565 813 676 896 Cyrum
697 821 727 873 et
743 811 846 876 Persas
865 811 1032 893 alloquatur
1050 813 1210 908 Propheta,
1230 831 1308 894 quo·

175 909 242 953 rum
261 907 351 969 opera
370 907 437 950 usus
457 899 502 948 est
511 889 608 950 Deus:
629 909 662 950 ac
681 909 782 950 sensns
803 900 857 967 est,
877 889 1039 950 Dominum
1059 889 1181 951 mirifica
1198 889 1309 952 virtuto

173 969 331 1040 facturum,
350 964 447 1028 utria
486 963 578 1048 opulo
594 984 652 1034 suo
671 985 725 1045 per
743 964 840 1030 invios
858 965 957 1044 saltus,
979 985 1035 1048 per
1050 963 1188 1028 abscissas
1206 985 1308 1048 rupes,

175 1059 207 1112 et
224 1051 279 1130 per
298 1042 406 1104 aridam
424 983 612 1116 solitudinem
631 1053 747 1124 pateat,
772 1041 840 1136 quia
859 1043 896 1104 ad
915 1063 1032 1104 manum
1052 1041 1175 1104 habebit
1191 1043 1305 1178 qratiae

172 1140 243 1190 suae
265 1113 458 1196 ministrns‚‘·
478 1117 508 1179 ui
534 1116 685 1180 obstacula
709 1139 807 1181 omnia
832 1119 973 1183 emedio
999 1117 1114 1180 tollant.
1152 1118 1193 1180 Se
1232 1117 1306 1181 illud

173 1197 329 1286 umbratile
348 1193 406 1255 tuit
423 1139 633 1276 redemptionis
652 1195 860 1276 praeludium
882 1195 945 1256 Ubi
962 1201 1061 1257 autern
1079 1196 1111 1256 in
1126 1193 1222 1256 lucem
1232 1217 1305 1278 pro-

154 1281 218 1343 dit
235 1270 392 1360 spiritualis
408 1273 523 1356 veritas,
542 1271 669 1332 mittitur
686 1271 825 1349 Ioannes,
845 1271 895 1353 qui
915 1273 977 1334 eius
996 1271 1207 1353 impedimenta
1224 1292 1306 1333 sum-

115 1389 122 1412 ·
172 1365 300 1419 moveat.
335 1345 377 1411 lit
397 1348 530 1430 quotidie
549 1347 668 1410 auribus
686 1348 795 1410 nostris
820 1345 923 1410 eadem
946 1370 1003 1414 vox
1025 1349 1159 1425 insonat,
1184 1359 1219 1408 ut
1238 1349 1303 1408 Do·
1392 1395 1393 1400 1

165 1435 255 1496 xmino
279 1445 414 1511 paremus
431 1419 524 1502 viam‘,
546 1423 607 1486 hoc
629 1437 688 1500 est,
713 1423 835 1487 sublatis
858 1425 952 1518 uitiis²
983 1443 1059 1508 quae
1077 1443 1173 1508 regno
1194 1424 1305 1487 Christi

172 1513 250 1576 viam
267 1502 477 1588 praecludunt,
500 1519 648 1564 accessum
668 1503 769 1562 demus
789 1502 850 1562 eius
875 1515 997 1586 gratiae.
1033 1501 1149 1563 Eodem
1173 1503 1304 1596 pertinet

172 1586 254 1670 quod
271 1580 406 1662 sequitur
423 1578 501 1660 apud
519 1577 705 1660 prophetam,
723 1573 826 1638 Brund
910 1601 931 1640 n
944 1581 977 1638 in
994 1576 1112 1643 simun
1150 1576 1303 1661 Significat

173 1665 253 1726 enim
271 1669 400 1732 tantum,
424 1655 553 1740 salebras
573 1667 605 1716 et
621 1667 774 1717 tortuosos
794 1677 830 1716 au
846 1667 940 1717 raetos
961 1676 1023 1722 esse
1045 1657 1077 1717 in
1095 1656 1226 1734 mundo,
1250 1654 1303 1716 sed

171 1761 228 1824 per
245 1749 306 1799 tam
324 1733 428 1795 arduas
439 1731 623 1794 difficultates
633 1733 795 1792 Dominum
814 1730 871 1794 sibi
888 1735 964 1794 riam
984 1730 1092 1810 facere,
1110 1731 1200 1794 utad
1217 1750 1302 1814 pera·

171 1815 299 1906 gentiam
317 1810 439 1883 salutem
458 1819 590 1872 nostram
608 1805 777 1870 incredibili
794 1808 888 1870 modo
904 1806 1051 1890 penetret

247 1891 321 1952 Luc.
344 1893 374 1954 6.
416 1883 535 1946 Videbit
551 1889 645 1946 omnes
662 1903 742 1945 caro,
779 1883 890 1948 Sensus
910 1897 970 1963 est,
988 1883 1122 1947 Salutem
1139 1883 1223 1946 istam
1241 1884 1299 1945 mi·

171 1969 252 2033 nime
272 1966 427 2028 obscuram
445 1963 526 2038 fore,
549 1961 599 2024 vel
623 1960 797 2044 gustandam
822 1981 839 2024 a
885 1964 962 2025 aucis
986 1956 1102 2024 ta'ntum
1122 1960 1300 2054 homipibus‚
1341 2037 1343 2042 ,

171 2044 386 2110 sed'illustrem
404 2051 435 2103 et
454 2037 590 2102 omuibus
610 2057 805 2100 communem.
874 2038 934 2100 nde
958 2039 1107 2120 sequitur,
1130 2037 1301 2104 vaticinium

90 2123 93 2132 ’
170 2125 231 2185 hoc
254 2118 376 2180 minime
398 2118 430 2178 in
477 2115 559 2199 opuli
583 2115 680 2176 reditu
704 2113 792 2177 fuisse
815 2115 1006 2198 completum.
1050 2115 1126 2178 Nam
1149 2114 1205 2176 cisi
1228 2123 1302 2176 tnnc

169 2195 362 2262 memortbile
386 2205 498 2278 gratiae
516 2195 586 2256 suae
609 2192 818 2254 documentum
838 2191 975 2274 praebuit
996 2191 1093 2268 Deus,
1115 2211 1178 2252 non
1201 2199 1300 2252 nmen

169 2277 228 2340 toti
245 2272 358 2335 mundo
378 2271 518 2355 patefecit
535 2269 765 2332 salntemsuam.·
793 2269 859 2331 Imo
870 2269 1039 2350 Prophetae
1060 2267 1300 2360 consiliumduit,

170 2375 265 2417 raram
289 2349 389 2412 salutis
413 2368 489 2430 quae
514 2346 724 2409 manifestanda
749 2359 813 2408 erat
840 2347 1047 2428 praestantiam
1070 2344 1218 2429 prioribus
1241 2345 1300 2405 Der

170 2427 322 2493 beneficiis
348 2439 521 2509 opponere,
550 2436 585 2486 ut
607 2421 718 2484 scirent
740 2423 858 2500 fideles,
888 2443 1038 2504 uunquam
1061 2433 1122 2482 tam
1145 2419 1299 2501 praeclare

134 2504 151 2542 ¹'
169 2520 268 2571 actum
286 2503 376 2564 fnisse
396 2523 462 2564 curn
480 2500 623 2574 Ecclesia,
644 2520 699 2562 nec
717 2511 777 2564 tam
797 2499 951 2583 magnifice
969 2498 1094 2560 illuxisse
1110 2497 1171 2559 Dei
1190 2508 1299 2580 poten-

168 2585 242 2647 tiam
260 2584 292 2643 in
311 2579 470 2642 liberandis
489 2579 558 2640 suis.
575 2597 580 2604 ·
598 2578 676 2642 ono
694 2576 753 2639 hoc
772 2577 841 2640 loco
861 2577 994 2638 homines
1018 2574 1082 2638 sine
1101 2573 1163 2637 vitii
1182 2595 1302 2636 couno-v

166 2663 284 2724 tatione
303 2659 326 2718 si
349 2655 454 2720 nificat
766 2683 773 2705 ι
910 2685 912 2689 «
947 2707 951 2726 ,
1319 2684 1324 2693 ,

248 2676 353 2796 Marah.
377 2737 405 2794 4.
452 2729 581 2790 Ioannes
610 2727 730 2790 berbebm
757 2731 962 2790 urrunnun.
1013 2727 1081 2813 Hoc
1113 2725 1296 2809 Evangelista

169 2831 234 2876 uon
258 2815 394 2869 numerat
416 2803 495 2867 inter
516 2807 689 2887 praecipuas
712 2805 851 2882 virtutes,
869 2805 964 2886 ,quod
992 2805 1059 2866 rudi
1088 2815 1120 2867 et
1143 2802 1298 2866 austeriori
1392 2811 1393 2817 ’

168 2885 287 2954 vivendi
306 2883 419 2951 formae
438 2881 588 2959 addictus,
611 2882 699 2944 etiam
718 2883 897 2943 mediocrem
916 2883 1106 2962 usitatumque
1125 2879 1297 2956 munditiem
1382 2884 1385 2890 “

168 2967 201 3029 sn
224 2963 294 3037 erit,
317 2961 371 3030 sed
389 2957 456 3041 quia
475 2959 555 3041 prins
574 2959 684 3019 dixerat
724 2969 898 3020 montanum
919 2957 1007 3020 fuisse
1026 2957 1193 3034 hominem,
1217 2975 1318 3023 nnnc,

168 2983 303 3113 subiicit,
327 3038 437 3100 victum
457 3049 490 3097 et·
504 3035 696 3126 qestitumha
718 3034 833 3096 itationi
852 3047 1084 3097 consentaneum
1103 3034 1210 3112 fnissn
1239 3033 1296 3100 At·
1362 3041 1366 3046 '
1392 3069 1393 3078 κ

168 3137 230 3202 quc
247 3115 306 3175 boc
324 3114 438 3190 recitat,
457 3133 519 3174 non
539 3123 654 3173 tautum
672 3125 707 3174 ut
723 3111 856 3189 sciamus,
874 3112 1022 3173 rusticano
1041 3111 1122 3174 victu
1141 3123 1172 3170 et
1188 3111 1294 3190 vestitu

166 3202 342 3257 contentum
360 3191 454 3252 nullas
473 3188 590 3250 delicias
610 3202 749 3271 captasse,
768 3191 819 3250 sed
839 3191 871 3251 in
889 3189 1011 3250 sordido
1033 3193 1066 3248 et‘
1081 3185 1296 3322 contemptibili

165 3270 270 3333 habitu
288 3265 378 3330 fnisse
396 3265 495 3351 magni
513 3264 602 3346 pretii
622 3267 709 3328 etiam
732 3266 812 3326 inter
834 3267 970 3328 homines
997 3265 1091 3326 lautos
1116 3273 1147 3324 et
1164 3285 1198 3344 sp
1212 3263 1294 3324 endi-

167 3343 230 3409 dos.
269 3341 367 3404 Porro
395 3356 429 3404 ut
456 3344 626 3425 superstitio
656 3343 817 3426 perlectam
848 3346 911 3404 fere
942 3343 1080 3403 iustitiam
1107 3341 1139 3402 iu
1170 3339 1294 3400 externis

166 3422 253 3486 larvis
272 3420 441 3495 constituit,
465 3419 556 3503 vulgo
575 3432 732 3502 putarunt,
758 3420 905 3482 cumulum
923 3419 1082 3480 sanctitatis
1101 3417 1189 3478 fnisse
1207 3417 1294 3477 talem

167 3495 390 3574 continentiam.
428 3497 506 3560 Huic
526 3497 622 3558 errori
641 3497 729 3558 affine
748 3496 807 3557 fuit
823 3497 948 3558 altemin
966 3495 1085 3571 vitium,
1105 3494 1184 3575 quod
1204 3493 1293 3553 tinxe-

165 3588 253 3655 runt,
278 3573 436 3656 hominem*
453 3575 485 3634 in
506 3573 568 3636 bita
595 3573 725 3636 solitaria
753 3573 940 3636 abhorruisse
964 3591 981 3634 a
1001 3571 1151 3632 communi
1178 3568 1293 3631 vivendi

166 3672 261 3730 more,
281 3648 531 3732 quemadmodum
547 3653 685 3726 eremitae
709 3662 740 3712 et
762 3649 903 3712 mona'chl
927 3650 985 3710 hoc
1004 3669 1064 3710 uno
1085 3644 1245 3723 excellunt,
1269 3648 1295 3707 si*

140 3749 142 3756 ’
166 3730 307 3792 differant
331 3747 348 3788 a
371 3727 500 3807 reliquis.
539 3729 673 3790 Tandem
693 3729 813 3808 accessit
836 3727 924 3788 nimis
943 3739 1035 3787 crassa
1055 3723 1185 3801 inscitia,
1210 3723 1290 3804 quod

165 3825 202 3868 ex
219 3806 286 3889 pilis
305 3803 441 3865 iecerunt
464 3805 608 3888 integram
628 3803 748 3886 pellem:
782 3803 876 3886 Atqui
903 3819 964 3865 non
992 3797 1112 3864 dubium
1138 3813 1200 3878 est,
1223 3801 1292 3881 quin

164 3883 214 3944 hie
240 3893 413 3944 montanum
435 3880 586 3943 hominem
611 3882 755 3944 describat
778 3880 980 3963 Evangelista‚
1009 3877 1046 3962 ab
1073 3879 1155 3940 omui
1170 3877 1292 3938 urbano

164 3961 265 4036 nitore
285 3969 316 4019 et
339 3957 458 4020 lautitiis
477 3965 639 4035 remotum,
664 3979 720 4020 nec
742 3957 834 4035 modo
858 3959 937 4020 victu
961 3953 1084 4038 parabili
1109 3966 1292 4032 contentum,

67 4049 73 4060 ’
164 4037 217 4097 sed
240 4037 407 4098 vescentem
432 4034 528 4096 solum
555 4037 659 4098 nativis
684 4035 773 4111 cibis,
803 4046 837 4094 ut
859 4034 948 4095 melle
971 4029 1096 4116 agresti,
1126 4034 1208 4093 cuius
1232 4030 1291 4092 illic

164 4117 296 4204 suppetit
317 4112 385 4172 satis
409 4111 490 4172 bona
512 4112 613 4193 copia,
636 4123 667 4172 et
690 4109 826 4187 locustis,
846 4132 968 4191 quarum
992 4111 1079 4170 etiarn
1102 4105 1206 4171 lertilis
1230 4119 1291 4170 crat

164 4206 265 4268 regio:
285 4188 332 4250 vel
352 4189 420 4268 quia
439 4181 512 4249 utile
532 4187 598 4265 fuit,
616 4189 766 4250 bominem
787 4179 1040 4268 contemptibilem
1053 4199 1083 4246 et
1095 4185 1177 4247 nullo
1193 4185 1292 4246 nitore

106 4333 108 4340 y
163 4263 327 4344 gratiosum
343 4266 465 4345 prodire
483 4263 514 4326 in
531 4265 688 4341 theatrum,
708 4277 742 4326 ut
759 4264 822 4326 sola
839 4265 871 4326 in
884 4284 920 4327 eo
934 4261 1064 4346 fulgeret
1074 4262 1132 4324 Dei
1149 4259 1292 4340 maiestas,

164 4353 241 4416 quae
259 4349 358 4426 tamen
376 4342 410 4400 in
429 4342 474 4408 sui
493 4341 718 4406 admirationem
738 4361 841 4403 omnes
860 4352 985 4424 raperet
1022 4341 1193 4419 Notandum
1212 4341 1290 4402 enirn

164 4423 210 4475 est
230 4413 310 4493 quod
329 4415 453 4495 additur,
472 4431 611 4504 magnam
630 4419 760 4502 undique
778 4418 883 4500 populi
902 4437 1075 4480 concursum
1096 4437 1157 4480 esse
1172 4417 1287 4480 factum.
