2786 4742
364 260 427 334 (79.
446 255 517 318 Duo
538 255 620 318 coeci
638 267 670 320 et
687 249 790 320 mutus
803 259 918 338 sanati.)
1145 265 1205 329 233

6 367 8 372 V
74 401 232 466 manibuss'
254 399 335 462 unde
365 399 547 484 colligimus,
580 411 653 484 quot
674 353 749 463 inne
773 403 948 486 corruptelis
972 403 1082 468 referta
1112 404 1205 470 ruerit
1322 469 1324 478 Α
1369 437 1373 456 1

73 481 193 542 Iudaea.
277 525 281 534 .
751 521 754 528 ι

151 557 243 616 Marc.
262 559 310 620 39.
349 553 453 614 Puella
470 551 586 614 dormit.
610 551 768 614 *inmas
786 554 892 636 passim
911 557 1051 638 accipitur
1069 559 1100 620 in
1121 559 1204 622 Scri·

73 646 161 716 ptura
180 653 235 713 pro
248 630 339 691 mori:
360 651 415 691 nec
435 631 555 692 dubium
577 642 630 706 est,
641 630 712 709 quin
732 631 786 699 bac
805 630 992 693 similitudine
1011 657 1028 695 a
1046 636 1205 718 temporali

75 711 175 791 quiete
194 719 307 789 sumpta
326 720 448 768 notetur
466 708 563 768 sutura
583 709 769 769 resurrectio.
807 709 865 770 Hic
880 727 951 770 vero
970 710 1050 770 inter
1067 735 1203 776 somnum

75 791 116 848 et'
131 799 258 847 mortem
283 785 470 866 peculiariter
495 785 807 861 discernit·Christus,
838 797 872 846 ut
896 803 977 868 spem
1000 788 1076 848 vitae
1102 790 1203 852 saciata

75 864 133 930 acsi
154 865 279 936 diceret,
299 863 368 922 Mox
387 861 618 944 expergefactam
637 861 789 938 videbitis,
814 884 900 941 quom
921 860 1029 947 putatis
1047 877 1203 930 mortuam.

75 941 213 1001 Derisum
233 958 303 1000 vero
324 937 412 999 luisse
438 960 454 998 a
478 940 599 1018 stupidis
620 950 652 998 et
677 941 777 1000 crassis
802 940 988 1014 bominibus,
1014 941 1121 1001 mirum
1139 964 1203 1006 non
1256 945 1258 956 ’

76 1029 135 1092 est,
164 1018 213 1096 qni
231 1015 288 1077 toti
312 1016 342 1074 in
369 1015 497 1095 profano
517 1015 598 1076 luctu
621 1016 859 1098 occupabantur,
890 1037 946 1078 nec
966 1019 1027 1078 eins
1048 1019 1203 1082 consilium

74 1094 226 1156 tenebant.
274 1092 314 1152 Et
344 1104 443 1153 tamen
468 1092 525 1152 hoc
573 1113 671 1185 noque
696 1094 731 1154 ad
757 1091 890 1154 miraculi
916 1093 1206 1158 commendationem

73 1171 172 1246 valuit,
193 1165 272 1251 qubd
294 1167 337 1227 de
350 1179 453 1228 morte
467 1168 539 1228 nibil
552 1113 749 1230 dubitationis
768 1171 846 1252 apud
865 1191 917 1232 eos
937 1171 1072 1232 restabat.

149 1254 197 1313 41.
234 1243 431 1322 Apprelsertso
447 1267 537 1306 mono
554 1247 765 1307 eimclomooit.
803 1245 934 1308 Tametsi
952 1247 1125 1308 naturaliter
1144 1246 1204 1310 cla.

6 1383 7 1386 ,
73 1348 141 1388 mor
161 1326 207 1386 hic
226 1325 263 1385 ad
283 1322 450 1384 excitandos
468 1335 604 1382 mortuae
625 1343 725 1384 sensus
751 1323 824 1384 nibil
843 1325 998 1406 proderat,
1015 1325 1081 1385 rim
1094 1337 1204 1387 tamen

6 1401 8 1480 ]
73 1424 142 1465 suae
160 1401 242 1463 vocis
262 1399 416 1480 magnifice
436 1400 593 1460 ostendere
611 1397 706 1461 voluit
716 1399 861 1476 Christus,
880 1423 940 1482 quo
959 1401 1050 1484 magis
1069 1401 1204 1464 homines

6 1501 7 1512 ¹
74 1478 271 1542 assuefaceret
296 1479 332 1536 ad
353 1475 515 1536 doctrinam
530 1494 621 1536 snam
646 1475 829 1536 audiendam.
864 1478 942 1541 ¹Inde
961 1478 1059 1561 igitur.
1071 1490 1204 1560 apparet,

6 1579 9 1613 ι
75 1577 162 1637 quam
182 1553 284 1614 efficax
300 1553 340 1614 sit
358 1574 414 1613 vox
433 1552 554 1628 Christi,
595 1571 650 1612 uae
670 1552 706 1612 ad
725 1565 860 1614 mortuos
878 1574 971 1636 usque
995 1565 1145 1636 penetrat,
1170 1567 1205 1617 ut

74 1635 113 1694 sit
132 1631 163 1691 in
183 1632 246 1711 ipsa
269 1641 367 1690 morte
391 1629 512 1690 vivifica.
555 1573 629 1690 Ideo
655 1628 726 1690 dicit
749 1630 858 1707 Lucas,
881 1651 1031 1692 recemum
1055 1651 1118 1694 case
1141 1632 1205 1694 ciue

73 1709 219 1792 spiritum,
238 1707 296 1767 acsi
315 1706 436 1780 diceret,
457 1705 567 1771 Christi
587 1706 712 1787 imperio
725 1706 849 1783 accitum
861 1706 959 1768 statim
969 1720 1085 1790 praesto
1106 1709 1204 1770 inbre.

151 1790 199 1850 43.
237 1783 279 1859 Et
300 1785 452 1860 proserpit
476 1782 546 1842 illis.
590 1783 720 1844 Tametsi
746 1801 809 1843 non
839 1804 942 1846 omnes
973 1786 1140 1868 promiscue
1166 1785 1204 1846 ad

72 1859 299 1924 resurrectionis
318 1857 513 1942 spectaculum
526 1858 658 1928 Christus
679 1860 804 1936 admisit,
824 1879 886 1922 non
928 1873 1026 1923 oterat
1044 1874 1142 1924 tamen
1152 1861 1205 1923 dlu

6 1989 8 1996 ,
72 1941 164 2001 latere
182 1937 363 1998 miraculum.
400 1937 464 1997 Nec
482 1956 555 1998 vero
575 1949 805 1999 consentaneum
826 1937 896 1999 iuiss
945 1962 979 2000 su
1001 1937 1128 2021 primere
1143 1939 1204 2001 Dei

6 2013 8 2080 J
71 2017 219 2090 virtutem,
238 2035 296 2108 qua
316 2013 533 2094 praeparandus
553 2015 690 2076 advitam
712 2027 774 2076 erat
793 2026 872 2076 totus
894 2038 963 2076 mun
988 2039 1028 2076 us.
1056 2017 1202 2108 Curergo

6 2081 7 2152 Ϊ
71 2093 222 2156 silentium
241 2102 365 2172 imperat
383 2090 554 2170 parentibus
577 2090 712 2172 puellae?
750 2091 842 2160 Forte
862 2105 1003 2153 nontam
1023 2113 1085 2153 rem
1105 2113 1204 2230 qpsam
1324 2103 1333 2122 ¹
1385 2149 1386 2158 ,

6 2167 8 2228 s
72 2193 159 2252 quam
178 2169 299 2228 modum
318 2166 410 2226 taceri
429 2166 539 2240 soluit,
565 2179 596 2226 et
616 2167 734 2246 quidem
752 2177 867 2227 tantum
888 2168 923 2252 ad
943 2179 1077 2250 tempus..
1139 2171 1168 2231 id
1188 2206 1204 2222 ·

6 2297 8 2306 .
71 2269 137 2308 mus
158 2247 246 2318 enim,
264 2256 298 2316 ut
318 2243 380 2302 aliis
401 2261 520 2320 quoque
540 2240 613 2303 locis
634 2243 762 2321 quaesita
783 2243 873 2304 luerit
892 2243 928 2304 ab
949 2247 1002 2306 illo
1024 2258 1203 2328 opportuni-

6 2315 8 2356 ss
70 2337 124 2385 tas.
165 2322 227 2398 Qui
246 2331 352 2402 putant
376 2319 482 2378 vetitos
507 2337 569 2378 esse
595 2317 694 2398 loqui,
719 2338 778 2397 qno
803 2321 894 2400 magis
919 2333 1074 2395 acueretur
1100 2333 1204 2385 ebrum
1320 2374 1324 2382 .

6 2403 7 2407 ’
71 2400 217 2471 studium,
242 2396 337 2458 coacti
357 2393 393 2454 ad
419 2393 492 2460 banc
512 2395 690 2454 solutionem
711 2393 898 2476 confugiunt.
943 2396 1054 2457 Fateor
1073 2400 1204 2478 quidem,
1249 2410 1256 2426 ²

72 2498 134 2537 non
156 2476 243 2534 luisse
263 2473 409 2532 editurae
430 2469 550 2532 Christo
571 2470 756 2542 miraculum,
777 2471 848 2550 quin
868 2470 958 2533 vellet
977 2473 1132 2550 celebrari,
1150 2477 1204 2538 sed

6 2605 7 2612 ,
72 2553 153 2613 forte
172 2550 263 2632 magis
284 2549 394 2609 idoneo
413 2559 550 2628 tempore
568 2546 615 2606 vel
636 2546 752 2608 dimissa
771 2547 869 2622 turba,
888 2548 940 2608 ubi
959 2550 1038 2610 nulla
1058 2562 1121 2610 erat
1139 2573 1204 2612 me-

6 2625 7 2636 ’
72 2629 212 2690 diocritas
231 2625 285 2687 vel‘
298 2622 472 2686 moderatio.
512 2623 648 2704 Spatium
669 2643 740 2708 ergo
762 2623 832 2685 dare
848 2624 960 2702 voluit,
980 2647 1040 2708 quo
1061 2626 1154 2708 quieti
1173 2641 1218 2692 et*

6 2705 7 2714 ’
71 2705 232 2788 compositi
251 2703 310 2779 Dei
331 2711 404 2786 opps
424 2703 632 2782 expenderent.
705 2715 708 2720 ·

6 3149 7 3154 ἵ
112 3065 197 3148 (79.)
239 3065 412 3132 ΜΑΤΤΗ.
431 3064 484 3130 ΙΧ.
530 3063 582 3128 27.
608 3061 651 3128 Et
671 3085 768 3150 quum
792 3061 974 3129 discederet
995 3061 1086 3131 illinc
1105 3064 1204 3146 lesus,

71 3169 200 3256 sequuti
221 3178 295 3232 sunt
317 3189 388 3231 eum
412 3165 478 3231 duo
502 3166 602 3243 coeci,
622 3162 793 3229 clamantes
814 3175 847 3229 ct
867 3163 1021 3243 dicentes,
1042 3165 1204 3235 Miserere

6 3295 7 3298 ¹
71 3274 183 3347 nostri,
202 3267 268 3334 Fili
286 3267 402 3332 David.
444 3267 496 3332 28.
517 3267 621 3332 Porro
641 3287 738 3352 quum
759 3268 902 3331 venisset
922 3267 956 3330 in
980 3264 1093 3356 aedes,
1115 3268 1205 3335 adie-

6 3349 7 3368 .
71 3383 148 3440 runt
170 3370 261 3436 illum
283 3371 388 3445 coeci,
409 3376 440 3433 et
462 3365 540 3432 dicit
560 3366 626 3432 illis
647 3368 750 3446 lesus,
780 3365 924 3434 Creditis
945 3389 996 3432 me
1020 3365 1084 3434 boe
1104 3392 1203 3456 posse

71 3471 202 3540 iacere?
224 3471 335 3535 dicunt
355 3465 421 3545 illi,
442 3467 564 3548 Etiam,
585 3469 735 3535 Domine.
777 3466 829 3533 29.
849 3468 943 3538 'l'unc
963 3470 1067 3554 tetigit
1081 3471 1203 3538 *ocutos

71 3571 218 3651 illorum,
250 3570 381 3648 dicens,
417 3569 506 3635 quta
545 3570 645 3636 fidem
671 3579 810 3635 vestram
837 3568 897 3634 fiat
921 3567 1024 3634 vobis.
1081 3571 1133 3634 30.
1159 3571 1204 3648 Et
1319 3642 1324 3662 ,Ι

72 3675 177 3762 aperti
197 3682 271 3738 sunt
292 3670 422 3736 illorum
445 3669 547 3749 oculi,
573 3681 605 3736 et
625 3673 847 3738 interminatus
868 3679 916 3735 est
936 3669 1001 3735 illis
1021 3671 1126 3750 lesus,
1152 3671 1204 3754 di-

73 3797 165 3857 cens,
182 3772 322 3851 Videte,
344 3791 387 3836 ne
409 3773 481 3858 quis
501 3775 590 3838 sciat.
631 3771 684 3838 31.
705 3772 749 3836 At
768 3770 817 3837 illi
839 3793 937 3872 quum
957 3770 1127 3848 abiissent,
1155 3771 1203 3837 di-

71 3875 242 3964 vulgarunt
267 3873 382 3940 lamam
408 3869 496 3936 illius
524 3875 559 3936 in
586 3881 653 3960 tota
679 3877 765 3938 terra
792 3871 859 3936 illa.
917 3873 969 3937 32.
1004 3867 1072 3936 lllis
1095 3881 1201 3938 autem

73 3973 326 4059 egredientibus,
353 3994 428 4037 ecce
452 3972 654 4040 adduxerunt
675 3973 723 4039 illi
744 3974 906 4040 hominem
927 3981 1049 4036 mutum
1071 3970 1202 4038 daemo-

71 4077 207 4142 niacum.
247 4077 298 4141 33.
319 4074 361 4140 Et
384 4077 488 4139 eiecto
511 4073 686 4142 daemonio
707 4075 861 4162 loquutus
883 4084 933 4139 est
949 4082 1071 4153 mutus,
1092 4083 1125 4139 et
1144 4072 1202 4139 ad.

72 4177 203 4266 miratae
238 4188 313 4243 sunt
342 4175 473 4252 turbae,
503 4174 663 4256 dicentes,
702 4177 876 4262 Nunquam
911 4175 1060 4260 apparuit
1091 4176 1200 4242 sicin

73 4271 180 4342 lsrael.
220 4279 271 4344 34.
297 4279 341 4342 At
359 4265 523 4344 Pharisaei
544 4263 710 4364 dicebant,
726 4280 763 4344 In
785 4278 933 4365 principe
955 4274 1200 4346 daemoniorum
1265 4363 1267 4374 Ι

76 4373 162 4436 ciioit
184 4377 362 4446 daemonia.
