2824 4756
496 218 558 298 (15.
578 217 735 280 Somnium
753 217 901 303 losephi.)
1009 259 1014 270 ·
1190 259 1193 268 .
1226 227 1270 288 53

128 363 318 428 sanctificans
348 384 366 424 e
390 361 514 424 Satanae
542 362 702 442 tyrannide
729 362 876 438 vindicat,
904 377 939 426 ut
968 365 1098 431 iustitiae
1129 366 1267 430 vivamus.

130 442 233 515 Quare
256 444 319 500 n'on
339 459 413 499 vere
429 439 597 522 agnoscitur
616 451 752 514 servator
768 437 917 517 Christus,
928 441 1035 503 ¹donee
1051 443 1109 508 side
1128 441 1266 524 amplecti

50 553 53 564 ·
129 518 274 582 discamus
295 517 448 597 gratuitam
480 528 669 597 peccatorum
697 516 914 590 remissionem,
945 530 975 577 et
997 540 1052 580 nos
1077 521 1176 580 cora‘m
1195 519 1284 582 Deo'

128 594 223 654 iustos
245 593 359 652 censeri
378 593 517 665 sciamus,
536 593 602 671 quia
622 592 750 654 absoluti
769 613 867 652 sumus
887 613 905 654 a
922 606 1028 660 reatuz,
1040 596 1148 660 deinde
1167 595 1265 678 Spiri-

128 683 193 731 tiim
215 670 342 729 iustitiae
368 681 399 728 et
423 669 609 733 rectitudinis
631 668 667 730 ab
694 688 731 727 eo
756 680 905 748 petamus,
929 671 1066 734 omniet
1090 670 1213 753 operum
1234 683 1274 736 et'

128 745 249 808 virtutis
270 758 387 806 nostrae
405 745 509 810 fiducia
527 746 623 812 vacui.
667 745 778 810 Christi
802 743 946 825 populum
965 745 1068 825 procul
1089 749 1179 810 dubio
1195 751 1263 810 An.

131 823 215 906 gelus
235 818 368 886 nominat
388 821 526 898 Iudaeos,
547 822 653 902 quibus
673 823 703 882 iu
718 821 815 902 Caput
835 833 867 881 et
885 820 999 904 Regem
1019 821 1167 885 ordinatus
1186 838 1263 888 erat:

126 902 185 963 'sed
205 899 275 978 quia
303 898 477 959 inserendae
507 899 595 979 paulo
619 911 688 992 post
713 909 797 959 erant
821 910 926 980 gentes
950 898 981 958 in
1007 917 1099 980 genus
1118 899 1264 978 Abrahae,

126 975 298 1038 ‚extenditur
317 975 389 1035 haec
410 974 515 1035 salutis
531 979 689 1055 promissio
707 975 874 1056 promiscue
893 974 931 1036 ad
952 994 1066 1052 omnes,
1085 975 1135 1054 qui
1154 977 1211 1038 fide
1230 978 1264 1038 in

131 1075 222 1120 unum
243 1051 390 1118 Ecclesiae
409 1071 520 1130 corpus
536 1052 719 1112 coalescunt.
1029 1123 1032 1130 Ι

207 1135 254 1194 22.
292 1129 363 1188 Hoc
381 1142 471 1188 totum
481 1129 603 1210 factura
622 1141 670 1187 est.
719 1128 829 1190 Inscite
860 1140 1009 1210 nugentur
1040 1140 1071 1189 et
1102 1127 1265 1208 pueriliter,

130 1208 181 1288 qui
203 1207 390 1266 contendunt
408 1205 487 1268 Filio
509 1206 566 1265 Dei
593 1205 660 1266 ideo
685 1205 853 1288 impositum
874 1225 936 1266 esse
956 1223 1067 1267 nornen
1086 1205 1172 1279 Iesu,
1197 1205 1265 1296 quia

115 1293 253 1344 vocetur
272 1281 446 1346 Immannel.
485 1283 555 1348 Non
581 1283 660 1344 enim
687 1281 858 1374 particulam
883 1304 973 1344 unam
999 1282 1138 1345 duntaxat
1161 1281 1265 1362 arripit

128 1359 312 1432 Matthaeus,
339 1359 394 1419 sed
411 1357 553 1438 quicquid
577 1357 606 1418 in
629 1358 738 1420 Christi
763 1359 960 1440 conceptione
987 1359 1116 1420 coeleste
1136 1380 1172 1420 ac
1189 1359 1265 1420 divi-
1306 1387 1308 1392 ¹

129 1458 199 1502 uum
222 1447 268 1495 est
286 1435 511 1516 complectitur,
530 1455 590 1514 quo
611 1435 701 1496 etiam
719 1435 849 1514 pertinet
866 1435 1036 1497 universalis
1056 1447 1137 1499 uota
1162 1435 1263 1496 ¹Nunc

128 1513 293 1574 videndum
304 1524 358 1586 est,
400 1532 468 1574 uam
481 1511 614 1592 apposite
629 1514 737 1572 citetur
747 1510 857 1570 lesaiae
869 1510 1046 1573 vaticinium.
1083 1512 1183 1574 Locus
1195 1509 1264 1572 satis

130 1601 220 1650 notus
240 1601 286 1648 est
306 1609 339 1650 ac
359 1533 495 1662 cdlebris,
514 1609 576 1668 cap.
587 1595 617 1666 7,
629 1595 693 1653 tl:
713 1587 765 1648 sed
784 1587 887 1650 Iudaei
905 1609 960 1668 pro
980 1587 1066 1650 solita
1084 1610 1136 1650 sua
1154 1589 1265 1652 malitia

129 1687 199 1727 eum
220 1666 397 1745 depravant,
423 1661 589 1744 quanquam
613 1685 676 1726 non
701 1663 798 1726 minirs
824 1684 947 1728 coecum
967 1677 998 1726 et
1021 1664 1150 1738 fatuum,
1175 1685 1264 1746 qnam

129 1743 299 1822 improbum
314 1741 426 1803 Christi
447 1741 616 1816 etveritatis
636 1743 739 1806 odium
757 1741 802 1802 hic
843 1741 961 1804 rodunt.
999 1741 1045 1801 Eo
1064 1741 1265 1822 impudentiae

129 1819 281 1901 progressi
301 1817 473 1880 sunt-:mulii
493 1838 595 1880 eorum
607 1817 746 1894 Rabbini,
766 1763 847 1884 atde
867 1838 937 1899 rege
950 1817 1051 1878 Hiskia
1071 1831 1264 1899 exponerent,

130 1898 182 1978 qui
207 1909 279 1956 tunc
305 1917 399 1956 annos
425 1895 541 1956 circiter
565 1896 731 1976 quindecim
758 1909 840 1958 natus
860 1907 932 1955 erat.
973 1894 1094 1972 Qualis,
1126 1896 1264 1971 obsecro,

130 1976 248 2040 istaest
267 1971 430 2032 mentiendi
450 1970 555 2046 libido,
574 1994 675 2034 everso
687 1985 807 2034 naturae
820 1973 925 2034 ordine
943 1972 1080 2032 iuvenem
1098 1973 1264 2052 recondere

130 2050 160 2110 in
180 2061 267 2110 utero
288 2051 395 2120 matris¹¹
432 2061 467 2109 ut
485 2048 614 2110 sedecim
633 2071 778 2111 annorum
798 2063 949 2122 nascatur,
977 2069 1016 2109 ne
1041 2049 1149 2110 claram
1167 2049 1263 2110 lucem

130 2127 305 2187 admittant?
345 2092 406 2190 Sed
436 2125 521 2206 digni
552 2138 621 2186 sunt
644 2127 758 2186 scilicet
786 2127 885 2188 hostes
915 2125 1150 2219 Christi,iquos
1180 2127 1264 2186 Deus

130 2203 235 2283 spiritu
254 2203 405 2284 vertiginis
431 2213 462 2261 et
484 2203 612 2281 stuporis
637 2222 792 2294 percussos
816 2201 950 2262 infatuet.
986 2201 1050 2262 Alii
1068 2201 1123 2262 sibi
1147 2201 1264 2285 fingunt

129 2279 266 2362 ignotum
286 2282 452 2358 quempiam
474 2276 566 2340 hlium
583 2298 661 2358 regis
679 2277 785 2354 Achas,
805 2299 892 2358 quem
909 2277 1062 2372 Propheta
1082 2279 1262 2340 nasciturum

129 2357 315 2438 praedixerit.
359 2354 419 2414 Sed
441 2374 568 2432 quaero,
593 2375 655 2432 quo
679 2355 744 2418 iuro
767 2366 887 2414 vocatus
913 2354 1003 2417 fuerit
1026 2351 1207 2427 immanuel,
1233 2363 1265 2412 et

128 2445 209 2492 terra
237 2431 298 2490 eius
322 2430 448 2510 imperio
474 2429 622 2501 subiecta,
654 2431 704 2506 qui
733 2431 861 2508 privatus
887 2440 918 2488 et
947 2430 1010 2489 siue
1033 2427 1150 2487 honore
1173 2429 1269 2510 vitam

128 2506 239 2568 finivit:
261 2527 326 2564 narn
347 2503 434 2585 paulo
455 2516 523 2582 post
542 2505 619 2564 idem
634 2504 781 2584 Propheta
801 2525 924 2584 puerum
944 2502 1037 2579 illum,
1059 2503 1189 2583 quisquis
1209 2515 1264 2580 est,
1290 2561 1293 2574 ,

127 2583 289 2644 constituit·
303 2595 399 2642 terrae
419 2581 579 2642 dominum.
617 2581 689 2640 Nec'
705 2581 799 2641 minus
818 2579 1112 2662 insipidegarriunt,
1139 2580 1188 2660 qui
1208 2601 1261 2640 vo-

127 2660 196 2721 lunt
215 2659 273 2720 hoe
287 2660 402 2729 ¹dictum
423 2677 485 2718 esse
505 2658 541 2732 dc
552 2657 720 2750 Prophetae
740 2657 810 2720 lilio.
848 2657 887 2718 Et
899 2669 979 2718 certe
1000 2659 1052 2718 hae
1071 2657 1102 2718 in
1124 2679 1156 2716 re
1176 2657 1263 2718 nimis

127 2758 224 2798 crasse
245 2735 411 2796 hallucinati
430 2746 499 2798 suet
519 2733 677 2796 Christiani
696 2735 856 2816 scriptores
876 2735 1064 2807 vaticinium,
1110 2733 1170 2794 uod
1190 2755 1262 2813 pro-

127 2813 206 2874 iiimo
228 2816 322 2896 rapite
343 2813 485 2892 sequitur,
503 2812 542 2872 ad
560 2811 710 2877 Christum
729 2812 884 2874 trahendo.
898 2811 906 2836 ³
922 2811 1003 2870 Dicit
1021 2756 1262 2892 illichrophera,

127 2909 160 2954 se
188 2913 241 2971 pei·
259 2891 404 2952 visionem
424 2889 533 2948 iussum
554 2908 616 2949 csse
635 2910 702 2948 cum
726 2909 817 2964 uxore
835 2889 994 2970 congredi,
1019 2900 1050 2947 et
1069 2887 1148 2963 filio,
1172 2907 1261 2968 quem
1325 2937 1327 2944 ,

127 2980 286 3048 genuerat,
315 2987 425 3028 nomen
437 2967 502 3025 ,Dei
521 2966 659 3036 mandato
681 2965 768 3026 luisse
787 2965 973 3047 impositum,
992 2965 1150 3038 Accelera,
1175 2983 1262 3044 prae-

129 3049 209 3106 dare.
246 3045 321 3106 Nam
353 3043 412 3103 illic
442 3054 555 3103 tantum
587 3054 708 3104 notatur
733 3043 803 3105 belli
829 3053 1002 3122 tempestas,
1036 3061 1110 3121 quae
1135 3039 1262 3102 instabat

128 3143 197 3183 cum
218 3120 350 3181 horribili
369 3119 513 3181 vastitate.
553 3120 642 3180 Unde
662 3119 748 3180 facile
770 3120 901 3193 elicitur,
926 3139 972 3178 res
993 3137 1055 3180 esse
1074 3140 1194 3199 prorsus
1215 3116 1262 3176 di-

108 3218 235 3274 ‚versas
266 3199 347 3278 Ergo
369 3217 539 3275 quaeramus
559 3195 720 3277 genuinum
739 3195 900 3277 praesentis
919 3194 979 3255 loci
1001 3215 1126 3255 sensum.
1159 3195 1261 3270 Quum
1301 3209 1306 3215 ·

130 3274 246 3334 obsessa
266 3274 341 3340 urbe
361 3272 519 3332 Ierusalem
538 3285 679 3336 tremeret
702 3294 752 3334 rex
770 3272 882 3344 Achas,
901 3273 961 3332 imo
982 3279 1091 3350 pavore'
1111 3271 1174 3330 sere
1195 3291 1260 3330 eiia-

129 3351 255 3410 nimatus
267 3361 352 3420 esset,
371 3348 497 3412 mittitur
516 3349 553 3411 ad
574 3369 639 3410 cuni
652 3349 812 3429 Propheta,
833 3349 883 3428 qui
903 3349 1067 3427 promittat,
1079 3348 1177 3407 D'eum
1194 3347 1262 3407 sore

128 3427 210 3488 urbis
231 3427 392 3489 custodem.
439 3425 540 3498 Quum
560 3425 680 3516 simplex
699 3425 854 3506 promissio
875 3424 1028 3488 confusum
1051 3425 1111 3485 eius
1130 3417 1260 3484 animuin
1290 3421 1293 3430 '

129 3524 193 3568 uon
214 3503 342 3584 erigeret
361 3502 431 3582 (les.
451 3508 485 3575 7,
505 3502 581 3580 tt),
612 3502 730 3564 iubetur
753 3501 905 3582 Propheta
928 3501 1045 3583 signum
1070 3501 1112 3562 illi
1137 3501 1260 3574 olserre,

129 3578 335 3659 qualecunque
360 3578 480 3658 petierit
503 3580 564 3638 sivo
587 3578 617 3637 in
638 3577 741 3652 coelo,
766 3579 826 3638 sive
850 3578 880 3638 iu
906 3589 994 3639 terra.
1034 3579 1135 3653 Quum
1155 3576 1193 3636 im
1216 3576 1260 3634 ius

129 3655 180 3718 ille
200 3656 237 3736 hy
261 3656 354 3722 ocrita
372 3675 452 3714 suam
473 3653 672 3720 infidelitatem
693 3653 841 3718 occultans
862 3655 977 3736 signum
996 3660 1163 3734 respueret,
1182 3597 1259 3710 tho-

129 3732 218 3814 pheta
233 3677 337 3794 ‘durius
356 3731 439 3790 illum
454 3731 606 3812 obiurgat,
627 3743 656 3790 et
675 3730 792 3791 tandem
812 3731 939 3804 subiicit,
958 3732 1051 3791 Dabit
1069 3743 1168 3791 tamen
1178 3727 1260 3786 Dede
1311 3769 1317 3778 -

129 3810 214 3871 vobis
234 3813 363 3890 siguum:
392 3827 460 3866 ecce
482 3807 560 3866 enini
573 3808 675 3890 ·Virgo
702 3808 866 3888 concipiet,
885 3810 1038 3887 parietque
1059 3805 1183 3877 Filium,
1203 3812 1259 3861 etc.

129 3887 199 3946 Hoc
221 3887 256 3945 de
277 3885 396 3951 Christo
417 3883 525 3946 dictum
550 3883 777 3963 interpretamur
800 3887 832 3946 in
855 3885 933 3944 hunc
953 3885 1087 3950 moduni:
1114 3881 1176 3939 Vos
1195 3890 1260 3938 tota

129 3962 249 4024 Davidis
271 3961 436 4042 posteritas,
455 3972 597 4038 quantum
616 3962 645 4019 in
666 3961 749 4022 robis
770 3973 823 4038 est,
843 3961 965 4024 studetis
985 3957 1155 4039 promissam
1176 3954 1260 4015 vobis

129 4040 253 4177 gratiarii
274 4035 397 4107 abolere
413 4039 496 4114 (nam
515 4037 665 4117 Propheta
690 4037 808 4101 domuin
827 4038 947 4098 Davidis
971 4033 1150 4117 ignominiae
1176 4053 1261 4094 causa
1296 4037 1299 4048 '

152 4116 240 4177 iserte
260 4113 445 4193 compellat);
471 4134 618 4192 nunquam
642 4125 740 4175 tamen
770 4115 890 4195 perfidia
908 4124 1005 4175 vestra
1031 4109 1158 4184 efficiet,
1189 4108 1262 4201 quin
1362 4169 1369 4190 s

131 4194 267 4274 superior
296 4202 428 4270 emergat
450 4189 510 4276 pei
534 4190 650 4284 veritas,
691 4189 805 4252 Urbem
829 4192 911 4254 Deus
934 4187 1041 4248 salvam
1068 4185 1103 4263 ab
1129 4184 1262 4248 hostibus

133 4280 163 4330 et
183 4269 363 4329 incolumem
387 4269 452 4326 lore
472 4265 631 4347 promittit:
655 4267 679 4326 si
701 4289 762 4328 non
782 4267 909 4327 sulliciat
932 4266 993 4324 eius
1017 4265 1154 4340 verbum,
1179 4263 1263 4326 obsi·

133 4345 283 4428 guntionis
312 4355 451 4408 tesseram
471 4355 568 4414 vestro
599 4343 723 4406 arbitrio
741 4345 824 4406 dare
855 4352 971 4422 paratus
1000 4353 1053 4404 cst.
1100 4338 1262 4405 Excluditis
