2824 4756
451 277 452 284 ,
492 200 817 301 (tt-ts.1›aiores.>
1146 251 1148 254 ·
1182 221 1221 288 bd

75 369 164 454 quod
187 367 271 428 nulla
291 365 438 428 excusatio
458 365 698 447 recipitur,'quin
716 377 837 447 cogatur
852 359 963 446 Ioseph
982 388 1103 433 uxorem
1122 367 1222 449 partui

73 448 213 512 vicinam
233 443 355 505 adverso
374 455 510 523 tempore
529 462 627 507 secum
646 441 773 502 trahere.
812 438 962 507 Credibile
981 457 1149 522 autemst,
1169 445 1220 525 qui
1252 519 1254 526 Α

74 545 112 586 ex
133 523 231 616 regio
250 541 360 605 genere
379 520 542 602 progeniti¹
555 529 655 594 eraut,
680 517 810 598 asperitas
836 529 866 577 et
888 541 934 582 ma
957 521 979 582 is
1004 521 1220 584 contumeliose

74 601 136 662 reli
162 621 213 660 urs
232 597 320 658 fnisse
339 607 486 657 tractatos.
525 597 594 656 Non
615 606 678 656 erat
695 605 755 654 tam
776 593 908 675 stupidus
945 599 1045 680 oseph‚
1066 600 1136 679 quin
1156 585 1219 661 s'ol-

57 678 135 738 .lici
177 697 192 736 s
220 687 295 736 esset
318 675 354 733 de
386 685 472 752 partu
495 673 608 733 uxoris:
641 691 730 752 quare
761 670 892 730 libenter
915 672 990 734 banc
1016 677 1219 738 necessitatem

77 756 221 815 vitasset.
259 751 318 810 Sed
338 749 405 844 quia
425 769 487 809 non
506 760 615 830 potest,
635 760 754 810 coactus
775 747 853 808 cedit
872 769 962 829 seque
981 749 1047 811 Deo
1067 773 1219 814 commen-

80 831 148 891 dat.
190 827 308 888 Interea
326 827 473 902 ridemus,
505 826 590 906 quale
614 825 690 905 vitae
716 824 867 884 exordium
894 825 985 886 fuerit
1003 825 1061 885 Dci
1079 829 1169 903 Filio,
1190 840 1221 894 et

81 906 203 986 quibus
228 915 362 984 exceptus
387 903 425 963 sit
447 902 640 962 incunabulis.
677 900 781 962 'Talis
801 914 898 962 autern
930 902 973 963 illi
998 903 1055 962 tuit
1082 906 1233 966 nascendi

81 982 243 1057 conditio,
275 981 411 1060 qptatn
430 979 510 1040 hunc
533 979 621 1038 finem
646 998 762 1039 carnem
788 990 919 1052 nostram
950 979 1103 1056 induerat,
1134 992 1168 1040 ut
1190 1001 1223 1042 ee

81 1071 295 1120 nostra-cansa
315 1056 486 1118 exinaniret.
524 1055 561 1115 In
580 1055 725 1117 stabulum
746 1071 818 1148 ergo
838 1057 964 1116 reiectos
985 1067 1029 1116 est
1051 1075 1085 1114 ac
1110 1055 1223 1118 locutos
1262 1123 1264 1130 ¹

80 1137 115 1195 in
163 1135 294 1215 raesepi‚
324 1144 507 1216 negatusque
530 1132 575 1192 illi
599 1142 643 1192 est
669 1131 786 1212 hospitii
811 1132 893 1193 locus
913 1136 992 1193 iuter
1011 1131 1161 1204 homines,
1188 1145 1226 1192 nt

81 1156 207 1274 coelum
224 1211 317 1272 'uobis
337 1212 398 1270 nori
419 1209 509 1271 modo
530 1209 652 1290 hospitii
671 1209 750 1282 iure,
769 1209 820 1269 sed
840 1211 921 1290 qnasi
940 1220 1060 1270 aeterna
1080 1209 1176 1302 patria
1195 1220 1226 1270 et

81 1289 257 1350 haereditas
288 1298 421 1368 pateret,
452 1307 485 1350 sc
515 1306 571 1346 nos
597 1283 695 1369 angeli
728 1286 759 1346 in
796 1307 879 1348 suum
912 1286 1141 1348 contubernium
1172 1284 1229 1360 ad-,

79 1367 255 1438 mitterent.
351 1453 354 1465 .

617 1505 618 1510 ,
1148 1477 1153 1510 1

40 1590 44 1598 ·
125 1547 235 1628 (ta),
262 1543 425 1612 auoit.
466 1543 495 1610 8.
521 1541 563 1609 Et
591 1549 739 1628 pastores
770 1554 862 1610 erant
889 1547 923 1610 in
950 1546 1084 1631 regione
1112 1541 1226 1610 eadem

83 1649 280 1736 vigilantes,
308 1655 340 1710 et
372 1641 564 1712 excubantes
586 1641 629 1707 ad
659 1635 837 1713 custodiam
858 1666 957 1730 super
977 1667 1104 1748 gregem
1125 1669 1227 1714 suum.

83 1753 113 1815 9.
134 1751 179 1816 Et
190 1769 286 1814 ,acce
303 1746 448 1833 Angelos
469 1745 604 1810 Domini
628 1745 726 1808 astitit
746 1744 820 1811 illis:
842 1755 875 1810 et
896 1745 999 1832 gloria
1013 1746 1148 1812 Domini
1168 1750 1229 1813 cir*

86 1849 260 1915 cumfulsit
279 1845 369 1928 illos,
384 1857 423 1912 et
444 1833 619 1914 timuerunt
639 1847 756 1912 timore
777 1868 905 1934 magno·
919 1859 933 1917 J
948 1845 998 1912 10.
1019 1846 1061 1914 Et
1082 1847 1161 1914 dixit
1181 1848 1229 1914 eis

86 1951 255 2037 Angelus,
283 1950 335 2016 Ne
363 1951 515 2014 timeatis:
552 1968 629 2012 ecce
657 1949 742 2014 enim
767 1951 927 2016 annuntio
950 1941 1046 2014 vohis
1077 1943 1229 2034 gaudium

52 2088 53 2092 =
87 2059 253 2138 magnum,
275 2051 364 2137 quod
384 2050 524 2116 futurum
546 2059 595 2113 est
614 2049 675 2113 toti
696 2046 919 2136 populo',·1l.
941 2049 1030 2135 Quia
1052 2049 1151 2116 hodie
1170 2047 1230 2118 vo·
1325 2113 1326 2120 ,

88 2147 336 2218 bisnatusxest
359 2150 529 2226 Salvator,
561 2151 618 2235 qui
640 2158 688 2214 est
710 2148 859 2216 Christus
879 2149 1058 2230 Dumium,
1079 2154 1114 2217 in
1135 2152 1228 2222 Urbe
1311 2135 1328 2180 '¹

55 2257 61 2266 ’
89 2252 231 2318 Dauid..
259 2254 308 2316 12.
328 2251 371 2316 Et
386 2250 455 2316 hoo
475 2248 570 2316 vohis
587 2252 730 2334 signum:
748 2251 920 2316 invenietis
941 2251 1097 2316 infantem
1112 2256 1231 2338 pannis
1248 2316 1252 2322 ,
1298 2269 1307 2292 ·

10 2353 35 2444 J
90 2353 312 2429 involutum
329 2353 470 2438 positum
496 2354 531 2414 in
556 2352 716 2436 praesepi.
770 2350 819 2414 13.
847 2349 892 2414 Et
912 2347 1020 2416 subito
1043 2350 1137 2417 affuit
1158 2375 1231 2418 oum

94 2449 228 2545 Angeia
252 2449 423 2516 multitudo
448 2449 581 2514 militiae
604 2446 762 2527 coelestis,
781 2447 983 2513 laudantium
993 2448 1110 2529 Deum,
1130 2462 1163 2516 et
1184 2452 1232 2520 di·
1258 2518 1263 2528 ,

93 2555 256 2630 centium,
299 2549 550 2618 ldaeGloria-in
575 2548 736 2614 altissimis
756 2548 849 2628 Deo,
877 2550 964 2617 etin
986 2559 1074 2616 terra
1095 2573 1170 2640 pax,
1197 2557 1232 2622 in

93 2649 287 2720 hominihus
308 2638 560 2736 heneplacitum.

173 2819 204 2880 8.
244 2809 287 2870 Et
309 2812 445 2886 pastores
467 2821 560 2870 mont.
604 2809 824 2890 Supervacuum
849 2808 961 2870 suunt«
977 2809 1128 2874 Christum
1152 2814 1233 2876 nasci
1326 2851 1331 2854 -

96 2891 128 2952 in
148 2887 343 2964 Bethlehem,
369 2889 425 2948 nisi
445 2887 501 2947 boc
525 2887 703 2947 innotuisset
721 2887 842 2946 mundo.
882 2886 990 2948 Modus
1008 2899 1124 2965 umen,
1144 2912 1232 2972 quem

98 2965 379 3040 describamus,
408 2965 532 3025 videtur
549 2962 711 3024 hominnm
731 2964 843 3025 iudicio
875 2983 977 3044 parum
1009 2978 1233 3041 consentaneus.
1306 3039 1308 3044 ,

99 3044 233 3103 Primum
255 3041 393 3102 non-nisi
434 3041 512 3102 aucis
531 3041 655 3101 testibus
696 3039 777 3101 steht
796 3039 947 3115 Christus,
967 3051 997 3102 et
1038 3044 1134 3103 uidem
1155 3045 1233 3106 inter

100 3120 197 3180 noctis
216 3117 364 3180 tenebras.
435 3118 535 3193 elude,
561 3138 651 3196 quum
669 3059 812 3179 lleusad
832 3124 955 3177 ‘manum
980 3061 1088 3181 multos
1109 3120 1233 3182 baberet

100 3196 218 3257 honore
238 3195 285 3257 vel
306 3194 477 3273 excellentia
493 3196 765 3274 praeditostestes,
785 3193 840 3255 illis
859 3193 1034 3328 plostbabitis
1053 3196 1234 3280 soloselegit

102 3285 251 3350 pastores,
276 3284 465 3350 contemptos
485 3271 598 3332 scilicet
616 3269 749 3330 homines
770 3291 804 3331 ac
823 3291 864 3331 nu
886 3272 1046 3352 ius-pretii.
1084 3274 1141 3335 Hic
1160 3274 1234 3336 stul-

101 3357 195 3408 tescat
220 3348 316 3410 carnis
342 3349 418 3409 ratio
443 3358 473 3407 et
498 3349 653 3427 prudentia
678 3367 797 3408 necesse
822 3358 880 3422 est,
910 3369 944 3406 ac
964 3347 1121 3425 fateamur,
1153 3351 1237 3431 quod

102 3425 224 3486 stultum
251 3437 295 3484 est
318 3424 376 3483 Dei
402 3443 540 3504 superare
564 3424 702 3504 quicquid
727 3414 850 3484 est'aut
873 3425 990 3485 videtur
1019 3427 1177 3508 sapientiae
1203 3429 1243 3487 in¹

104 3493 216 3562 mundo
236 3503 273 3580 (Ι.
286 3501 357 3576 Cor.
375 3507 405 3576 1,
425 3501 496 3577 25·)·
536 3500 695 3562 Caeterum
714 3499 785 3560 haec
804 3499 923 3591 ipuoque
943 3522 1009 3582 pars
1030 3504 1236 3574 exinanitionis
1259 3545 1265 3568 t

105 3575 177 3655 init,
199 3600 261 3640 non
282 3597 337 3658 per
356 3597 441 3658 quam
460 3577 568 3655 aliquid
588 3577 746 3648 decederet
767 3575 1039 3660 Christrgloriae„
1051 3581 1102 3640 sed
1121 3591 1236 3640 tantum

107 3655 196 3715 utad
221 3668 338 3734 tempus
364 3652 535 3714 abscondita
561 3653 694 3716 iaceret·
718 3653 939 3715 Deinde'sicuti
958 3655 1066 3718 Paulus
1086 3657 1237 3730 admonet,

108 3731 331 3813 contemptibile
352 3750 413 3792 esse
432 3728 625 3812 Evangelium
643 3731 804 3792 secundum
825 3745 955 3807 carnem,
981 3746 1015 3792 ut
1037 3731 1109 3792 fides
1136 3743 1237 3791 nostra

108 3803 139 3864 in
160 3807 266 3868 virtute
283 3808 420 3887 Spiritus,
438 3827 501 3866 uon
520 3804 584 3867 altis
604 3806 764 3887 sapientiae
784 3807 926 3870 humanae
945 3808 1052 3882 verbis,
1071 3807 1117 3867 vel
1138 3809 1236 3887 aliquo

110 3883 212 3942 mundi
226 3884 529 3965 'splendore-fundata
548 3884 586 3944 sit
604 3885 644 3974 (Ι.
666 3885 736 3945 Cor.
756 3890 787 3960 2,
807 3884 868 3963 4.):
894 3887 935 3946 ita
955 3885 1033 3946 hunc
1053 3885 1238 3964 incompara-

111 3955 199 4018 bilem
218 3961 385 4028 thesaorum
395 3960 476 4022 Deus
496 3960 532 4019 ab
552 3961 637 4020 iniuo
658 3960 795 4040 deposuit
813 3962 844 4023 in
859 3963 931 4022 vasis
950 3961 1099 4036 fictilibus,
1118 3971 1152 4019 ut
1170 3960 1239 4021 fidei

10 4075 11 4080 η
112 4046 229 4096 nostrae
249 4039 421 4117 obsequium
441 4036 544 4096 melius
564 4037 713 4116 probaret.
737 4087 739 4092 .
758 4038 860 4114 Quare
886 4039 911 4098 si
936 4037 1080 4116 cupimus·
1093 4036 1127 4096 ad
1148 4035 1238 4115 Chri-

112 4118 186 4168 stutu
206 4115 322 4189 venire,
347 4135 385 4173 ne
408 4116 508 4196 pigeat
527 4133 581 4173 nos
601 4114 683 4192 sequi
689 4155 700 4186 ,
727 4135 800 4194 quos
820 4113 965 4176 Dominus
991 4113 1027 4178 ad
1047 4113 1259 4176 deiiciendam·

10 4209 12 4254 l
113 4187 213 4246 mundi
232 4190 396 4276 superbiam
417 4211 450 4249 ex
469 4186 614 4269 pecudium
634 4202 765 4250 stercore
784 4212 830 4251 ma
853 4193 938 4250 istros
957 4184 1106 4270 sumpsit.¹
1175 4194 1186 4252 j
1285 4249 1287 4258 ,

187 4270 217 4328 9.
252 4267 387 4342 Angelus
405 4267 533 4326 Domini
556 4268 653 4326 nsunt.
702 4267 786 4328 Dicit
802 4211 935 4350 'gibriani
960 4265 1083 4329 Domini
1108 4267 1239 4350 resplen-

117 4331 208 4398 duisse
238 4342 346 4406 circum
373 4357 521 4431 pastores,
555 4363 588 4404 cx
618 4363 674 4422 qiu
697 4343 846 4426 Angelum
878 4357 1082 4423 agnoscerent.
1133 4347 1239 4410 Parum
1290 4386 1297 4392 -

341 4436 345 4468 1

959 4487 989 4542 f
