<?xml version="1.0" encoding="UTF-8"?>
<!DOCTYPE html PUBLIC "-//W3C//DTD XHTML 1.0 Transitional//EN"
    "http://www.w3.org/TR/xhtml1/DTD/xhtml1-transitional.dtd">
<html xmlns="http://www.w3.org/1999/xhtml" xml:lang="en" lang="en">
 <head>
  <title>
</title>
<meta http-equiv="Content-Type" content="text/html;charset=utf-8" />
  <meta name='ocr-system' content='tesseract 3.04.00' />
  <meta name='ocr-capabilities' content='ocr_page ocr_carea ocr_par ocr_line ocrx_word'/>
</head>
<body>
  <div class='ocr_page' id='page_1' title='image "./innovumtestamen01tholgoog_0241.png"; bbox 0 0 2808 4748; ppageno 0'>
   <div class='ocr_carea' id='block_1_1' title="bbox 203 254 899 380">
    <p class='ocr_par' dir='ltr' id='par_1_1' title="bbox 203 254 899 380">
     <span class='ocr_line' id='line_1_1' title="bbox 203 254 899 380; baseline -0.003 -41"><span class='ocrx_word' id='word_1_1' title='bbox 203 283 275 380; x_wconf 33' lang='lat' dir='ltr'><strong>,teo</strong></span> <span class='ocrx_word' id='word_1_2' title='bbox 517 254 520 262; x_wconf 80' lang='grc'><em>’</em></span> <span class='ocrx_word' id='word_1_3' title='bbox 674 276 825 342; x_wconf 85' lang='lat' dir='ltr'><strong>sncrro</strong></span> <span class='ocrx_word' id='word_1_4' title='bbox 846 277 899 339; x_wconf 83' lang='lat' dir='ltr'><strong>vr.</strong></span> 
     </span>
    </p>
   </div>
   <div class='ocr_carea' id='block_1_2' title="bbox 154 413 1386 3799">
    <p class='ocr_par' dir='ltr' id='par_1_2' title="bbox 154 413 1386 3799">
     <span class='ocr_line' id='line_1_2' title="bbox 219 413 1343 506; baseline 0 -20"><span class='ocrx_word' id='word_1_5' title='bbox 219 413 309 506; x_wconf 82' lang='lat' dir='ltr'><strong>q&#39;uani</strong></span> <span class='ocrx_word' id='word_1_6' title='bbox 324 423 619 506; x_wconf 82' lang='lat' dir='ltr'><strong>fideliter&#39;praestent</strong></span> <span class='ocrx_word' id='word_1_7' title='bbox 641 424 723 505; x_wconf 90' lang='lat' dir='ltr'><strong>qnod</strong></span> <span class='ocrx_word' id='word_1_8' title='bbox 746 423 835 485; x_wconf 85' lang='lat' dir='ltr'><strong>titulo</strong></span> <span class='ocrx_word' id='word_1_9' title='bbox 858 434 945 484; x_wconf 88' lang='lat' dir='ltr'><strong>tenus</strong></span> <span class='ocrx_word' id='word_1_10' title='bbox 963 420 1120 504; x_wconf 81' lang='lat' dir='ltr'><strong>usurpant,</strong></span> <span class='ocrx_word' id='word_1_11' title='bbox 1146 445 1225 486; x_wconf 91' lang='lat' dir='ltr'><strong>nunc</strong></span> <span class='ocrx_word' id='word_1_12' title='bbox 1244 423 1343 486; x_wconf 90' lang='lat' dir='ltr'><strong>dicere</strong></span> 
     </span>
     <span class='ocr_line' id='line_1_3' title="bbox 219 501 1386 595; baseline -0.002 -31"><span class='ocrx_word' id='word_1_13' title='bbox 219 503 335 564; x_wconf 89' lang='lat' dir='ltr'><strong>omitto.</strong></span> <span class='ocrx_word' id='word_1_14' title='bbox 385 503 484 578; x_wconf 84' lang='lat' dir='ltr'><strong>Quam</strong></span> <span class='ocrx_word' id='word_1_15' title='bbox 509 519 580 562; x_wconf 85' lang='lat' dir='ltr'><strong>vero</strong></span> <span class='ocrx_word' id='word_1_16' title='bbox 605 501 643 561; x_wconf 87' lang='lat' dir='ltr'><strong>de</strong></span> <span class='ocrx_word' id='word_1_17' title='bbox 674 503 801 563; x_wconf 90' lang='lat' dir='ltr'><strong>consiliis</strong></span> <span class='ocrx_word' id='word_1_18' title='bbox 826 511 1047 581; x_wconf 86' lang='lat' dir='ltr'><strong>praeposterum</strong></span> <span class='ocrx_word' id='word_1_19' title='bbox 1077 501 1116 561; x_wconf 88' lang='lat' dir='ltr'><strong>sit</strong></span> <span class='ocrx_word' id='word_1_20' title='bbox 1145 501 1344 595; x_wconf 76' lang='lat' dir='ltr'><strong>insulsumque</strong></span> <span class='ocrx_word' id='word_1_21' title='bbox 1385 537 1386 554; x_wconf 70' lang='lat'><strong>.</strong></span> 
     </span>
     <span class='ocr_line' id='line_1_4' title="bbox 218 576 1344 660; baseline -0.002 -20"><span class='ocrx_word' id='word_1_22' title='bbox 218 590 428 655; x_wconf 84' lang='lat' dir='ltr'><strong>commentum,</strong></span> <span class='ocrx_word' id='word_1_23' title='bbox 447 578 543 660; x_wconf 89' lang='lat' dir='ltr'><strong>primo</strong></span> <span class='ocrx_word' id='word_1_24' title='bbox 563 577 633 637; x_wconf 86' lang='lat' dir='ltr'><strong>iude</strong></span> <span class='ocrx_word' id='word_1_25' title='bbox 650 591 745 659; x_wconf 90' lang='lat' dir='ltr'><strong>patet,</strong></span> <span class='ocrx_word' id='word_1_26' title='bbox 764 578 832 660; x_wconf 91' lang='lat' dir='ltr'><strong>quia</strong></span> <span class='ocrx_word' id='word_1_27' title='bbox 851 598 913 636; x_wconf 91' lang='lat' dir='ltr'><strong>non</strong></span> <span class='ocrx_word' id='word_1_28' title='bbox 932 577 995 638; x_wconf 90' lang='lat' dir='ltr'><strong>sine</strong></span> <span class='ocrx_word' id='word_1_29' title='bbox 1015 576 1126 638; x_wconf 79' lang='lat' dir='ltr'><strong>Christi</strong></span> <span class='ocrx_word' id='word_1_30' title='bbox 1145 577 1249 638; x_wconf 85' lang='lat' dir='ltr'><strong>iniuria</strong></span> <span class='ocrx_word' id='word_1_31' title='bbox 1269 580 1344 640; x_wconf 87' lang='lat' dir='ltr'><strong>drci-</strong></span> 
     </span>
     <span class='ocr_line' id='line_1_5' title="bbox 218 653 1343 737; baseline 0 -22"><span class='ocrx_word' id='word_1_32' title='bbox 218 667 284 731; x_wconf 91' lang='lat' dir='ltr'><strong>tur,</strong></span> <span class='ocrx_word' id='word_1_33' title='bbox 312 658 433 716; x_wconf 77' lang='lat' dir='ltr'><strong>suasisse</strong></span> <span class='ocrx_word' id='word_1_34' title='bbox 457 657 468 714; x_wconf 92' lang='lat' dir='ltr'><strong>i</strong></span> <span class='ocrx_word' id='word_1_35' title='bbox 489 677 553 716; x_wconf 87' lang='lat' dir='ltr'><strong>sum</strong></span> <span class='ocrx_word' id='word_1_36' title='bbox 579 653 741 737; x_wconf 84' lang='lat' dir='ltr'><strong>discipulis,</strong></span> <span class='ocrx_word' id='word_1_37' title='bbox 772 675 834 715; x_wconf 90' lang='lat' dir='ltr'><strong>non</strong></span> <span class='ocrx_word' id='word_1_38' title='bbox 862 673 918 733; x_wconf 91' lang='lat' dir='ltr'><strong>pro</strong></span> <span class='ocrx_word' id='word_1_39' title='bbox 942 655 1070 734; x_wconf 90' lang='lat' dir='ltr'><strong>imperio</strong></span> <span class='ocrx_word' id='word_1_40' title='bbox 1093 653 1243 714; x_wconf 80' lang='lat' dir='ltr'><strong>mandasse</strong></span> <span class='ocrx_word' id='word_1_41' title='bbox 1262 656 1343 735; x_wconf 92' lang='lat' dir='ltr'><strong>quod</strong></span> 
     </span>
     <span class='ocr_line' id='line_1_6' title="bbox 216 675 1343 812; baseline 0 -22"><span class='ocrx_word' id='word_1_42' title='bbox 216 743 330 792; x_wconf 85' lang='lat' dir='ltr'><strong>rectum</strong></span> <span class='ocrx_word' id='word_1_43' title='bbox 351 743 423 792; x_wconf 76' lang='lat' dir='ltr'><strong>erat</strong></span> <span class='ocrx_word' id='word_1_44' title='bbox 460 675 577 792; x_wconf 66' lang='lat' dir='ltr'><strong>lleinde</strong></span> <span class='ocrx_word' id='word_1_45' title='bbox 596 731 661 812; x_wconf 90' lang='lat' dir='ltr'><strong>plus</strong></span> <span class='ocrx_word' id='word_1_46' title='bbox 679 753 766 812; x_wconf 88' lang='lat' dir='ltr'><strong>quam</strong></span> <span class='ocrx_word' id='word_1_47' title='bbox 784 729 925 791; x_wconf 91' lang='lat' dir='ltr'><strong>insulsum</strong></span> <span class='ocrx_word' id='word_1_48' title='bbox 950 742 1008 803; x_wconf 91' lang='lat' dir='ltr'><strong>est,</strong></span> <span class='ocrx_word' id='word_1_49' title='bbox 1032 728 1124 790; x_wconf 88' lang='lat' dir='ltr'><strong>libera</strong></span> <span class='ocrx_word' id='word_1_50' title='bbox 1148 729 1246 790; x_wconf 85' lang='lat' dir='ltr'><strong>lacere</strong></span> <span class='ocrx_word' id='word_1_51' title='bbox 1267 733 1343 792; x_wconf 90' lang='lat' dir='ltr'><strong>cari-</strong></span> 
     </span>
     <span class='ocr_line' id='line_1_7' title="bbox 215 803 1340 890; baseline -0.004 -20"><span class='ocrx_word' id='word_1_52' title='bbox 215 810 282 870; x_wconf 87' lang='lat' dir='ltr'><strong>tatis</strong></span> <span class='ocrx_word' id='word_1_53' title='bbox 302 808 411 885; x_wconf 85' lang='lat' dir='ltr'><strong>ollicia,</strong></span> <span class='ocrx_word' id='word_1_54' title='bbox 451 829 504 869; x_wconf 85' lang='lat' dir='ltr'><strong>nae</strong></span> <span class='ocrx_word' id='word_1_55' title='bbox 520 828 558 868; x_wconf 85' lang='lat' dir='ltr'><strong>ex</strong></span> <span class='ocrx_word' id='word_1_56' title='bbox 575 808 657 890; x_wconf 82' lang='lat' dir='ltr'><strong>Lege</strong></span> <span class='ocrx_word' id='word_1_57' title='bbox 675 808 814 888; x_wconf 84' lang='lat' dir='ltr'><strong>pendent</strong></span> <span class='ocrx_word' id='word_1_58' title='bbox 854 807 958 866; x_wconf 92' lang='lat' dir='ltr'><strong>Tertio</strong></span> <span class='ocrx_word' id='word_1_59' title='bbox 977 803 1092 868; x_wconf 80' lang='lat' dir='ltr'><strong>dicendi</strong></span> <span class='ocrx_word' id='word_1_60' title='bbox 1109 807 1240 882; x_wconf 83' lang='lat' dir='ltr'><strong>verbum,</strong></span> <span class='ocrx_word' id='word_1_61' title='bbox 1259 809 1340 888; x_wconf 88' lang='lat' dir='ltr'><strong>quod</strong></span> 
     </span>
     <span class='ocr_line' id='line_1_8' title="bbox 218 830 1342 966; baseline -0.001 -22"><span class='ocrx_word' id='word_1_62' title='bbox 218 885 391 946; x_wconf 87' lang='lat' dir='ltr'><strong>denuntiare</strong></span> <span class='ocrx_word' id='word_1_63' title='bbox 408 830 456 947; x_wconf 73' lang='lat' dir='ltr'><strong>vil</strong></span> <span class='ocrx_word' id='word_1_64' title='bbox 475 885 643 966; x_wconf 73' lang='lat' dir='ltr'><strong>praecipere</strong></span> <span class='ocrx_word' id='word_1_65' title='bbox 663 883 719 944; x_wconf 89' lang='lat' dir='ltr'><strong>hoc</strong></span> <span class='ocrx_word' id='word_1_66' title='bbox 740 883 807 944; x_wconf 88' lang='lat' dir='ltr'><strong>loeo</strong></span> <span class='ocrx_word' id='word_1_67' title='bbox 827 881 987 966; x_wconf 87' lang='lat' dir='ltr'><strong>significat,</strong></span> <span class='ocrx_word' id='word_1_68' title='bbox 1012 903 1167 964; x_wconf 82' lang='lat' dir='ltr'><strong>perperam</strong></span> <span class='ocrx_word' id='word_1_69' title='bbox 1191 887 1251 965; x_wconf 91' lang='lat' dir='ltr'><strong>pro&#39;</strong></span> <span class='ocrx_word' id='word_1_70' title='bbox 1267 906 1342 946; x_wconf 89' lang='lat' dir='ltr'><strong>con-</strong></span> 
     </span>
     <span class='ocr_line' id='line_1_9' title="bbox 216 959 1342 1043; baseline -0.003 -19"><span class='ocrx_word' id='word_1_71' title='bbox 216 961 314 1024; x_wconf 82' lang='lat' dir='ltr'><strong>sulere</strong></span> <span class='ocrx_word' id='word_1_72' title='bbox 334 963 498 1043; x_wconf 74' lang='lat' dir='ltr'><strong>exponitur.</strong></span> <span class='ocrx_word' id='word_1_73' title='bbox 535 960 691 1022; x_wconf 88' lang='lat' dir='ltr'><strong>Postremo</strong></span> <span class='ocrx_word' id='word_1_74' title='bbox 712 960 818 1020; x_wconf 82' lang='lat' dir='ltr'><strong>diserte</strong></span> <span class='ocrx_word' id='word_1_75' title='bbox 838 959 955 1034; x_wconf 88' lang='lat' dir='ltr'><strong>sanciri,</strong></span> <span class='ocrx_word' id='word_1_76' title='bbox 975 959 1055 1041; x_wconf 91' lang='lat' dir='ltr'><strong>quod</strong></span> <span class='ocrx_word' id='word_1_77' title='bbox 1074 963 1236 1021; x_wconf 77' lang='lat' dir='ltr'><strong>necessario</strong></span> <span class='ocrx_word' id='word_1_78' title='bbox 1256 981 1342 1041; x_wconf 87' lang='lat' dir='ltr'><strong>prae-</strong></span> 
     </span>
     <span class='ocr_line' id='line_1_10' title="bbox 194 1035 1343 1120; baseline 0.001 -23"><span class='ocrx_word' id='word_1_79' title='bbox 194 1084 196 1091; x_wconf 90' lang='lat'><strong>.</strong></span> <span class='ocrx_word' id='word_1_80' title='bbox 214 1037 351 1112; x_wconf 77' lang='lat' dir='ltr'><strong>standum</strong></span> <span class='ocrx_word' id='word_1_81' title='bbox 370 1050 429 1114; x_wconf 89' lang='lat' dir='ltr'><strong>est,</strong></span> <span class='ocrx_word' id='word_1_82' title='bbox 447 1035 530 1099; x_wconf 90' lang='lat' dir='ltr'><strong>nullo</strong></span> <span class='ocrx_word' id='word_1_83' title='bbox 549 1037 672 1120; x_wconf 91' lang='lat' dir='ltr'><strong>negotio</strong></span> <span class='ocrx_word' id='word_1_84' title='bbox 694 1056 727 1096; x_wconf 80' lang='lat' dir='ltr'><strong>ea</strong></span> <span class='ocrx_word' id='word_1_85' title='bbox 746 1036 857 1098; x_wconf 80' lang='lat' dir='ltr'><strong>Christi</strong></span> <span class='ocrx_word' id='word_1_86' title='bbox 875 1035 972 1102; x_wconf 79' lang='lat' dir='ltr'><strong>verbis</strong></span> <span class='ocrx_word' id='word_1_87' title='bbox 991 1036 1149 1117; x_wconf 91' lang='lat' dir='ltr'><strong>probatur,</strong></span> <span class='ocrx_word' id='word_1_88' title='bbox 1173 1037 1243 1096; x_wconf 91' lang='lat' dir='ltr'><strong>dum</strong></span> <span class='ocrx_word' id='word_1_89' title='bbox 1261 1037 1343 1098; x_wconf 82' lang='lat' dir='ltr'><strong>addit</strong></span> 
     </span>
     <span class='ocr_line' id='line_1_11' title="bbox 215 1116 1082 1178; baseline -0.005 0"><span class='ocrx_word' id='word_1_90' title='bbox 215 1116 360 1178; x_wconf 87' lang='lat' dir='ltr'><strong>continuo</strong></span> <span class='ocrx_word' id='word_1_91' title='bbox 402 1126 463 1176; x_wconf 90' lang='lat' dir='ltr'><strong>ost:</strong></span> <span class='ocrx_word' id='word_1_92' title='bbox 1080 1155 1082 1162; x_wconf 63' lang='lat'>›</span> 
     </span>
     <span class='ocr_line' id='line_1_12' title="bbox 293 1189 1341 1328; baseline 0.003 -79"><span class='ocrx_word' id='word_1_93' title='bbox 293 1198 341 1256; x_wconf 83' lang='grc'><strong>45.</strong></span> <span class='ocrx_word' id='word_1_94' title='bbox 411 1189 576 1328; x_wconf 63' lang='lat' dir='ltr'><strong>tddspdis&#39;</strong></span> <span class='ocrx_word' id='word_1_95' title='bbox 591 1192 686 1266; x_wconf 75' lang='lat' dir='ltr'><strong>patris</strong></span> <span class='ocrx_word' id='word_1_96' title='bbox 702 1194 797 1251; x_wconf 69' lang='lat' dir='ltr'><strong>wetti.</strong></span> <span class='ocrx_word' id='word_1_97' title='bbox 837 1191 939 1266; x_wconf 91' lang='lat' dir='ltr'><strong>Quum</strong></span> <span class='ocrx_word' id='word_1_98' title='bbox 959 1189 1067 1250; x_wconf 87' lang='lat' dir='ltr'><strong>diserte</strong></span> <span class='ocrx_word' id='word_1_99' title='bbox 1082 1189 1264 1271; x_wconf 89' lang='lat' dir='ltr'><strong>pronuntiet,</strong></span> <span class='ocrx_word' id='word_1_100' title='bbox 1279 1212 1341 1252; x_wconf 89' lang='lat' dir='ltr'><strong>non</strong></span> 
     </span>
     <span class='ocr_line' id='line_1_13' title="bbox 216 1265 1343 1360; baseline 0 -31"><span class='ocrx_word' id='word_1_101' title='bbox 216 1265 303 1329; x_wconf 88' lang='lat' dir='ltr'><strong>aliter</strong></span> <span class='ocrx_word' id='word_1_102' title='bbox 320 1285 485 1348; x_wconf 87' lang='lat' dir='ltr'><strong>quenquam</strong></span> <span class='ocrx_word' id='word_1_103' title='bbox 519 1287 571 1326; x_wconf 89' lang='lat' dir='ltr'><strong>ore</strong></span> <span class='ocrx_word' id='word_1_104' title='bbox 590 1267 650 1326; x_wconf 78' lang='lat' dir='ltr'><strong>Dei</strong></span> <span class='ocrx_word' id='word_1_105' title='bbox 658 1267 773 1346; x_wconf 78' lang='lat' dir='ltr'><strong>fillum,</strong></span> <span class='ocrx_word' id='word_1_106' title='bbox 793 1268 848 1328; x_wconf 87' lang='lat' dir='ltr'><strong>nisi</strong></span> <span class='ocrx_word' id='word_1_107' title='bbox 869 1269 920 1349; x_wconf 85' lang='lat' dir='ltr'><strong>qui</strong></span> <span class='ocrx_word' id='word_1_108' title='bbox 939 1287 1040 1329; x_wconf 88' lang='lat' dir='ltr'><strong>osores</strong></span> <span class='ocrx_word' id='word_1_109' title='bbox 1059 1286 1127 1328; x_wconf 88' lang='lat' dir='ltr'><strong>suos</strong></span> <span class='ocrx_word' id='word_1_110' title='bbox 1147 1265 1258 1360; x_wconf 80' lang='lat' dir='ltr'><strong>diliget,</strong></span> <span class='ocrx_word' id='word_1_111' title='bbox 1278 1266 1343 1350; x_wconf 82' lang='lat' dir='ltr'><strong>quis</strong></span> 
     </span>
     <span class='ocr_line' id='line_1_14' title="bbox 214 1342 1340 1417; baseline 0.001 -13"><span class='ocrx_word' id='word_1_112' title='bbox 214 1347 274 1406; x_wconf 90' lang='lat' dir='ltr'><strong>iarn</strong></span> <span class='ocrx_word' id='word_1_113' title='bbox 294 1343 393 1404; x_wconf 89' lang='lat' dir='ltr'><strong>dicere</strong></span> <span class='ocrx_word' id='word_1_114' title='bbox 412 1345 525 1417; x_wconf 78' lang='lat' dir='ltr'><strong>audeat,</strong></span> <span class='ocrx_word' id='word_1_115' title='bbox 545 1342 629 1404; x_wconf 83' lang='lat' dir='ltr'><strong>nulla</strong></span> <span class='ocrx_word' id='word_1_116' title='bbox 643 1343 727 1405; x_wconf 87' lang='lat' dir='ltr'><strong>huius</strong></span> <span class='ocrx_word' id='word_1_117' title='bbox 747 1345 900 1405; x_wconf 90' lang='lat' dir='ltr'><strong>doctrinae</strong></span> <span class='ocrx_word' id='word_1_118' title='bbox 918 1343 1075 1406; x_wconf 87' lang='lat' dir='ltr'><strong>servandae</strong></span> <span class='ocrx_word' id='word_1_119' title='bbox 1094 1356 1265 1404; x_wconf 78' lang='lat' dir='ltr'><strong>necessitate</strong></span> <span class='ocrx_word' id='word_1_120' title='bbox 1286 1367 1340 1406; x_wconf 91' lang='lat' dir='ltr'><strong>nos</strong></span> 
     </span>
     <span class='ocr_line' id='line_1_15' title="bbox 218 1419 1340 1502; baseline -0.003 -19"><span class='ocrx_word' id='word_1_121' title='bbox 218 1420 383 1502; x_wconf 71' lang='lat' dir='ltr'><strong>obstringi?</strong></span> <span class='ocrx_word' id='word_1_122' title='bbox 419 1421 549 1480; x_wconf 88' lang='lat' dir='ltr'><strong>Perinde</strong></span> <span class='ocrx_word' id='word_1_123' title='bbox 568 1421 646 1480; x_wconf 89' lang='lat' dir='ltr'><strong>enirn</strong></span> <span class='ocrx_word' id='word_1_124' title='bbox 668 1432 712 1482; x_wconf 89' lang='lat' dir='ltr'><strong>est</strong></span> <span class='ocrx_word' id='word_1_125' title='bbox 730 1423 789 1484; x_wconf 89' lang='lat' dir='ltr'><strong>acsi</strong></span> <span class='ocrx_word' id='word_1_126' title='bbox 808 1422 939 1498; x_wconf 81' lang='lat' dir='ltr'><strong>dixisset,</strong></span> <span class='ocrx_word' id='word_1_127' title='bbox 966 1419 1106 1502; x_wconf 84' lang='lat' dir='ltr'><strong>Quisquis</strong></span> <span class='ocrx_word' id='word_1_128' title='bbox 1126 1421 1239 1481; x_wconf 89' lang='lat' dir='ltr'><strong>censeri</strong></span> <span class='ocrx_word' id='word_1_129' title='bbox 1257 1421 1340 1482; x_wconf 89' lang='lat' dir='ltr'><strong>volet</strong></span> 
     </span>
     <span class='ocr_line' id='line_1_16' title="bbox 217 1496 1340 1580; baseline -0.003 -20"><span class='ocrx_word' id='word_1_130' title='bbox 217 1498 412 1569; x_wconf 85' lang='lat' dir='ltr'><strong>Christianus,</strong></span> <span class='ocrx_word' id='word_1_131' title='bbox 441 1496 578 1558; x_wconf 89' lang='lat' dir='ltr'><strong>inimicos</strong></span> <span class='ocrx_word' id='word_1_132' title='bbox 610 1497 719 1580; x_wconf 85' lang='lat' dir='ltr'><strong>diligat.</strong></span> <span class='ocrx_word' id='word_1_133' title='bbox 764 1498 915 1558; x_wconf 86' lang='lat' dir='ltr'><strong>Horribilc</strong></span> <span class='ocrx_word' id='word_1_134' title='bbox 944 1517 1013 1558; x_wconf 87' lang='lat' dir='ltr'><strong>sane</strong></span> <span class='ocrx_word' id='word_1_135' title='bbox 1044 1507 1230 1578; x_wconf 85' lang='lat' dir='ltr'><strong>portentum,</strong></span> <span class='ocrx_word' id='word_1_136' title='bbox 1259 1498 1340 1578; x_wconf 85' lang='lat' dir='ltr'><strong>quod</strong></span> 
     </span>
     <span class='ocr_line' id='line_1_17' title="bbox 154 1571 1386 1656; baseline 0.002 -22"><span class='ocrx_word' id='word_1_137' title='bbox 154 1575 158 1580; x_wconf 81' lang='grc'>’</span> <span class='ocrx_word' id='word_1_138' title='bbox 214 1573 340 1634; x_wconf 82' lang='lat' dir='ltr'><strong>mundus</strong></span> <span class='ocrx_word' id='word_1_139' title='bbox 364 1583 424 1632; x_wconf 83' lang='lat' dir='ltr'><strong>tam</strong></span> <span class='ocrx_word' id='word_1_140' title='bbox 447 1572 544 1634; x_wconf 88' lang='lat' dir='ltr'><strong>densis</strong></span> <span class='ocrx_word' id='word_1_141' title='bbox 568 1573 699 1635; x_wconf 89' lang='lat' dir='ltr'><strong>tenehris</strong></span> <span class='ocrx_word' id='word_1_142' title='bbox 718 1593 773 1656; x_wconf 91' lang='lat' dir='ltr'><strong>per</strong></span> <span class='ocrx_word' id='word_1_143' title='bbox 791 1575 850 1635; x_wconf 81' lang='lat' dir='ltr'><strong>tria&#39;</strong></span> <span class='ocrx_word' id='word_1_144' title='bbox 866 1574 912 1637; x_wconf 90' lang='lat' dir='ltr'><strong>vel</strong></span> <span class='ocrx_word' id='word_1_145' title='bbox 932 1583 1060 1655; x_wconf 84' lang='lat' dir='ltr'><strong>quatuor</strong></span> <span class='ocrx_word' id='word_1_146' title='bbox 1078 1571 1192 1634; x_wconf 88' lang='lat' dir='ltr'><strong>saecula</strong></span> <span class='ocrx_word' id='word_1_147' title='bbox 1216 1573 1338 1635; x_wconf 90' lang='lat' dir='ltr'><strong>obrutus</strong></span> <span class='ocrx_word' id='word_1_148' title='bbox 1385 1599 1386 1636; x_wconf 80' lang='lat' dir='ltr'><strong>t</strong></span> 
     </span>
     <span class='ocr_line' id='line_1_18' title="bbox 213 1645 1386 1733; baseline 0 -21"><span class='ocrx_word' id='word_1_149' title='bbox 213 1649 320 1725; x_wconf 81' lang='lat' dir='ltr'><strong>fuerit,</strong></span> <span class='ocrx_word' id='word_1_150' title='bbox 344 1659 378 1710; x_wconf 86' lang='lat' dir='ltr'><strong>ut</strong></span> <span class='ocrx_word' id='word_1_151' title='bbox 398 1669 460 1710; x_wconf 91' lang='lat' dir='ltr'><strong>non</strong></span> <span class='ocrx_word' id='word_1_152' title='bbox 479 1650 594 1712; x_wconf 81' lang='lat' dir='ltr'><strong>videret</strong></span> <span class='ocrx_word' id='word_1_153' title='bbox 618 1650 725 1712; x_wconf 88' lang='lat' dir='ltr'><strong>diserte</strong></span> <span class='ocrx_word' id='word_1_154' title='bbox 748 1650 859 1725; x_wconf 87' lang='lat' dir='ltr'><strong>iuberi,</strong></span> <span class='ocrx_word' id='word_1_155' title='bbox 885 1653 966 1731; x_wconf 88' lang='lat' dir='ltr'><strong>quod</strong></span> <span class='ocrx_word' id='word_1_156' title='bbox 990 1650 1118 1730; x_wconf 87' lang='lat' dir='ltr'><strong>quisquis</strong></span> <span class='ocrx_word' id='word_1_157' title='bbox 1143 1650 1284 1733; x_wconf 82' lang='lat' dir='ltr'><strong>negligit,</strong></span> <span class='ocrx_word' id='word_1_158' title='bbox 1309 1671 1339 1712; x_wconf 84' lang='lat' dir='ltr'><strong>er</strong></span> <span class='ocrx_word' id='word_1_159' title='bbox 1385 1645 1386 1680; x_wconf 62' lang='lat' dir='ltr'><strong>l</strong></span> 
     </span>
     <span class='ocr_line' id='line_1_19' title="bbox 213 1725 1340 1819; baseline 0 -31"><span class='ocrx_word' id='word_1_160' title='bbox 213 1743 338 1788; x_wconf 78' lang='lat' dir='ltr'><strong>numero</strong></span> <span class='ocrx_word' id='word_1_161' title='bbox 358 1725 488 1787; x_wconf 84' lang='lat' dir='ltr'><strong>liliorum</strong></span> <span class='ocrx_word' id='word_1_162' title='bbox 507 1726 566 1787; x_wconf 92' lang='lat' dir='ltr'><strong>Dei</strong></span> <span class='ocrx_word' id='word_1_163' title='bbox 587 1729 773 1819; x_wconf 81' lang='lat' dir='ltr'><strong>expungitur.</strong></span> <span class='ocrx_word' id='word_1_164' title='bbox 811 1727 908 1788; x_wconf 88' lang='lat' dir='ltr'><strong>Porro</strong></span> <span class='ocrx_word' id='word_1_165' title='bbox 929 1727 1090 1790; x_wconf 86' lang='lat' dir='ltr'><strong>notandum</strong></span> <span class='ocrx_word' id='word_1_166' title='bbox 1110 1737 1167 1803; x_wconf 90' lang='lat' dir='ltr'><strong>est,</strong></span> <span class='ocrx_word' id='word_1_167' title='bbox 1187 1749 1248 1788; x_wconf 90' lang='lat' dir='ltr'><strong>non</strong></span> <span class='ocrx_word' id='word_1_168' title='bbox 1267 1749 1340 1807; x_wconf 90' lang='lat' dir='ltr'><strong>pro-</strong></span> 
     </span>
     <span class='ocr_line' id='line_1_20' title="bbox 234 1801 1386 1888; baseline 0.003 -26"><span class='ocrx_word' id='word_1_169' title='bbox 234 1801 286 1862; x_wconf 90' lang='lat' dir='ltr'><strong>oni</strong></span> <span class='ocrx_word' id='word_1_170' title='bbox 305 1803 341 1862; x_wconf 90' lang='lat' dir='ltr'><strong>ad</strong></span> <span class='ocrx_word' id='word_1_171' title='bbox 361 1802 554 1864; x_wconf 85' lang='lat' dir='ltr'><strong>imitationem</strong></span> <span class='ocrx_word' id='word_1_172' title='bbox 573 1802 632 1864; x_wconf 83' lang='lat' dir='ltr'><strong>Der</strong></span> <span class='ocrx_word' id='word_1_173' title='bbox 647 1805 820 1886; x_wconf 84' lang='lat' dir='ltr'><strong>exemplum,</strong></span> <span class='ocrx_word' id='word_1_174' title='bbox 839 1805 920 1884; x_wconf 92' lang='lat' dir='ltr'><strong>quasi</strong></span> <span class='ocrx_word' id='word_1_175' title='bbox 938 1826 993 1865; x_wconf 91' lang='lat' dir='ltr'><strong>nos</strong></span> <span class='ocrx_word' id='word_1_176' title='bbox 1012 1804 1114 1867; x_wconf 89' lang='lat' dir='ltr'><strong>deceat</strong></span> <span class='ocrx_word' id='word_1_177' title='bbox 1151 1803 1269 1884; x_wconf 92' lang='lat' dir='ltr'><strong>uicquid</strong></span> <span class='ocrx_word' id='word_1_178' title='bbox 1289 1805 1340 1865; x_wconf 92' lang='lat' dir='ltr'><strong>ille</strong></span> <span class='ocrx_word' id='word_1_179' title='bbox 1385 1835 1386 1888; x_wconf 59' lang='lat' dir='ltr'><strong>p</strong></span> 
     </span>
     <span class='ocr_line' id='line_1_21' title="bbox 211 1825 1339 1962; baseline 0.004 -24"><span class='ocrx_word' id='word_1_180' title='bbox 211 1825 297 1938; x_wconf 77' lang='lat' dir='ltr'><strong>lacit:</strong></span> <span class='ocrx_word' id='word_1_181' title='bbox 322 1878 426 1960; x_wconf 88' lang='lat' dir='ltr'><strong>plectit</strong></span> <span class='ocrx_word' id='word_1_182' title='bbox 445 1881 523 1939; x_wconf 87' lang='lat' dir='ltr'><strong>enim</strong></span> <span class='ocrx_word' id='word_1_183' title='bbox 542 1879 593 1940; x_wconf 92' lang='lat' dir='ltr'><strong>ille</strong></span> <span class='ocrx_word' id='word_1_184' title='bbox 612 1881 760 1962; x_wconf 84' lang='lat' dir='ltr'><strong>ingratos,</strong></span> <span class='ocrx_word' id='word_1_185' title='bbox 784 1893 814 1940; x_wconf 85' lang='lat' dir='ltr'><strong>et</strong></span> <span class='ocrx_word' id='word_1_186' title='bbox 836 1879 993 1942; x_wconf 88' lang='lat' dir='ltr'><strong>sceleratos</strong></span> <span class='ocrx_word' id='word_1_187' title='bbox 1019 1825 1164 1954; x_wconf 80' lang='lat' dir='ltr'><strong>emundo</strong></span> <span class='ocrx_word' id='word_1_188' title='bbox 1183 1901 1270 1962; x_wconf 90' lang='lat' dir='ltr'><strong>saepe</strong></span> <span class='ocrx_word' id='word_1_189' title='bbox 1291 1901 1339 1942; x_wconf 82' lang='lat' dir='ltr'><strong>ex-</strong></span> 
     </span>
     <span class='ocr_line' id='line_1_22' title="bbox 210 1954 1386 2038; baseline -0.004 -21"><span class='ocrx_word' id='word_1_190' title='bbox 210 1954 365 2030; x_wconf 86' lang='lat' dir='ltr'><strong>terminat,</strong></span> <span class='ocrx_word' id='word_1_191' title='bbox 384 1957 489 2036; x_wconf 90' lang='lat' dir='ltr'><strong>quain</strong></span> <span class='ocrx_word' id='word_1_192' title='bbox 508 1967 593 2037; x_wconf 90' lang='lat' dir='ltr'><strong>parte</strong></span> <span class='ocrx_word' id='word_1_193' title='bbox 612 1978 674 2019; x_wconf 92' lang='lat' dir='ltr'><strong>non</strong></span> <span class='ocrx_word' id='word_1_194' title='bbox 694 1959 837 2038; x_wconf 87' lang='lat' dir='ltr'><strong>proponit</strong></span> <span class='ocrx_word' id='word_1_195' title='bbox 855 1977 887 2017; x_wconf 89' lang='lat' dir='ltr'><strong>se</strong></span> <span class='ocrx_word' id='word_1_196' title='bbox 906 1957 994 2018; x_wconf 87' lang='lat' dir='ltr'><strong>nohis</strong></span> <span class='ocrx_word' id='word_1_197' title='bbox 1013 1957 1199 2032; x_wconf 91' lang='lat' dir='ltr'><strong>imitandum,</strong></span> <span class='ocrx_word' id='word_1_198' title='bbox 1218 1958 1287 2037; x_wconf 89' lang='lat' dir='ltr'><strong>quia</strong></span> <span class='ocrx_word' id='word_1_199' title='bbox 1306 1962 1337 2018; x_wconf 92' lang='lat' dir='ltr'><strong>in</strong></span> <span class='ocrx_word' id='word_1_200' title='bbox 1385 2009 1386 2012; x_wconf 74' lang='grc'>,</span> 
     </span>
     <span class='ocr_line' id='line_1_23' title="bbox 211 2032 1336 2114; baseline 0.001 -20"><span class='ocrx_word' id='word_1_201' title='bbox 211 2052 269 2094; x_wconf 89' lang='lat' dir='ltr'><strong>nos</strong></span> <span class='ocrx_word' id='word_1_202' title='bbox 292 2032 432 2092; x_wconf 88' lang='lat' dir='ltr'><strong>iudicium</strong></span> <span class='ocrx_word' id='word_1_203' title='bbox 450 2035 554 2094; x_wconf 90' lang='lat' dir='ltr'><strong>mundi</strong></span> <span class='ocrx_word' id='word_1_204' title='bbox 575 2055 638 2094; x_wconf 92' lang='lat' dir='ltr'><strong>non</strong></span> <span class='ocrx_word' id='word_1_205' title='bbox 663 2034 822 2114; x_wconf 89' lang='lat' dir='ltr'><strong>competit,</strong></span> <span class='ocrx_word' id='word_1_206' title='bbox 866 2033 926 2095; x_wconf 89' lang='lat' dir='ltr'><strong>uod</strong></span> <span class='ocrx_word' id='word_1_207' title='bbox 951 2034 1012 2094; x_wconf 92' lang='lat' dir='ltr'><strong>eius</strong></span> <span class='ocrx_word' id='word_1_208' title='bbox 1035 2033 1187 2114; x_wconf 91' lang='lat' dir='ltr'><strong>proprium</strong></span> <span class='ocrx_word' id='word_1_209' title='bbox 1207 2045 1265 2110; x_wconf 89' lang='lat' dir='ltr'><strong>cst,</strong></span> <span class='ocrx_word' id='word_1_210' title='bbox 1285 2035 1336 2095; x_wconf 90' lang='lat' dir='ltr'><strong>sed</strong></span> 
     </span>
     <span class='ocr_line' id='line_1_24' title="bbox 211 2055 1336 2190; baseline 0 -20"><span class='ocrx_word' id='word_1_211' title='bbox 211 2130 269 2170; x_wconf 88' lang='lat' dir='ltr'><strong>nos</strong></span> <span class='ocrx_word' id='word_1_212' title='bbox 294 2121 434 2190; x_wconf 87' lang='lat' dir='ltr'><strong>paternae</strong></span> <span class='ocrx_word' id='word_1_213' title='bbox 459 2131 527 2172; x_wconf 91' lang='lat' dir='ltr'><strong>suae</strong></span> <span class='ocrx_word' id='word_1_214' title='bbox 551 2108 691 2172; x_wconf 88' lang='lat' dir='ltr'><strong>honitatis</strong></span> <span class='ocrx_word' id='word_1_215' title='bbox 716 2124 746 2170; x_wconf 92' lang='lat' dir='ltr'><strong>et</strong></span> <span class='ocrx_word' id='word_1_216' title='bbox 770 2055 981 2172; x_wconf 78' lang='lat' dir='ltr'><strong>henelcentiae</strong></span> <span class='ocrx_word' id='word_1_217' title='bbox 1007 2110 1166 2170; x_wconf 86' lang='lat' dir='ltr'><strong>imitatores</strong></span> <span class='ocrx_word' id='word_1_218' title='bbox 1185 2129 1247 2170; x_wconf 87' lang='lat' dir='ltr'><strong>esse</strong></span> <span class='ocrx_word' id='word_1_219' title='bbox 1265 2112 1336 2170; x_wconf 85' lang='lat' dir='ltr'><strong>vult.</strong></span> 
     </span>
     <span class='ocr_line' id='line_1_25' title="bbox 211 2186 1336 2272; baseline 0.002 -27"><span class='ocrx_word' id='word_1_220' title='bbox 211 2187 307 2266; x_wconf 90' lang='lat' dir='ltr'><strong>quue</strong></span> <span class='ocrx_word' id='word_1_221' title='bbox 325 2186 465 2247; x_wconf 84' lang='lat' dir='ltr'><strong>viderunt</strong></span> <span class='ocrx_word' id='word_1_222' title='bbox 481 2208 544 2247; x_wconf 89' lang='lat' dir='ltr'><strong>non</strong></span> <span class='ocrx_word' id='word_1_223' title='bbox 563 2187 653 2248; x_wconf 90' lang='lat' dir='ltr'><strong>modo</strong></span> <span class='ocrx_word' id='word_1_224' title='bbox 673 2187 791 2272; x_wconf 83' lang='lat' dir='ltr'><strong>profani</strong></span> <span class='ocrx_word' id='word_1_225' title='bbox 810 2186 994 2269; x_wconf 87' lang='lat' dir='ltr'><strong>philosophi,</strong></span> <span class='ocrx_word' id='word_1_226' title='bbox 1013 2187 1064 2246; x_wconf 91' lang='lat' dir='ltr'><strong>sed</strong></span> <span class='ocrx_word' id='word_1_227' title='bbox 1084 2187 1197 2265; x_wconf 87' lang='lat' dir='ltr'><strong>quidam</strong></span> <span class='ocrx_word' id='word_1_228' title='bbox 1218 2190 1336 2267; x_wconf 90' lang='lat' dir='ltr'><strong>nequis-</strong></span> 
     </span>
     <span class='ocr_line' id='line_1_26' title="bbox 210 2261 1335 2346; baseline 0 -20"><span class='ocrx_word' id='word_1_229' title='bbox 210 2263 277 2326; x_wconf 82' lang='lat' dir='ltr'><strong>simi</strong></span> <span class='ocrx_word' id='word_1_230' title='bbox 303 2264 418 2345; x_wconf 88' lang='lat' dir='ltr'><strong>pietatis</strong></span> <span class='ocrx_word' id='word_1_231' title='bbox 442 2275 678 2346; x_wconf 87' lang='lat' dir='ltr'><strong>contemptores,</strong></span> <span class='ocrx_word' id='word_1_232' title='bbox 704 2265 809 2345; x_wconf 90' lang='lat' dir='ltr'><strong>quihus</strong></span> <span class='ocrx_word' id='word_1_233' title='bbox 833 2283 965 2346; x_wconf 88' lang='lat' dir='ltr'><strong>expressa</strong></span> <span class='ocrx_word' id='word_1_234' title='bbox 994 2262 1049 2322; x_wconf 87' lang='lat' dir='ltr'><strong>suit</strong></span> <span class='ocrx_word' id='word_1_235' title='bbox 1079 2261 1151 2339; x_wconf 83' lang='lat' dir='ltr'><strong>haec</strong></span> <span class='ocrx_word' id='word_1_236' title='bbox 1177 2262 1335 2326; x_wconf 83' lang='lat' dir='ltr'><strong>confessio:</strong></span> 
     </span>
     <span class='ocr_line' id='line_1_27' title="bbox 209 2338 1333 2424; baseline -0.002 -22"><span class='ocrx_word' id='word_1_237' title='bbox 209 2341 291 2402; x_wconf 87' lang='lat' dir='ltr'><strong>nulla</strong></span> <span class='ocrx_word' id='word_1_238' title='bbox 316 2360 352 2400; x_wconf 87' lang='lat' dir='ltr'><strong>re</strong></span> <span class='ocrx_word' id='word_1_239' title='bbox 381 2341 471 2424; x_wconf 88' lang='lat' dir='ltr'><strong>magis</strong></span> <span class='ocrx_word' id='word_1_240' title='bbox 493 2343 554 2402; x_wconf 87' lang='lat' dir='ltr'><strong>&#39;nos</strong></span> <span class='ocrx_word' id='word_1_241' title='bbox 588 2361 653 2402; x_wconf 88' lang='lat' dir='ltr'><strong>esse</strong></span> <span class='ocrx_word' id='word_1_242' title='bbox 677 2342 744 2402; x_wconf 92' lang='lat' dir='ltr'><strong>Deo</strong></span> <span class='ocrx_word' id='word_1_243' title='bbox 776 2341 883 2403; x_wconf 87' lang='lat' dir='ltr'><strong>similes</strong></span> <span class='ocrx_word' id='word_1_244' title='bbox 914 2361 1000 2419; x_wconf 89' lang='lat' dir='ltr'><strong>quam</strong></span> <span class='ocrx_word' id='word_1_245' title='bbox 1033 2338 1255 2400; x_wconf 80' lang='lat' dir='ltr'><strong>benefaciendo.</strong></span> <span class='ocrx_word' id='word_1_246' title='bbox 1297 2341 1333 2400; x_wconf 93' lang='lat' dir='ltr'><strong>In</strong></span> 
     </span>
     <span class='ocr_line' id='line_1_28' title="bbox 209 2416 1333 2500; baseline -0.002 -20"><span class='ocrx_word' id='word_1_247' title='bbox 209 2439 336 2494; x_wconf 83' lang='lat' dir='ltr'><strong>summa,</strong></span> <span class='ocrx_word' id='word_1_248' title='bbox 360 2417 436 2481; x_wconf 91' lang='lat' dir='ltr'><strong>hanc</strong></span> <span class='ocrx_word' id='word_1_249' title='bbox 460 2430 581 2480; x_wconf 86' lang='lat' dir='ltr'><strong>nostrae</strong></span> <span class='ocrx_word' id='word_1_250' title='bbox 604 2419 770 2500; x_wconf 84' lang='lat' dir='ltr'><strong>adoptionis</strong></span> <span class='ocrx_word' id='word_1_251' title='bbox 790 2431 890 2490; x_wconf 74' lang='lat' dir='ltr'><strong>notam</strong></span> <span class='ocrx_word' id='word_1_252' title='bbox 910 2420 975 2479; x_wconf 85' lang='lat' dir='ltr'><strong>lore</strong></span> <span class='ocrx_word' id='word_1_253' title='bbox 996 2416 1127 2479; x_wconf 88' lang='lat' dir='ltr'><strong>Christus</strong></span> <span class='ocrx_word' id='word_1_254' title='bbox 1150 2427 1286 2491; x_wconf 89' lang='lat' dir='ltr'><strong>testatur,</strong></span> <span class='ocrx_word' id='word_1_255' title='bbox 1309 2417 1333 2478; x_wconf 90' lang='lat' dir='ltr'><strong>si</strong></span> 
     </span>
     <span class='ocr_line' id='line_1_29' title="bbox 209 2492 1386 2578; baseline -0.003 -22"><span class='ocrx_word' id='word_1_256' title='bbox 209 2497 294 2558; x_wconf 89' lang='lat' dir='ltr'><strong>malis</strong></span> <span class='ocrx_word' id='word_1_257' title='bbox 320 2495 406 2558; x_wconf 90' lang='lat' dir='ltr'><strong>etiam</strong></span> <span class='ocrx_word' id='word_1_258' title='bbox 429 2507 459 2556; x_wconf 89' lang='lat' dir='ltr'><strong>et</strong></span> <span class='ocrx_word' id='word_1_259' title='bbox 482 2495 611 2578; x_wconf 87' lang='lat' dir='ltr'><strong>indignis</strong></span> <span class='ocrx_word' id='word_1_260' title='bbox 635 2519 732 2557; x_wconf 91' lang='lat' dir='ltr'><strong>sumus</strong></span> <span class='ocrx_word' id='word_1_261' title='bbox 758 2495 891 2558; x_wconf 89' lang='lat' dir='ltr'><strong>benefici.</strong></span> <span class='ocrx_word' id='word_1_262' title='bbox 928 2494 1033 2573; x_wconf 90' lang='lat' dir='ltr'><strong>Neque</strong></span> <span class='ocrx_word' id='word_1_263' title='bbox 1057 2504 1154 2553; x_wconf 89' lang='lat' dir='ltr'><strong>tamen</strong></span> <span class='ocrx_word' id='word_1_264' title='bbox 1178 2492 1331 2574; x_wconf 85' lang='lat' dir='ltr'><strong>intelligas,</strong></span> <span class='ocrx_word' id='word_1_265' title='bbox 1385 2493 1386 2552; x_wconf 65' lang='grc' dir='ltr'>ἶ</span> 
     </span>
     <span class='ocr_line' id='line_1_30' title="bbox 208 2569 1333 2650; baseline -0.004 -16"><span class='ocrx_word' id='word_1_266' title='bbox 208 2573 276 2634; x_wconf 83' lang='lat' dir='ltr'><strong>fieri</strong></span> <span class='ocrx_word' id='word_1_267' title='bbox 294 2593 349 2634; x_wconf 93' lang='lat' dir='ltr'><strong>nos</strong></span> <span class='ocrx_word' id='word_1_268' title='bbox 369 2572 563 2634; x_wconf 87' lang='lat' dir='ltr'><strong>beneficentia</strong></span> <span class='ocrx_word' id='word_1_269' title='bbox 581 2585 682 2633; x_wconf 91' lang='lat' dir='ltr'><strong>nostra</strong></span> <span class='ocrx_word' id='word_1_270' title='bbox 699 2573 757 2634; x_wconf 90' lang='lat' dir='ltr'><strong>Dei</strong></span> <span class='ocrx_word' id='word_1_271' title='bbox 777 2572 864 2649; x_wconf 89' lang='lat' dir='ltr'><strong>lilios,</strong></span> <span class='ocrx_word' id='word_1_272' title='bbox 882 2572 933 2634; x_wconf 91' lang='lat' dir='ltr'><strong>sed</strong></span> <span class='ocrx_word' id='word_1_273' title='bbox 953 2571 1020 2650; x_wconf 88' lang='lat' dir='ltr'><strong>quia</strong></span> <span class='ocrx_word' id='word_1_274' title='bbox 1038 2569 1115 2629; x_wconf 90' lang='lat' dir='ltr'><strong>idem</strong></span> <span class='ocrx_word' id='word_1_275' title='bbox 1129 2569 1254 2649; x_wconf 84' lang='lat' dir='ltr'><strong>Spiritus</strong></span> <span class='ocrx_word' id='word_1_276' title='bbox 1271 2571 1333 2650; x_wconf 80' lang='lat' dir='ltr'><strong>(qui</strong></span> 
     </span>
     <span class='ocr_line' id='line_1_31' title="bbox 211 2644 1333 2732; baseline -0.002 -22"><span class='ocrx_word' id='word_1_277' title='bbox 211 2651 357 2732; x_wconf 79' lang='lat' dir='ltr'><strong>gratuitae</strong></span> <span class='ocrx_word' id='word_1_278' title='bbox 383 2661 501 2709; x_wconf 89' lang='lat' dir='ltr'><strong>nostrae</strong></span> <span class='ocrx_word' id='word_1_279' title='bbox 526 2649 693 2728; x_wconf 84' lang='lat' dir='ltr'><strong>adoptionis</strong></span> <span class='ocrx_word' id='word_1_280' title='bbox 712 2650 794 2711; x_wconf 83' lang='lat' dir='ltr'><strong>testis</strong></span> <span class='ocrx_word' id='word_1_281' title='bbox 819 2660 878 2726; x_wconf 85' lang='lat' dir='ltr'><strong>est,</strong></span> <span class='ocrx_word' id='word_1_282' title='bbox 905 2646 990 2708; x_wconf 87' lang='lat' dir='ltr'><strong>arrha</strong></span> <span class='ocrx_word' id='word_1_283' title='bbox 1015 2660 1044 2707; x_wconf 89' lang='lat' dir='ltr'><strong>et</strong></span> <span class='ocrx_word' id='word_1_284' title='bbox 1066 2644 1206 2728; x_wconf 84' lang='lat' dir='ltr'><strong>sigillum)</strong></span> <span class='ocrx_word' id='word_1_285' title='bbox 1230 2668 1333 2726; x_wconf 78' lang='lat' dir='ltr'><strong>pravos</strong></span> 
     </span>
     <span class='ocr_line' id='line_1_32' title="bbox 210 2721 1386 2816; baseline 0.001 -32"><span class='ocrx_word' id='word_1_286' title='bbox 210 2727 306 2786; x_wconf 83' lang='lat' dir='ltr'><strong>carnis</strong></span> <span class='ocrx_word' id='word_1_287' title='bbox 327 2721 466 2799; x_wconf 77' lang='lat' dir='ltr'><strong>allectos,</strong></span> <span class='ocrx_word' id='word_1_288' title='bbox 486 2725 668 2802; x_wconf 83' lang='lat' dir='ltr'><strong>quicaritati</strong></span> <span class='ocrx_word' id='word_1_289' title='bbox 687 2737 868 2816; x_wconf 77' lang='lat' dir='ltr'><strong>repugnant,</strong></span> <span class='ocrx_word' id='word_1_290' title='bbox 888 2724 1027 2804; x_wconf 84' lang='lat' dir='ltr'><strong>corrigit,</strong></span> <span class='ocrx_word' id='word_1_291' title='bbox 1041 2722 1083 2802; x_wconf 59' lang='grc' dir='ltr'><strong>μὶ)</strong></span> <span class='ocrx_word' id='word_1_292' title='bbox 1103 2721 1212 2782; x_wconf 86' lang='lat' dir='ltr'><strong>ellectu</strong></span> <span class='ocrx_word' id='word_1_293' title='bbox 1227 2724 1336 2800; x_wconf 92' lang='lat' dir='ltr'><strong>prohat</strong></span> <span class='ocrx_word' id='word_1_294' title='bbox 1385 2787 1386 2790; x_wconf 64' lang='grc'>,</span> 
     </span>
     <span class='ocr_line' id='line_1_33' title="bbox 213 2799 1339 2882; baseline -0.001 -20"><span class='ocrx_word' id='word_1_295' title='bbox 213 2799 363 2880; x_wconf 86' lang='lat' dir='ltr'><strong>Christus,</strong></span> <span class='ocrx_word' id='word_1_296' title='bbox 387 2821 450 2860; x_wconf 86' lang='lat' dir='ltr'><strong>non</strong></span> <span class='ocrx_word' id='word_1_297' title='bbox 475 2801 547 2860; x_wconf 91' lang='lat' dir='ltr'><strong>alios</strong></span> <span class='ocrx_word' id='word_1_298' title='bbox 573 2819 635 2860; x_wconf 89' lang='lat' dir='ltr'><strong>esse</strong></span> <span class='ocrx_word' id='word_1_299' title='bbox 654 2800 713 2860; x_wconf 90' lang='lat' dir='ltr'><strong>Dei</strong></span> <span class='ocrx_word' id='word_1_300' title='bbox 738 2802 827 2877; x_wconf 79' lang='lat' dir='ltr'><strong>filios,</strong></span> <span class='ocrx_word' id='word_1_301' title='bbox 860 2802 915 2861; x_wconf 91' lang='lat' dir='ltr'><strong>nisi</strong></span> <span class='ocrx_word' id='word_1_302' title='bbox 934 2805 985 2881; x_wconf 90' lang='lat' dir='ltr'><strong>qui</strong></span> <span class='ocrx_word' id='word_1_303' title='bbox 1003 2801 1097 2882; x_wconf 90' lang='lat' dir='ltr'><strong>ipsum</strong></span> <span class='ocrx_word' id='word_1_304' title='bbox 1115 2799 1339 2861; x_wconf 88' lang='lat' dir='ltr'><strong>mansuetudine</strong></span> 
     </span>
     <span class='ocr_line' id='line_1_34' title="bbox 210 2875 1336 2956; baseline 0.001 -20"><span class='ocrx_word' id='word_1_305' title='bbox 210 2889 242 2936; x_wconf 88' lang='lat' dir='ltr'><strong>et</strong></span> <span class='ocrx_word' id='word_1_306' title='bbox 261 2877 578 2936; x_wconf 79' lang='lat' dir='ltr'><strong>clementiarelerunt.</strong></span> <span class='ocrx_word' id='word_1_307' title='bbox 615 2876 676 2939; x_wconf 91' lang='lat' dir='ltr'><strong>Pro</strong></span> <span class='ocrx_word' id='word_1_308' title='bbox 698 2897 733 2938; x_wconf 88' lang='lat' dir='ltr'><strong>eo</strong></span> <span class='ocrx_word' id='word_1_309' title='bbox 757 2879 851 2937; x_wconf 89' lang='lat' dir='ltr'><strong>Lucas</strong></span> <span class='ocrx_word' id='word_1_310' title='bbox 876 2877 981 2955; x_wconf 79' lang='lat' dir='ltr'><strong>hahet,</strong></span> <span class='ocrx_word' id='word_1_311' title='bbox 1006 2879 1085 2936; x_wconf 72' lang='lat' dir='ltr'><strong>utos</strong></span> <span class='ocrx_word' id='word_1_312' title='bbox 1098 2876 1165 2956; x_wconf 82' lang='lat' dir='ltr'><strong>fittt</strong></span> <span class='ocrx_word' id='word_1_313' title='bbox 1180 2875 1336 2937; x_wconf 70' lang='lat' dir='ltr'><strong>Alttsstmt</strong></span> 
     </span>
     <span class='ocr_line' id='line_1_35' title="bbox 209 2951 1386 3047; baseline 0.002 -33"><span class='ocrx_word' id='word_1_314' title='bbox 209 2953 281 3014; x_wconf 87' lang='lat' dir='ltr'><strong>Non</strong></span> <span class='ocrx_word' id='word_1_315' title='bbox 302 2951 383 3031; x_wconf 89' lang='lat' dir='ltr'><strong>quod</strong></span> <span class='ocrx_word' id='word_1_316' title='bbox 406 2953 486 3014; x_wconf 85' lang='lat' dir='ltr'><strong>hunc</strong></span> <span class='ocrx_word' id='word_1_317' title='bbox 505 2952 650 3014; x_wconf 88' lang='lat' dir='ltr'><strong>honorem</strong></span> <span class='ocrx_word' id='word_1_318' title='bbox 669 2953 726 3012; x_wconf 92' lang='lat' dir='ltr'><strong>sihi</strong></span> <span class='ocrx_word' id='word_1_319' title='bbox 745 2955 897 3034; x_wconf 86' lang='lat' dir='ltr'><strong>quisquam</strong></span> <span class='ocrx_word' id='word_1_320' title='bbox 916 2953 1061 3047; x_wconf 87' lang='lat' dir='ltr'><strong>acquirat,</strong></span> <span class='ocrx_word' id='word_1_321' title='bbox 1084 2953 1131 3013; x_wconf 83' lang='lat' dir='ltr'><strong>vel</strong></span> <span class='ocrx_word' id='word_1_322' title='bbox 1156 2951 1234 3031; x_wconf 89' lang='lat' dir='ltr'><strong>qnod</strong></span> <span class='ocrx_word' id='word_1_323' title='bbox 1258 2953 1338 3014; x_wconf 86' lang='lat' dir='ltr'><strong>inei·</strong></span> <span class='ocrx_word' id='word_1_324' title='bbox 1385 3009 1386 3016; x_wconf 72' lang='grc'>,</span> 
     </span>
     <span class='ocr_line' id='line_1_36' title="bbox 232 3024 1386 3120; baseline 0.002 -32"><span class='ocrx_word' id='word_1_325' title='bbox 232 3028 273 3088; x_wconf 88' lang='lat' dir='ltr'><strong>iat</strong></span> <span class='ocrx_word' id='word_1_326' title='bbox 292 3047 355 3088; x_wconf 89' lang='lat' dir='ltr'><strong>esse</strong></span> <span class='ocrx_word' id='word_1_327' title='bbox 374 3028 433 3090; x_wconf 90' lang='lat' dir='ltr'><strong>Dei</strong></span> <span class='ocrx_word' id='word_1_328' title='bbox 453 3024 543 3104; x_wconf 88' lang='lat' dir='ltr'><strong>filius,</strong></span> <span class='ocrx_word' id='word_1_329' title='bbox 563 3049 598 3089; x_wconf 84' lang='lat' dir='ltr'><strong>ex</strong></span> <span class='ocrx_word' id='word_1_330' title='bbox 617 3049 676 3120; x_wconf 90' lang='lat' dir='ltr'><strong>quo</strong></span> <span class='ocrx_word' id='word_1_331' title='bbox 696 3029 995 3106; x_wconf 83' lang='lat' dir='ltr'><strong>inimicosdilexerrt,</strong></span> <span class='ocrx_word' id='word_1_332' title='bbox 1014 3030 1066 3091; x_wconf 90' lang='lat' dir='ltr'><strong>sed</strong></span> <span class='ocrx_word' id='word_1_333' title='bbox 1085 3028 1151 3109; x_wconf 89' lang='lat' dir='ltr'><strong>quia</strong></span> <span class='ocrx_word' id='word_1_334' title='bbox 1170 3028 1270 3089; x_wconf 88' lang='lat' dir='ltr'><strong>usitata</strong></span> <span class='ocrx_word' id='word_1_335' title='bbox 1293 3043 1339 3092; x_wconf 90' lang='lat' dir='ltr'><strong>est</strong></span> <span class='ocrx_word' id='word_1_336' title='bbox 1385 3035 1386 3054; x_wconf 59' lang='lat'>³</span> 
     </span>
     <span class='ocr_line' id='line_1_37' title="bbox 208 3051 1336 3189; baseline 0.001 -23"><span class='ocrx_word' id='word_1_337' title='bbox 208 3051 382 3185; x_wconf 65' lang='lat' dir='ltr'><strong>heripturae</strong></span> <span class='ocrx_word' id='word_1_338' title='bbox 405 3106 547 3186; x_wconf 86' lang='lat' dir='ltr'><strong>loquendi</strong></span> <span class='ocrx_word' id='word_1_339' title='bbox 573 3117 665 3181; x_wconf 78' lang='lat' dir='ltr'><strong>ratio,</strong></span> <span class='ocrx_word' id='word_1_340' title='bbox 697 3107 822 3189; x_wconf 85' lang='lat' dir='ltr'><strong>gratuita</strong></span> <span class='ocrx_word' id='word_1_341' title='bbox 847 3106 907 3166; x_wconf 86' lang='lat' dir='ltr'><strong>Dei</strong></span> <span class='ocrx_word' id='word_1_342' title='bbox 933 3104 1075 3168; x_wconf 82' lang='lat' dir='ltr'><strong>beneficia</strong></span> <span class='ocrx_word' id='word_1_343' title='bbox 1097 3105 1240 3166; x_wconf 87' lang='lat' dir='ltr'><strong>mercedis</strong></span> <span class='ocrx_word' id='word_1_344' title='bbox 1264 3106 1336 3167; x_wconf 90' lang='lat' dir='ltr'><strong>loco</strong></span> 
     </span>
     <span class='ocr_line' id='line_1_38' title="bbox 208 3182 1337 3266; baseline 0.002 -25"><span class='ocrx_word' id='word_1_345' title='bbox 208 3199 390 3264; x_wconf 90' lang='lat' dir='ltr'><strong>proponere,</strong></span> <span class='ocrx_word' id='word_1_346' title='bbox 410 3184 478 3242; x_wconf 89' lang='lat' dir='ltr'><strong>dum</strong></span> <span class='ocrx_word' id='word_1_347' title='bbox 498 3202 553 3242; x_wconf 88' lang='lat' dir='ltr'><strong>nos</strong></span> <span class='ocrx_word' id='word_1_348' title='bbox 572 3182 700 3242; x_wconf 87' lang='lat' dir='ltr'><strong>animare</strong></span> <span class='ocrx_word' id='word_1_349' title='bbox 719 3183 781 3245; x_wconf 85' lang='lat' dir='ltr'><strong>vult</strong></span> <span class='ocrx_word' id='word_1_350' title='bbox 800 3184 835 3244; x_wconf 92' lang='lat' dir='ltr'><strong>ad</strong></span> <span class='ocrx_word' id='word_1_351' title='bbox 855 3196 935 3244; x_wconf 88' lang='lat' dir='ltr'><strong>recte</strong></span> <span class='ocrx_word' id='word_1_352' title='bbox 954 3183 1107 3266; x_wconf 87' lang='lat' dir='ltr'><strong>agendum.</strong></span> <span class='ocrx_word' id='word_1_353' title='bbox 1136 3183 1218 3241; x_wconf 87' lang='lat' dir='ltr'><strong>Haec</strong></span> <span class='ocrx_word' id='word_1_354' title='bbox 1237 3195 1337 3250; x_wconf 87' lang='lat' dir='ltr'><strong>autem</strong></span> 
     </span>
     <span class='ocr_line' id='line_1_39' title="bbox 207 3257 1336 3339; baseline 0.002 -21"><span class='ocrx_word' id='word_1_355' title='bbox 207 3257 284 3319; x_wconf 92' lang='lat' dir='ltr'><strong>ratio</strong></span> <span class='ocrx_word' id='word_1_356' title='bbox 305 3268 358 3330; x_wconf 90' lang='lat' dir='ltr'><strong>est,</strong></span> <span class='ocrx_word' id='word_1_357' title='bbox 379 3259 447 3338; x_wconf 88' lang='lat' dir='ltr'><strong>quia</strong></span> <span class='ocrx_word' id='word_1_358' title='bbox 469 3258 596 3338; x_wconf 89' lang='lat' dir='ltr'><strong>respicit,</strong></span> <span class='ocrx_word' id='word_1_359' title='bbox 615 3259 645 3318; x_wconf 92' lang='lat' dir='ltr'><strong>in</strong></span> <span class='ocrx_word' id='word_1_360' title='bbox 667 3280 754 3339; x_wconf 91' lang='lat' dir='ltr'><strong>quern</strong></span> <span class='ocrx_word' id='word_1_361' title='bbox 774 3261 862 3321; x_wconf 90' lang='lat' dir='ltr'><strong>finem</strong></span> <span class='ocrx_word' id='word_1_362' title='bbox 874 3263 971 3323; x_wconf 82' lang='lat' dir='ltr'><strong>vocati</strong></span> <span class='ocrx_word' id='word_1_363' title='bbox 988 3261 1088 3322; x_wconf 88' lang='lat' dir='ltr'><strong>simus:</strong></span> <span class='ocrx_word' id='word_1_364' title='bbox 1108 3279 1173 3318; x_wconf 90' lang='lat' dir='ltr'><strong>nem</strong></span> <span class='ocrx_word' id='word_1_365' title='bbox 1198 3278 1214 3318; x_wconf 90' lang='lat' dir='ltr'><strong>e</strong></span> <span class='ocrx_word' id='word_1_366' title='bbox 1233 3269 1266 3318; x_wconf 89' lang='lat' dir='ltr'><strong>ut</strong></span> <span class='ocrx_word' id='word_1_367' title='bbox 1287 3281 1336 3320; x_wconf 88' lang='lat' dir='ltr'><strong>re-</strong></span> 
     </span>
     <span class='ocr_line' id='line_1_40' title="bbox 207 3333 1336 3431; baseline 0.001 -38"><span class='ocrx_word' id='word_1_368' title='bbox 207 3345 308 3415; x_wconf 88' lang='lat' dir='ltr'><strong>parata</strong></span> <span class='ocrx_word' id='word_1_369' title='bbox 327 3333 358 3392; x_wconf 87' lang='lat' dir='ltr'><strong>in</strong></span> <span class='ocrx_word' id='word_1_370' title='bbox 379 3336 464 3396; x_wconf 92' lang='lat' dir='ltr'><strong>uobis</strong></span> <span class='ocrx_word' id='word_1_371' title='bbox 483 3335 542 3394; x_wconf 88' lang='lat' dir='ltr'><strong>Dei</strong></span> <span class='ocrx_word' id='word_1_372' title='bbox 565 3333 692 3418; x_wconf 84' lang='lat' dir='ltr'><strong>imagine</strong></span> <span class='ocrx_word' id='word_1_373' title='bbox 712 3339 760 3418; x_wconf 88' lang='lat' dir='ltr'><strong>pie</strong></span> <span class='ocrx_word' id='word_1_374' title='bbox 783 3349 941 3431; x_wconf 89' lang='lat' dir='ltr'><strong>sancteque</strong></span> <span class='ocrx_word' id='word_1_375' title='bbox 960 3337 1095 3405; x_wconf 83' lang='lat' dir='ltr'><strong>vivamus,</strong></span> <span class='ocrx_word' id='word_1_376' title='bbox 1131 3335 1174 3395; x_wconf 80' lang='lat' dir='ltr'><strong>So</strong></span> <span class='ocrx_word' id='word_1_377' title='bbox 1236 3345 1336 3395; x_wconf 49' lang='lat' dir='ltr'><strong>usuum</strong></span> 
     </span>
     <span class='ocr_line' id='line_1_41' title="bbox 206 3410 1335 3490; baseline 0.001 -19"><span class='ocrx_word' id='word_1_378' title='bbox 206 3410 391 3490; x_wconf 75' lang='lat' dir='ltr'><strong>mirifaor’t.</strong></span> <span class='ocrx_word' id='word_1_379' title='bbox 422 3412 491 3471; x_wconf 88' lang='lat' dir='ltr'><strong>Duo</strong></span> <span class='ocrx_word' id='word_1_380' title='bbox 517 3426 728 3474; x_wconf 87' lang='lat' dir='ltr'><strong>commemorat</strong></span> <span class='ocrx_word' id='word_1_381' title='bbox 750 3415 920 3475; x_wconf 76' lang='lat' dir='ltr'><strong>testimonia</strong></span> <span class='ocrx_word' id='word_1_382' title='bbox 946 3414 1060 3474; x_wconf 85' lang='lat' dir='ltr'><strong>divinae</strong></span> <span class='ocrx_word' id='word_1_383' title='bbox 1084 3413 1114 3472; x_wconf 91' lang='lat' dir='ltr'><strong>in</strong></span> <span class='ocrx_word' id='word_1_384' title='bbox 1139 3433 1194 3473; x_wconf 88' lang='lat' dir='ltr'><strong>nos</strong></span> <span class='ocrx_word' id='word_1_385' title='bbox 1220 3411 1335 3472; x_wconf 91' lang='lat' dir='ltr'><strong>heneli-</strong></span> 
     </span>
     <span class='ocr_line' id='line_1_42' title="bbox 207 3486 1334 3566; baseline -0.001 -17"><span class='ocrx_word' id='word_1_386' title='bbox 207 3486 336 3562; x_wconf 82' lang='lat' dir='ltr'><strong>centiae,</strong></span> <span class='ocrx_word' id='word_1_387' title='bbox 360 3507 434 3566; x_wconf 89' lang='lat' dir='ltr'><strong>quae</strong></span> <span class='ocrx_word' id='word_1_388' title='bbox 460 3508 522 3548; x_wconf 92' lang='lat' dir='ltr'><strong>non</strong></span> <span class='ocrx_word' id='word_1_389' title='bbox 544 3500 658 3550; x_wconf 89' lang='lat' dir='ltr'><strong>tanturn</strong></span> <span class='ocrx_word' id='word_1_390' title='bbox 684 3493 807 3552; x_wconf 85' lang='lat' dir='ltr'><strong>maxime</strong></span> <span class='ocrx_word' id='word_1_391' title='bbox 827 3491 912 3551; x_wconf 90' lang='lat' dir='ltr'><strong>uobis</strong></span> <span class='ocrx_word' id='word_1_392' title='bbox 932 3502 1003 3551; x_wconf 85' lang='lat' dir='ltr'><strong>nota</strong></span> <span class='ocrx_word' id='word_1_393' title='bbox 1021 3501 1103 3564; x_wconf 88' lang='lat' dir='ltr'><strong>sunt,</strong></span> <span class='ocrx_word' id='word_1_394' title='bbox 1126 3490 1178 3548; x_wconf 92' lang='lat' dir='ltr'><strong>sed</strong></span> <span class='ocrx_word' id='word_1_395' title='bbox 1197 3489 1334 3549; x_wconf 90' lang='lat' dir='ltr'><strong>omnihus</strong></span> 
     </span>
     <span class='ocr_line' id='line_1_43' title="bbox 200 3561 1335 3649; baseline -0.003 -23"><span class='ocrx_word' id='word_1_396' title='bbox 200 3561 385 3637; x_wconf 75' lang='lat' dir='ltr'><strong>eommunia,</strong></span> <span class='ocrx_word' id='word_1_397' title='bbox 404 3585 494 3643; x_wconf 88' lang='lat' dir='ltr'><strong>quum</strong></span> <span class='ocrx_word' id='word_1_398' title='bbox 513 3567 604 3647; x_wconf 84' lang='lat' dir='ltr'><strong>magis</strong></span> <span class='ocrx_word' id='word_1_399' title='bbox 624 3568 685 3649; x_wconf 89' lang='lat' dir='ltr'><strong>ipsa</strong></span> <span class='ocrx_word' id='word_1_400' title='bbox 704 3569 828 3629; x_wconf 89' lang='lat' dir='ltr'><strong>societas</strong></span> <span class='ocrx_word' id='word_1_401' title='bbox 848 3567 883 3627; x_wconf 93' lang='lat' dir='ltr'><strong>ad</strong></span> <span class='ocrx_word' id='word_1_402' title='bbox 904 3566 982 3627; x_wconf 91' lang='lat' dir='ltr'><strong>idem</strong></span> <span class='ocrx_word' id='word_1_403' title='bbox 1002 3567 1079 3627; x_wconf 90' lang='lat' dir='ltr'><strong>ultro</strong></span> <span class='ocrx_word' id='word_1_404' title='bbox 1101 3567 1234 3645; x_wconf 80' lang='lat' dir='ltr'><strong>citroque</strong></span> <span class='ocrx_word' id='word_1_405' title='bbox 1255 3566 1335 3624; x_wconf 88' lang='lat' dir='ltr'><strong>inter</strong></span> 
     </span>
     <span class='ocr_line' id='line_1_44' title="bbox 205 3639 1332 3730; baseline -0.001 -29"><span class='ocrx_word' id='word_1_406' title='bbox 205 3660 262 3702; x_wconf 87' lang='lat' dir='ltr'><strong>nos</strong></span> <span class='ocrx_word' id='word_1_407' title='bbox 293 3639 498 3730; x_wconf 89' lang='lat' dir='ltr'><strong>praestandum</strong></span> <span class='ocrx_word' id='word_1_408' title='bbox 522 3641 642 3720; x_wconf 88' lang='lat' dir='ltr'><strong>invitet,</strong></span> <span class='ocrx_word' id='word_1_409' title='bbox 667 3665 834 3725; x_wconf 89' lang='lat' dir='ltr'><strong>quanquam</strong></span> <span class='ocrx_word' id='word_1_410' title='bbox 857 3664 910 3725; x_wconf 90' lang='lat' dir='ltr'><strong>per</strong></span> <span class='ocrx_word' id='word_1_411' title='bbox 940 3642 1145 3725; x_wconf 83' lang='lat' dir='ltr'><strong>synecdochen</strong></span> <span class='ocrx_word' id='word_1_412' title='bbox 1177 3643 1332 3703; x_wconf 88' lang='lat' dir='ltr'><strong>innumera</strong></span> 
     </span>
     <span class='ocr_line' id='line_1_45' title="bbox 206 3715 951 3799; baseline 0.001 -21"><span class='ocrx_word' id='word_1_413' title='bbox 206 3737 325 3798; x_wconf 83' lang='lat' dir='ltr'><strong>qnoque</strong></span> <span class='ocrx_word' id='word_1_414' title='bbox 344 3715 399 3776; x_wconf 87' lang='lat' dir='ltr'><strong>alia</strong></span> <span class='ocrx_word' id='word_1_415' title='bbox 419 3717 634 3799; x_wconf 89' lang='lat' dir='ltr'><strong>complectitur.</strong></span> <span class='ocrx_word' id='word_1_416' title='bbox 948 3751 951 3758; x_wconf 85' lang='lat'><strong>.</strong></span> 
     </span>
    </p>
   </div>
   <div class='ocr_carea' id='block_1_3' title="bbox 196 3793 1330 4009">
    <p class='ocr_par' dir='ltr' id='par_1_3' title="bbox 196 3757 1386 4009">
     <span class='ocr_line' id='line_1_46' title="bbox 280 3793 1330 3870; baseline -0.005 -12"><span class='ocrx_word' id='word_1_417' title='bbox 280 3799 328 3858; x_wconf 81' lang='lat' dir='ltr'><strong>to.</strong></span> <span class='ocrx_word' id='word_1_418' title='bbox 366 3793 508 3852; x_wconf 78' lang='lat' dir='ltr'><strong>Nonneet</strong></span> <span class='ocrx_word' id='word_1_419' title='bbox 582 3797 731 3858; x_wconf 73' lang='lat' dir='ltr'><strong>llomdem.</strong></span> <span class='ocrx_word' id='word_1_420' title='bbox 759 3795 874 3858; x_wconf 86' lang='lat' dir='ltr'><strong>Eodem</strong></span> <span class='ocrx_word' id='word_1_421' title='bbox 886 3816 973 3856; x_wconf 92' lang='lat' dir='ltr'><strong>sensu</strong></span> <span class='ocrx_word' id='word_1_422' title='bbox 982 3796 1074 3855; x_wconf 89' lang='lat' dir='ltr'><strong>Lucas</strong></span> <span class='ocrx_word' id='word_1_423' title='bbox 1079 3808 1254 3870; x_wconf 78' lang='lat' dir='ltr'><strong>peccatores,</strong></span> <span class='ocrx_word' id='word_1_424' title='bbox 1271 3794 1330 3854; x_wconf 90' lang='lat' dir='ltr'><strong>hoc</strong></span> 
     </span>
     <span class='ocr_line' id='line_1_47' title="bbox 196 3873 1326 4009; baseline -0.002 -79"><span class='ocrx_word' id='word_1_425' title='bbox 196 3881 260 3953; x_wconf 59' lang='lat' dir='ltr'><strong>pst,</strong></span> <span class='ocrx_word' id='word_1_426' title='bbox 279 3891 403 3950; x_wconf 88' lang='lat' dir='ltr'><strong>nequam</strong></span> <span class='ocrx_word' id='word_1_427' title='bbox 424 3881 454 3929; x_wconf 91' lang='lat' dir='ltr'><strong>et</strong></span> <span class='ocrx_word' id='word_1_428' title='bbox 473 3891 521 3931; x_wconf 92' lang='lat' dir='ltr'><strong>sce</strong></span> <span class='ocrx_word' id='word_1_429' title='bbox 535 3884 630 3934; x_wconf 84' lang='lat' dir='ltr'><strong>erstos</strong></span> <span class='ocrx_word' id='word_1_430' title='bbox 651 3874 784 3934; x_wconf 91' lang='lat' dir='ltr'><strong>homines</strong></span> <span class='ocrx_word' id='word_1_431' title='bbox 826 3874 903 3933; x_wconf 88' lang='lat' dir='ltr'><strong>onit:</strong></span> <span class='ocrx_word' id='word_1_432' title='bbox 930 3893 991 3933; x_wconf 89' lang='lat' dir='ltr'><strong>non</strong></span> <span class='ocrx_word' id='word_1_433' title='bbox 1012 3873 1092 4009; x_wconf 89' lang='lat' dir='ltr'><strong>quod</strong></span> <span class='ocrx_word' id='word_1_434' title='bbox 1110 3894 1215 3933; x_wconf 87' lang='lat' dir='ltr'><strong>munus</strong></span> <span class='ocrx_word' id='word_1_435' title='bbox 1234 3874 1326 3952; x_wconf 89' lang='lat' dir='ltr'><strong>ipsum</strong></span> 
     </span>
    </p>
   </div>
   <div class='ocr_carea' id='block_1_4' title="bbox 204 3947 1330 4041">
    <p class='ocr_par' dir='ltr' id='par_1_4' title="bbox 204 3947 1330 4041">
     <span class='ocr_line' id='line_1_48' title="bbox 204 3947 1330 4041; baseline 0.001 -36"><span class='ocrx_word' id='word_1_436' title='bbox 204 3967 259 4025; x_wconf 91' lang='lat' dir='ltr'><strong>per</strong></span> <span class='ocrx_word' id='word_1_437' title='bbox 282 3967 312 4006; x_wconf 91' lang='lat' dir='ltr'><strong>se</strong></span> <span class='ocrx_word' id='word_1_438' title='bbox 338 3947 492 4006; x_wconf 87' lang='lat' dir='ltr'><strong>damnetur</strong></span> <span class='ocrx_word' id='word_1_439' title='bbox 512 3951 608 4018; x_wconf 83' lang='lat' dir='ltr'><strong>(erant</strong></span> <span class='ocrx_word' id='word_1_440' title='bbox 633 3953 711 4010; x_wconf 89' lang='lat' dir='ltr'><strong>enim</strong></span> <span class='ocrx_word' id='word_1_441' title='bbox 735 3947 883 4041; x_wconf 75' lang='lat' dir='ltr'><strong>ppblrcani</strong></span> <span class='ocrx_word' id='word_1_442' title='bbox 902 3948 1090 4040; x_wconf 73' lang='lat' dir='ltr'><strong>vectigaium</strong></span> <span class='ocrx_word' id='word_1_443' title='bbox 1113 3949 1330 4030; x_wconf 87' lang='lat' dir='ltr'><strong>redemptores:</strong></span> 
     </span>
    </p>
   </div>
   <div class='ocr_carea' id='block_1_5' title="bbox 203 4021 1386 4162">
    <p class='ocr_par' dir='ltr' id='par_1_5' title="bbox 203 4021 1386 4162">
     <span class='ocr_line' id='line_1_49' title="bbox 203 4021 1386 4162; baseline 0.001 -81"><span class='ocrx_word' id='word_1_444' title='bbox 203 4023 356 4105; x_wconf 79' lang='lat' dir='ltr'><strong>vectigalia</strong></span> <span class='ocrx_word' id='word_1_445' title='bbox 374 4035 471 4084; x_wconf 87' lang='lat' dir='ltr'><strong>autem</strong></span> <span class='ocrx_word' id='word_1_446' title='bbox 490 4025 574 4084; x_wconf 89' lang='lat' dir='ltr'><strong>sicuti</strong></span> <span class='ocrx_word' id='word_1_447' title='bbox 593 4027 739 4162; x_wconf 78' lang='lat' dir='ltr'><strong>principes</strong></span> <span class='ocrx_word' id='word_1_448' title='bbox 759 4047 822 4086; x_wconf 90' lang='lat' dir='ltr'><strong>rure</strong></span> <span class='ocrx_word' id='word_1_449' title='bbox 842 4026 985 4108; x_wconf 75' lang='lat' dir='ltr'><strong>indicunt,</strong></span> <span class='ocrx_word' id='word_1_450' title='bbox 1005 4037 1044 4086; x_wconf 87' lang='lat' dir='ltr'><strong>rta</strong></span> <span class='ocrx_word' id='word_1_451' title='bbox 1058 4024 1201 4160; x_wconf 62' lang='lat' dir='ltr'><strong>exigerea</strong></span> <span class='ocrx_word' id='word_1_452' title='bbox 1217 4021 1329 4106; x_wconf 91' lang='lat' dir='ltr'><strong>populo</strong></span> <span class='ocrx_word' id='word_1_453' title='bbox 1385 4053 1386 4062; x_wconf 22' lang='grc' dir='ltr'><strong>κ</strong></span> 
     </span>
    </p>
   </div>
   <div class='ocr_carea' id='block_1_6' title="bbox 202 4095 1386 4498">
    <p class='ocr_par' dir='ltr' id='par_1_6' title="bbox 203 4095 1330 4186">
     <span class='ocr_line' id='line_1_50' title="bbox 203 4095 1330 4186; baseline 0.002 -31"><span class='ocrx_word' id='word_1_454' title='bbox 203 4095 306 4186; x_wconf 80' lang='lat' dir='ltr'><strong>licet),</strong></span> <span class='ocrx_word' id='word_1_455' title='bbox 330 4101 382 4160; x_wconf 91' lang='lat' dir='ltr'><strong>sed</strong></span> <span class='ocrx_word' id='word_1_456' title='bbox 408 4100 551 4181; x_wconf 90' lang='lat' dir='ltr'><strong>quiahoc</strong></span> <span class='ocrx_word' id='word_1_457' title='bbox 599 4124 669 4163; x_wconf 90' lang='lat' dir='ltr'><strong>enus</strong></span> <span class='ocrx_word' id='word_1_458' title='bbox 711 4103 842 4164; x_wconf 91' lang='lat' dir='ltr'><strong>ominum</strong></span> <span class='ocrx_word' id='word_1_459' title='bbox 862 4123 978 4163; x_wconf 86' lang='lat' dir='ltr'><strong>avarum</strong></span> <span class='ocrx_word' id='word_1_460' title='bbox 1000 4123 1113 4162; x_wconf 44' lang='lat' dir='ltr'><strong>esse‘so</strong></span> <span class='ocrx_word' id='word_1_461' title='bbox 1128 4113 1158 4161; x_wconf 93' lang='lat' dir='ltr'><strong>et</strong></span> <span class='ocrx_word' id='word_1_462' title='bbox 1176 4123 1210 4162; x_wconf 88' lang='lat' dir='ltr'><strong>ac</strong></span> <span class='ocrx_word' id='word_1_463' title='bbox 1234 4119 1330 4179; x_wconf 87' lang='lat' dir='ltr'><strong>rapax,</strong></span> 
     </span>
    </p>

    <p class='ocr_par' dir='ltr' id='par_1_7' title="bbox 202 4123 1386 4498">
     <span class='ocr_line' id='line_1_51' title="bbox 202 4123 1386 4260; baseline 0.006 -29"><span class='ocrx_word' id='word_1_464' title='bbox 202 4193 264 4234; x_wconf 82' lang='lat' dir='ltr'><strong>amo</strong></span> <span class='ocrx_word' id='word_1_465' title='bbox 283 4177 426 4254; x_wconf 87' lang='lat' dir='ltr'><strong>perfidum</strong></span> <span class='ocrx_word' id='word_1_466' title='bbox 448 4189 478 4238; x_wconf 92' lang='lat' dir='ltr'><strong>et</strong></span> <span class='ocrx_word' id='word_1_467' title='bbox 496 4123 629 4240; x_wconf 61' lang='lat' dir='ltr'><strong>crudde:</strong></span> <span class='ocrx_word' id='word_1_468' title='bbox 655 4181 762 4240; x_wconf 88' lang='lat' dir='ltr'><strong>deiude</strong></span> <span class='ocrx_word' id='word_1_469' title='bbox 783 4182 920 4260; x_wconf 87' lang='lat' dir='ltr'><strong>quoniam</strong></span> <span class='ocrx_word' id='word_1_470' title='bbox 939 4180 1016 4258; x_wconf 90' lang='lat' dir='ltr'><strong>apud</strong></span> <span class='ocrx_word' id='word_1_471' title='bbox 1036 4179 1160 4239; x_wconf 87' lang='lat' dir='ltr'><strong>Iudaeos</strong></span> <span class='ocrx_word' id='word_1_472' title='bbox 1179 4175 1331 4237; x_wconf 88' lang='lat' dir='ltr'><strong>haheban-</strong></span> <span class='ocrx_word' id='word_1_473' title='bbox 1385 4189 1386 4238; x_wconf 67' lang='lat' dir='ltr'><strong>i</strong></span> 
     </span>
     <span class='ocr_line' id='line_1_52' title="bbox 202 4251 1386 4338; baseline 0.006 -35"><span class='ocrx_word' id='word_1_474' title='bbox 202 4258 251 4304; x_wconf 89' lang='lat' dir='ltr'><strong>tor</strong></span> <span class='ocrx_word' id='word_1_475' title='bbox 269 4251 394 4312; x_wconf 84' lang='lat' dir='ltr'><strong>iniustae</strong></span> <span class='ocrx_word' id='word_1_476' title='bbox 412 4257 574 4334; x_wconf 84' lang='lat' dir='ltr'><strong>tyrannidis</strong></span> <span class='ocrx_word' id='word_1_477' title='bbox 593 4257 725 4317; x_wconf 87' lang='lat' dir='ltr'><strong>ministri.</strong></span> <span class='ocrx_word' id='word_1_478' title='bbox 752 4255 834 4338; x_wconf 88' lang='lat' dir='ltr'><strong>Ergo</strong></span> <span class='ocrx_word' id='word_1_479' title='bbox 853 4257 876 4316; x_wconf 91' lang='lat' dir='ltr'><strong>si</strong></span> <span class='ocrx_word' id='word_1_480' title='bbox 897 4255 960 4334; x_wconf 79' lang='lat' dir='ltr'><strong>qdis</strong></span> <span class='ocrx_word' id='word_1_481' title='bbox 980 4255 1153 4336; x_wconf 90' lang='lat' dir='ltr'><strong>publicanos</strong></span> <span class='ocrx_word' id='word_1_482' title='bbox 1173 4275 1207 4314; x_wconf 83' lang='lat' dir='ltr'><strong>ex</strong></span> <span class='ocrx_word' id='word_1_483' title='bbox 1219 4251 1331 4314; x_wconf 88' lang='lat' dir='ltr'><strong>Christi</strong></span> <span class='ocrx_word' id='word_1_484' title='bbox 1385 4313 1386 4330; x_wconf 46' lang='lat'><strong>,</strong></span> 
     </span>
     <span class='ocr_line' id='line_1_53' title="bbox 202 4322 1386 4412; baseline 0.008 -35"><span class='ocrx_word' id='word_1_485' title='bbox 202 4322 297 4412; x_wconf 78' lang='lat' dir='ltr'><strong>verhis</strong></span> <span class='ocrx_word' id='word_1_486' title='bbox 318 4328 439 4410; x_wconf 86' lang='lat' dir='ltr'><strong>colligat</strong></span> <span class='ocrx_word' id='word_1_487' title='bbox 458 4333 590 4394; x_wconf 90' lang='lat' dir='ltr'><strong>omnium</strong></span> <span class='ocrx_word' id='word_1_488' title='bbox 609 4334 760 4394; x_wconf 87' lang='lat' dir='ltr'><strong>hominum</strong></span> <span class='ocrx_word' id='word_1_489' title='bbox 781 4351 843 4393; x_wconf 88' lang='lat' dir='ltr'><strong>esse</strong></span> <span class='ocrx_word' id='word_1_490' title='bbox 863 4333 1052 4406; x_wconf 80' lang='lat' dir='ltr'><strong>deterrimos,</strong></span> <span class='ocrx_word' id='word_1_491' title='bbox 1076 4329 1150 4390; x_wconf 89' lang='lat' dir='ltr'><strong>male</strong></span> <span class='ocrx_word' id='word_1_492' title='bbox 1171 4347 1328 4412; x_wconf 87' lang='lat' dir='ltr'><strong>argumen-</strong></span> <span class='ocrx_word' id='word_1_493' title='bbox 1385 4333 1386 4398; x_wconf 77' lang='lat' dir='ltr'><strong>l</strong></span> 
     </span>
     <span class='ocr_line' id='line_1_54' title="bbox 203 4390 1386 4498; baseline 0.026 -46"><span class='ocrx_word' id='word_1_494' title='bbox 203 4390 329 4478; x_wconf 82' lang='lat' dir='ltr'><strong>tabntur,</strong></span> <span class='ocrx_word' id='word_1_495' title='bbox 352 4412 421 4482; x_wconf 85' lang='lat' dir='ltr'><strong>quta</strong></span> <span class='ocrx_word' id='word_1_496' title='bbox 444 4409 576 4492; x_wconf 85' lang='lat' dir='ltr'><strong>loquitur</strong></span> <span class='ocrx_word' id='word_1_497' title='bbox 603 4431 657 4494; x_wconf 91' lang='lat' dir='ltr'><strong>pro</strong></span> <span class='ocrx_word' id='word_1_498' title='bbox 682 4421 804 4491; x_wconf 89' lang='lat' dir='ltr'><strong>recepto</strong></span> <span class='ocrx_word' id='word_1_499' title='bbox 826 4407 904 4492; x_wconf 82' lang='lat' dir='ltr'><strong>vulgi</strong></span> <span class='ocrx_word' id='word_1_500' title='bbox 922 4415 1020 4498; x_wconf 77' lang='lat' dir='ltr'><strong>mor‘e:</strong></span> <span class='ocrx_word' id='word_1_501' title='bbox 1045 4409 1102 4470; x_wconf 87' lang='lat' dir='ltr'><strong>acsi</strong></span> <span class='ocrx_word' id='word_1_502' title='bbox 1122 4407 1246 4482; x_wconf 89' lang='lat' dir='ltr'><strong>diceret,</strong></span> <span class='ocrx_word' id='word_1_503' title='bbox 1274 4405 1328 4482; x_wconf 87' lang='lat' dir='ltr'><strong>qui</strong></span> <span class='ocrx_word' id='word_1_504' title='bbox 1385 4401 1386 4492; x_wconf 81' lang='lat' dir='ltr'><strong>l</strong></span> 
     </span>
    </p>
   </div>
   <div class='ocr_carea' id='block_1_7' title="bbox 0 0 1408 4748">
    <p class='ocr_par' dir='ltr' id='par_1_8' title="bbox 0 0 1408 4748">
     <span class='ocr_line' id='line_1_55' title="bbox 0 0 1408 4748; baseline 0 5"><span class='ocrx_word' id='word_1_505' title='bbox 0 0 1408 4748; x_wconf 95' lang='lat' dir='ltr'><strong> </strong></span> 
     </span>
    </p>
   </div>
  </div>
 </body>
</html>
