2808 4748
483 315 613 380 osane
633 329 668 378 nt
688 305 833 380 usouru¹
1150 325 1207 390 147

79 461 197 554 aucun
215 441 250 554 ³³¹.
266 444 393 554 semul,
413 459 494 539 quoa
518 460 562 521 un
580 481 597 522 a
615 460 719 552 serien
730 461 837 554 ,tuque
856 461 1005 554 setectum
1024 465 1113 528 fresa
1132 465 1205 528 are.

72 537 431 676 *retunsus
450 537 1206 692 ‘aas”rutileassumuntur:

78 637 235 782 {helmum
255 635 497 781 preliatum-trinis
517 690 689 754 cultoribus.
728 692 904 751 Tenendum
917 703 961 782 est
976 640 1114 757 tolmone
1126 693 1207 777 quotl

79 767 154 828 alchi
173 769 306 842 diximus,
331 769 503 828 Pharisaeos
521 768 642 852 adiungi
660 767 763 829 scribis
783 769 818 844 ad
843 767 1113 860 amplificationem,
1139 771 1207 853 quia

79 857 166 904 secta
189 845 236 905 illa
260 844 470 906 sanctimoniae
498 845 698 926 lamam-prae
724 845 787 906 aliis
806 845 1063 924 sihi„acqureierat.
1101 849 1207 922 Quen.
1293 908 1296 916 ι
1374 868 1379 879 ·

81 943 171 1055 quim
187 921 345 1014 'falluntnn
377 921 427 1002 qui
452 921 627 1014 adivisione
653 934 757 1016 putant
782 922 822 984 sic
842 921 1061 1015 luissedictos,
1091 927 1209 1018 quasia

78 999 1210 1158 {littttdltsssstftdt,tt‘ttttttlfltiltltllt'dhl‘tlt
1236 1063 1251 1119 c

78 1157 167 1218 litera
187 1159 297 1219 elavem
317 1177 348 1218 se
368 1159 475 1218 hahere
496 1158 712 1238 profitebantur
731 1153 766 1218 ad
779 1159 940 1220 eliciendos
960 1179 1081 1220 arcanos
1101 1179 1210 1221 seems.

81 1235 171 1294 Unde
189 1245 256 1296 nata
272 1246 316 1294 est
335 1235 474 1296 immensa
486 1255 589 1296 eorum
604 1236 731 1318 farrago,
752 1257 840 1327 quum
854 1237 890 1297 ad
902 1256 933 1296 se
944 1235 1142 1316 magisterium
1151 1247 1211 1297 tra·

80 1311 187 1372 heutes
206 1312 297 1392 impia
316 1309 445 1402 libidine
458 1312 580 1391 parique
593 1311 750 1394 supercilio
770 1315 910 1395 figmenta
928 1333 979 1398 sua
998 1314 1029 1373 in
1042 1311 1212 1395 Scripturas

80 1387 183 1452 locunt
203 1387 366 1448 obtrudere
385 1407 446 1447 ausi
466 1387 586 1447 luerint.
799 1412 802 1420 ·

160 1471 208 1529 21.
246 1461 389 1523 Audistis·
405 1462 485 1542 qued
501 1461 607 1524 diorum
629 1467 675 1524 sir.
724 1464 874 1526 Cohaeret
902 1463 977 1526 haec
1007 1465 1153 1526 sententia
1183 1476 1215 1526 et

79 1541 156 1602 aliae
176 1551 336 1632 sequentes
352 1561 418 1601 uum
438 1541 571 1620 proximo
592 1541 687 1604 dicto:
711 1541 802 1602 lucius
821 1542 900 1600 euim
918 1561 973 1622 per
992 1543 1103 1622 speeies
1124 1560 1214 1622 expo·
1259 1555 1262 1568 '
1312 1571 1320 1584 ι
1344 1511 1356 1522 .

81 1620 131 1677 nit
151 1616 296 1689 Christus,
335 1639 400 1678 uam
418 1630 554 1698 tortuose
573 1617 685 1701 Legem
705 1618 866 1696 depravent
884 1617 1040 1694 Pharisaei,
1059 1630 1092 1680 nt
1111 1638 1214 1680 rerunt

81 1691 197 1753 iustitia
218 1689 289 1751 nihil
306 1637 385 1759 :iliud
428 1716 493 1756 uam
518 1695 611 1755 scoria
638 1696 683 1755 sit
729 1695 811 1757 Dece
834 1694 856 1754 ti
881 1705 979 1754 autem
1003 1694 1138 1771 luerunt,
1206 1696 1214 1712 '

83 1781 229 1866 putarunt
249 1769 323 1830 hanc
343 1715 504 1862 esselregis
525 1768 734 1844 ἐπανόρθωσιν,
754 1793 787 1832 ac
827 1770 950 1831 hristum
969 1793 1037 1832 snos
1057 1716 1215 1851 discipulos

83 1869 115 1909 ιιι
144 1845 278 1907 altiorem
304 1847 496 1927 perfectionis
521 1849 643 1930 gradum
670 1849 828 1924 extollere,
878 1868 944 1908 uam
969 1849 1102 1930 potuerit
1118 1849 1218 1911 Moses
1278 1855 1281 1860 ’

21 1999 25 2010 1
83 1945 213 1986 crassum
233 1923 435 2005 carnalemque
455 1928 607 2018 populum,
629 1927 679 2006 qni
691 1928 735 1986 vix
755 1869 899 1987 disceniis
911 1924 1070 2000 elementis
1089 1925 1216 1987 idoneus
1253 1975 1256 1980 a

84 2012 160 2062 erat.
210 2000 255 2060 Ita
275 2001 396 2062 invaluit
421 2004 541 2083 opinio,
573 2003 704 2064 Iustitiae
723 2004 839 2064 initium
863 2002 1003 2062 traditum
1029 2002 1101 2062 olim
1126 2002 1217 2064 tuisse

83 2081 116 2140 in
129 2079 221 2159 Lege,
240 2078 456 2158 perfectionem
475 2101 547 2139 vero
566 2079 596 2137 in
610 2080 770 2161 Evangelio
792 2079 907 2139 doceri:
929 2077 1008 2158 atqui
1028 2078 1105 2137 nihil
1121 2079 1217 2140 minus

83 2155 272 2292 propositum
294 2155 427 2216 Christus
452 2154 569 2228 hahuit,
594 2176 682 2233 quam
707 2155 816 2234 aliquid
842 2167 955 2214 mutare
981 2153 1028 2214 vel
1053 2173 1164 2216 novare
1186 2156 1218 2215 in

114 2233 177 2314 egis
209 2231 381 2310 praeceptis.
431 2230 495 2289 lllic
527 2233 604 2289 enim
624 2232 706 2290 Deus
730 2232 821 2290 semel
846 2232 906 2294 lixit
930 2229 1047 2290 vivendi
1073 2251 1220 2306 normam,
1301 2239 1307 2250 ‘

86 2311 170 2370 cuius
190 2322 340 2386 nunquam
363 2327 431 2366 curn
455 2306 633 2386 poenitebit.
680 2306 739 2366 Sed
760 2327 849 2386 quum
868 2307 928 2364 Lex
947 2305 1117 2366 adulterinis
1137 2329 1219 2369 com·

85 2384 197 2446 mentis
217 2394 355 2462 corrupta
375 2383 465 2452 locet,
484 2403 517 2442 ac
537 2385 567 2442 in
587 2383 742 2461 profanum
762 2403 879 2442 sensum
900 2381 1028 2456 detorta,
1048 2381 1183 2443 Christus
1202 2404 1219 2444 a

7 2459 8 2462 ’
83 2460 195 2521 talibus
216 2449 288 2517 eamx
300 2459 475 2537 corruptelis
487 2459 623 2530 vindicat,
644 2471 672 2518 at
695 2479 732 2517 ue
741 2457 871 2518 ostendit
910 2455 1050 2516 enuinurn
1070 2457 1133 2516 eius
1149 2463 1220 2517 sen·-

87 2557 177 2610 sum,
197 2554 214 2594 a
234 2554 293 2614 quo
315 2535 495 2593 desciuerant
514 2529 625 2593 Iudaei.
667 2481 758 2609 guod
778 2544 875 2608 autem
923 2531 983 2613 egis
1003 2531 1138 2592 doctrina
1158 2553 1221 2594 non

87 2613 214 2674 inchoet
232 2610 340 2682 modo,
363 2610 415 2669 sed
435 2611 566 2671 absolvat
585 2622 694 2675 rectam
713 2611 817 2685 vitam,
843 2607 889 2668 vel
910 2629 944 2669 ex
965 2627 1027 2667 uno
1047 2605 1105 2668 hoc
1125 2608 1221 2689 capite

87 2689 251 2770 colligitur,
271 2686 350 2766 qnod
371 2687 493 2766 requirit
512 2687 674 2768 perlectum
687 2688 745 2747 Dei
765 2707 798 2748 ac
820 2687 942 2767 proximi
954 2705 1091 2745 amoremt
1123 2685 1221 2748 Porio

89 2767 141 2848 qui
161 2765 213 2825 tali
231 2783 332 2824 amore
351 2764 500 2844 praeditus
521 2776 574 2840 est,
594 2765 667 2824 nihil
687 2764 729 2824 illi
742 2765 824 2824 deest
844 2763 878 2822 ad
898 2783 1039 2824 summam
1058 2762 1221 2842 perfectio-

88 2865 169 2903 nem.
208 2841 289 2922 Ergo
309 2841 370 2900 Lex
389 2841 486 2922 quoad
506 2839 583 2900 hene
600 2843 716 2902 vivendi
734 2851 896 2935 praccepta
911 2839 946 2900 ad
966 2850 1073 2898 metam
1093 2839 1222 2900 iustitiae

89 2920 227 2980 homines
247 2917 373 2984 adducit.
422 2919 496 2978 Ideo
517 2917 624 2979 Paulus
648 2940 710 2979 non
734 2940 766 2978 ιιι
787 2936 819 2978 se
842 2938 904 2997 ipsa
928 2915 1090 2990 infirmam,
1119 2915 1223 2976 sedin

40 3005 42 3012 '
91 3017 183 3057 carne
207 3007 308 3055 nostra
342 2994 422 3054 lacit.
468 2995 586 3070 Quodsi
614 2995 783 3056 tirocinium
811 2993 950 3054 duntaxat
977 2993 1109 3052 traderet
1137 3011 1224 3052 verae

91 3074 236 3148 iustitiae,
268 3070 371 3131 frivola
398 3083 475 3132 esset
498 3071 546 3132 illa
572 3073 663 3132 Musis
689 3070 882 3145 contestatio,
913 3068 1091 3132 Coelumet
1112 3080 1223 3136 terram

91 3161 205 3222 testor,
235 3148 316 3228 quod
346 3148 402 3208 tihi
423 3148 602 3210 ostenderim
627 3148 717 3209 hodie
736 3149 811 3209 viam
836 3146 914 3208 vitae
939 3156 970 3205 et
994 3145 1097 3206 mortis
1122 3145 1224 3221 (Dent
1330 3172 1335 3182 “

92 3231 235 3301 3θ,19.).
274 3223 351 3283 Item
371 3225 474 3304 (Dent.
495 3226 644 3302 1θ,’12.),
664 3225 708 3284 Et
721 3245 802 3286 nunc
821 3223 929 3299 lsrael,
955 3222 1025 3301 quid
1046 3211 1096 3282 ahi
1116 3233 1147 3284 te
1166 3241 1223 3318 po,-

93 3303 184 3362 stulat
203 3302 284 3360 Dens
304 3311 381 3375 tuus,
399 3299 456 3360 nisi
474 3311 508 3360 nt
526 3302 582 3361 sihi
601 3301 717 3382 penitus
731 3299 906 3361 adhaereas?
943 3296 1043 3358 lhanis
1061 3299 1149 3359 etiam
1170 3310 1225 3360 rste

18 3383 19 3386 ’
95 3391 172 3438 esset
196 3377 352 3459 promissio
378 3389 408 3438 et
433 3376 630 3449 frustratoria,
649 3377 723 3452 'Qui
748 3377 852 3438 lecerit
877 3375 964 3450 haec,
995 3375 1072 3436 vivet
1097 3375 1128 3435 in
1155 3375 1225 3456 ipsis

95 3455 205 3532 (Levit
225 3460 282 3544 ld,
303 3459 353 3529 5.).
393 3453 484 3527 Quod
514 3465 609 3514 autem
635 3453 706 3513 nihil
740 3455 769 3514 in
800 3453 861 3516 eius
891 3452 1053 3532 praeceptis
1073 3452 1225 3534 corrigere

96 3530 227 3590 voluerit
248 3530 397 3603 Christus,
422 3549 456 3588 ex
476 3529 539 3590 aliis
559 3530 630 3591 locis
654 3542 755 3612 aperte
779 3531 798 3589 li
820 3541 885 3590 uct:
912 3551 978 3590 nam
999 3528 1049 3608 qui
1068 3528 1173 3590 volunt
1191 3525 1227 3585 ad

96 3607 187 3667 vitam
206 3607 321 3688 ingredi
341 3613 401 3686 per'
413 3605 523 3667 honao
547 3628 607 3681 era,
627 3627 677 3668 cos
698 3606 771 3684 nihil
790 3551 868 3667 alind
888 3628 974 3685 qnam
985 3605 1072 3689 ltegis
1092 3601 1228 3663 mandata

97 3703 214 3744 servare
232 3683 324 3744 iubet.
362 3683 425 3742 Nec
445 3629 561 3743 aliunie
581 3697 638 3745 tam
659 3684 826 3766 ipse‘quam'
846 3683 983 3764 Apostoli
1023 3683 1049 3739 ie
1068 3688 1229 3769 sancteque

98 3759 215 3820 vivendi
245 3771 402 3842 praecepta
429 3759 593 3840 deducunt,
621 3773 652 3822 et
675 3781 744 3822 sane
763 3773 894 3820 atrocem
914 3760 981 3823 Deo
1002 3705 1088 3892 legis
1114 3765 1231 3844 auotorp

100 3834 212 3896 iaciunt
230 3836 382 3910 iniuriam,
402 3837 453 3915 qui
472 3848 587 3896 tantum
608 3837 727 3912 oculos,
745 3857 848 3896 manns
868 3847 898 3895 et
918 3835 1007 3917 pedes
1025 3831 1069 3892 ili
1089 3849 1231 3912 componi

101 3909 140 3970 lin
185 3926 217 3972 nt
236 3913 271 3973 ad
292 3913 419 3974 sucosam
434 3915 613 3974 honorumo
638 3933 719 3974 erum
739 3913 878 3994 speciem,
898 3913 929 3971 in
947 3911 1122 3972 soluentem
1131 3907 1230 3971 Evan-

102 3989 148 4078 gel
161 4011 179 4050 o
192 3989 304 4065 doceri,
324 3991 478 4050 amandum
498 4010 531 4049 ex
552 3935 641 4050 cordi
661 4010 723 4051 esse
734 3991 840 4050 Deum.
880 3990 1015 4048 Facessat
1033 3985 1123 4068 igitur
1142 4001 1228 4042 error

103 4063 168 4141 alle,
198 4067 288 4148 Legis
308 4067 438 4127 delectus
458 4066 506 4127 hic
526 4088 541 4128 a
562 4068 682 4128 Christo
703 4067 827 4148 corrigi:
844 4085 953 4144 -neque
978 4063 1055 4122 enim
1075 4056 1231 4150 lingendus

25 4147 26 4198 ζ
104 4153 148 4198 est
164 4142 297 4204 Christus
317 4165 409 4204 novus
428 4143 604 4224 Legislator,
626 4143 675 4224 qui
695 4143 732 4204 ad
751 4156 901 4204 aeternam
912 4140 1008 4200 Patris
1027 4137 1072 4199 sui
1090 4136 1230 4198 iustrt'nm

105 4212 211 4295 aliquid
231 4219 334 4293 addat,
353 4221 404 4280 sed
424 4233 560 4300 tanquam
581 4221 655 4280 fidus
676 4220 820 4300 interpres
839 4215 1002 4278 audiendus
1022 4228 1081 4291 est,
1104 4225 1139 4274 ut
1156 4211 1232 4274 seia·

105 4308 167 4351 mus
193 4295 283 4430 qualis
308 4297 345 4356 sit
362 4297 433 4372 Lex,
463 4317 602 4436 quorsum
621 4296 740 4372 tendat,
763 4307 794 4356 et
813 4311 967 4376 quousque
989 4301 1099 4384 pateat.
1144 4291 1232 4351 Nunc

27 4393 28 4396 ,
70 4433 72 4438 Ι
106 4363 260 4433 videnum
283 4383 388 4448 restat,
413 4372 463 4454 qui
503 4375 621 4466 damnet
641 4373 776 4436 Christus
799 4373 830 4431 in
849 4369 1027 4446 Pharisaeu,
1049 4366 1170 4448 etquid
1194 4364 1263 4466 ab·

859 4442 1118 4536 tufi.
