2824 4756
489 292 654 380 'tts-ao.
673 295 777 378 uaga.)
979 342 989 350 ..
1166 305 1209 368 no

59 437 166 525 vquum
192 443 250 504 illis
273 441 457 522 propositum
482 439 586 516 suerit,
610 440 735 502 inientes
761 453 791 501 et
815 428 931 516 ltlirde
958 446 1089 506 novicios
1119 441 1200 504 lactis

98 535 153 602 otu,
168 521 260 593 alere,
280 519 330 598 qui
349 517 473 578 solidum
494 517 591 578 cibum
611 517 744 577 nondum
764 536 868 597 capere
887 532 1032 596 poterant,
1052 521 1131 581 nulla
1150 541 1200 581 re-

76 546 149 678 ligio
175 596 316 676 impedit,
340 595 494 675 quominus
519 595 678 678 diligenter
703 605 733 654 et
756 605 854 654 exacte
877 595 1024 673 inquirant
1043 598 1109 656 Filii
1131 597 1199 671 Dei,

14 735 15 742 ,
77 665 148 756 quid
169 673 319 733 contineat
331 671 490 749 Scriptura,
509 682 596 752 atque
616 671 655 730 ita
676 683 787 752 gustus,
799 689 886 749 quem
900 673 1039 761 praebent
1052 674 1200 754 Apostoli,

77 774 130 812 eos
150 750 187 809 ad
206 747 319 810 fontem
339 735 470 808 deducat.
507 749 594 808 Nunc
615 748 766 810 redeamus
777 748 812 806 ad
825 747 990 806 vaticinium
1003 749 1115 808 Michae
1126 757 1153 823 5,
1166 759 1199 815 1:

77 829 119 888 sic
140 826 175 886 ad
195 824 314 885 verhum
334 823 442 905 legitur
461 825 537 904 apud
558 824 747 904 Prophetaru,
766 825 806 884 Et
824 835 857 882 tu
876 822 1047 882 Bethlehem
1063 826 1201 904 Ephrata,

13 919 14 926 ’
77 902 198 984 parvula
217 914 250 962 ut
266 902 304 962 sis
323 901 353 959 io
372 899 501 960 millibus
521 901 608 974 Iuda,
628 923 661 960 ex
680 913 710 960 te
730 901 801 960 mihi
822 921 838 961 e
861 899 1002 972 redietur,
1022 901 1071 979 qui
1090 903 1126 961 sit
1146 904 1200 962 do·
1293 915 1306 944 ·'

77 980 207 1040 minator
224 976 372 1038 intlsraet.
412 977 472 1036 Pro
483 977 610 1056 Ephrata
620 976 783 1038 Matthaeus
803 920 875 1038 Iuda
896 975 1007 1057 posuit,
1025 977 1075 1036 sed
1095 977 1200 1042 eodem

78 1077 174 1130 sensu.
206 1054 326 1122 ›Micha
357 1052 434 1113 euim
472 1052 661 1130 Bethlehem,
688 1055 725 1114 de
753 1076 808 1134 qua
833 1054 984 1134 loquitur,
1007 1065 1122 1113 tautum
1146 1055 1200 1114 hac

78 1145 149 1192 uota
168 1128 333 1208 discernere
353 1131 447 1189 voluit
466 1129 502 1188 ah
523 1130 628 1204 altera,
653 1151 726 1210 quae
752 1143 814 1191 erat
833 1132 863 1190 in
882 1129 963 1190 trihu
984 1129 1127 1190 Sehuloo.
1164 1129 1201 1190 In

78 1209 192 1288 reliquo
219 1218 358 1268 contextu
376 1206 442 1286 plus
467 1217 511 1267 est
531 1206 714 1282 difficultatis.
751 1208 835 1268 Dicit
854 1208 932 1266 enim
955 1205 1117 1286 Propheta,
1142 1209 1201 1264 exi-

78 1307 162 1366 guam
195 1305 258 1345 esse
281 1281 472 1356 Bethlehem,
505 1303 579 1362 quae
604 1285 860 1345 censeatur-inter
887 1283 1084 1364 praefecturas
1114 1282 1202 1344 Iuda:

78 1357 242 1436 Matthaeus
262 1371 365 1420 contra
385 1358 557 1440 dignitatem
578 1360 639 1420 eius
658 1361 780 1436 extollit,
799 1373 832 1420 ut
850 1382 907 1422 nna
926 1359 964 1420 sit
983 1379 1017 1418 ex
1029 1359 1202 1441 praecipuis.

79 1442 158 1500 Hace
185 1437 260 1498 ratio
287 1435 379 1496 movit
423 1435 542 1494 uosdam
565 1437 757 1516 interpretes,
776 1449 815 1496 ut
836 1437 1048 1518 interrogative
1068 1436 1204 1517 legerent

78 1513 246 1596 Prophetae
267 1511 373 1572 locum.
402 1457 530 1572 qBestius
555 1525 652 1590 mmcd
677 1512 743 1587 alii,
766 1514 816 1594 qui
834 1513 1014 1574 Matthaeum
1039 1514 1203 1574 existimant

77 1593 135 1651 Dei
160 1591 286 1672 gratiam
309 1588 434 1648 voluisse
458 1587 489 1648 in
514 1589 567 1650 hac
591 1591 753 1650 mutatione
773 1589 938 1664 celebrare,
962 1591 1041 1670 quod
1061 1601 1151 1650 tenue
1172 1600 1203 1650 et

77 1664 238 1730 obscurum
268 1664 575 1756 oppidulumlactum
608 1666 704 1728 fuerat
732 1666 832 1731 natalis
861 1666 943 1728 locus
970 1669 1074 1726 summi
1102 1667 1202 1746 Regis.

79 1745 239 1806 Caeterum
264 1755 317 1804 etsr
343 1741 398 1801 hoc
418 1741 531 1803 honore
552 1742 688 1804 excelluit
705 1743 894 1818 Bethlehem,
917 1743 991 1804 adeo
1011 1755 1108 1804 tamen
1129 1744 1203 1805 nihil

78 1821 193 1912 proluit
220 1819 279 1878 eius
301 1817 422 1891 incolis,
445 1830 478 1878 ul
502 1821 625 1880 cesserit
644 1822 742 1901 potius
766 1821 797 1880 iu
823 1821 938 1903 gravius
964 1821 1096 1896 exitium,
1121 1821 1203 1900 quod

79 1897 136 1958 allic
162 1895 229 1978 plus
254 1915 339 1976 quarn
364 1895 483 1978 indigue
509 1909 644 1979 exceptus
669 1898 726 1959 suit
749 1897 939 1978 Redemptor.
977 1897 1038 1959 Pro
1058 1898 1203 1960 Domina·-

79 1986 144 2035 tore
171 1973 258 2034 etiam
283 1971 434 2034 Pastorem
461 1973 623 2036 Matthaeus
652 1975 789 2040 reddidit.
839 1974 1016 2055 Quanquam
1046 1987 1203 2056 utrumque
1257 2029 1260 2033 .

79 2052 236 2131 expressit,
257 2069 362 2141 nempe
384 2049 533 2118 Christum
557 2073 620 2116 esse
639 2051 743 2136 populi
762 2052 880 2130 ducem,
906 2065 937 2114 et
955 2051 999 2116 illi
1018 2055 1203 2114 commissum

80 2147 141 2188 esse
160 2125 299 2210 pascenda
318 2147 431 2189 munus.
464 2159 465 2166 1

13 2351 15 2396 ἕ
120 2357 204 2439 (20.)
246 2358 417 2449 ΜΑΤᾞΗ.
438 2361 475 2426 ll.
519 2363 547 2428 7.
571 2362 656 2456 Turq
675 2361 835 2446 Herodes,
857 2359 941 2426 olam
960 2361 1120 2424 accersitis
1136 2359 1207 2424 Ma·
1276 2435 1278 2440 ¹

83 2462 139 2543 gis,
151 2467 268 2536 ,exacte
286 2451 475 2550 perquisivit
494 2461 535 2525 ah
552 2461 625 2541 illis,
641 2484 707 2549 quo
723 2473 869 2547 tempore
886 2462 1088 2550 apparuisset
1107 2458 1208 2524 stella.
1251 2503 1254 2516 ,

80 2562 112 2625 6.
143 2559 187 2622 Et
208 2559 381 2623 iussus‘ire
408 2561 442 2624 iu
468 2560 677 2651 Bethlehem,
706 2561 798 2638 dixit,
823 2560 966 2636 Profecti
991 2561 1143 2646 inquirite
1166 2559 1208 2626 de

76 2657 239 2744 puerulo:
265 2657 322 2724 ubi
349 2671 453 2740 autem
474 2663 676 2742 inveneritis,
702 2663 884 2749 genuntiate
910 2660 1003 2740 mihi,
1029 2670 1064 2726 ut
1090 2670 1122 2725 et
1147 2681 1209 2744 ego

82 2763 212 2824 veniam
235 2769 268 2823 et
289 2761 421 2826 adorem
442 2784 524 2828 eum.
567 2765 595 2828 9.
617 2767 658 2828 nt
671 2763 720 2828 illi
735 2763 847 2830 audito
868 2785 944 2850 rege
965 2762 1102 2849 proiecti
1121 2751 1208 2826 arant:

85 2871 116 2926 et
145 2882 223 2925 ecce
251 2860 358 2940 stella,
380 2885 472 2950 quam
493 2863 642 2930 viderant
662 2868 696 2932 in
720 2863 865 2945 Oriente,
886 2861 1106 2952 praecedebat
1125 2861 1210 2940 illos,

86 2961 191 3034 donec.
212 2985 381 3050 progressa
403 2974 501 3030 staret
524 2986 621 3050 supra
643 2964 760 3042 locum,
781 2968 815 3030 iu
836 2985 902 3051 quo
931 2975 1001 3031 erat
1026 2985 1118 3048 puer.
1129 3005 1136 3042 .ι
1160 2961 1211 3029 10.
1248 3027 1249 3031 ,

36 3128 39 3135 ,
89 3060 197 3148 Quum
227 3075 331 3129 autem
358 3066 514 3131 vidissent
541 3066 680 3146 stellam,
713 3055 812 3152 gavisi
839 3077 913 3131 sunt
945 3065 1063 3152 gaudio
1095 3056 1210 3148 magno

87 3163 190 3230 valde.
239 3164 289 3230 11.
326 3165 369 3229 Et
394 3145 529 3253 ingressi
557 3165 686 3232 domum
718 3171 913 3233 invenerunt
939 3164 1110 3252 pucrulum
1140 3186 1212 3229 cum

87 3262 189 3329 Maria
213 3275 313 3329 matre
337 3267 419 3344 eius,
446 3278 481 3354 et
500 3271 650 3354 prostrati
672 3267 888 3350 adoraverunt
907 3266 1013 3332 illum:
1041 3277 1073 3330 et
1094 3268 1213 3352 apertis

13 3409 15 3440 ;
88 3361 245 3432 thesauris
278 3368 343 3430 suis
374 3364 563 3432 obtulerunt
604 3365 653 3432 illi
692 3390 842 3447 munera,
876 3389 1017 3446 aurum,
1049 3369 1137 3446 thus,
1179 3375 1212 3432 et

90 3461 257 3551 myrrham.
301 3467 350 3532 12.
374 3467 416 3556 Et
439 3467 571 3533 oraculo
594 3468 748 3534 admoniti
769 3492 828 3556 per
849 3473 1083 3550 somniumne
1104 3491 1214 3535 rever·

90 3577 233 3633 tenentur
255 3542 298 3632 ati
315 3567 490 3648 Herodem,
512 3589 572 3656 per
593 3567 686 3636 uliam
707 3573 791 3636 viam
813 3565 938 3640 reversi
957 3583 1032 3638 sunt
1053 3573 1088 3636 iu
1108 3571 1213 3654 regio·
1276 3599 1279 3608 =

30 3696 39 3726 t
82 3687 161 3734 uem
183 3690 315 3736 suam..
946 3696 949 3700 ·
1184 3693 1200 3706 ’·

165 3833 192 3891 7.
230 3824 366 3888 Herodes
388 3825 464 3887 elam
481 3829 626 3887 mensas
648 3827 763 3904 Magis.
802 3830 965 3890 Melum-et
984 3825 1211 3891 sollicitudinem

13 3891 20 3926 ¹
80 3901 224 3978 =profiteri
248 3925 332 3964 ausus
358 3925 420 3964 non
445 3905 501 3963 tuit
525 3917 682 3984 tyrannus,
708 3926 745 3964 uc
769 3906 912 3986 populum
937 3915 1062 3966 armaret
1085 3901 1214 3976 andacia,

96 3978 139 4036 cui
161 3999 191 4037 se
215 3978 337 4042 invisum
363 4000 424 4040 esse
448 3993 579 4041 noverat.
617 3980 717 4041 Palam
742 4001 814 4063 ergo
840 3983 999 4044 dissimulat
1024 3980 1081 4040 hoc
1114 3979 1149 4038 ad
1168 3997 1214 4038 'se

95 4056 255 4131 pertinere,
279 4057 330 4117 sed
355 4057 516 4117 clanculum
537 4058 682 4136 inquirit‚‘
703 4069 735 4118 ut
765 4072 902 4120 occurrat
928 4055 1047 4121 instanti
1073 4053 1214 4136 periculo.
1322 4076 1323 4080 ¹

13 4139 16 4230 p
86 4129 251 4198 'Caeterum
271 4138 399 4213 quamvis
425 4153 491 4194 eum
517 4135 591 4194 mala
617 4134 795 4196 conscientia
819 4137 952 4196 timidum
975 4133 1128 4207 redderet,
1153 4151 1215 4192 non

14 4233 15 4262 r
98 4203 212 4277 duhium
238 4221 333 4271 tameo
360 4223 418 4286 est,
443 4212 512 4291 quin
537 4211 619 4272 Deus
642 4222 771 4272 urentem
798 4213 861 4273 eius
887 4211 1046 4290 perculerit
1076 4209 1214 4276 inusitato

98 4293 190 4358 metu,
214 4297 246 4344 ut
265 4287 388 4350 consilio
409 4288 563 4348 destitutus
581 4291 739 4369 menteque
763 4289 905 4348 alienatus
924 4288 958 4347 ad
978 4299 1094 4368 tempus
1112 4297 1216 4369 torpe-

45 4361 49 4372 '
99 4368 151 4447 fet.
187 4362 267 4422 Nihil
281 4365 363 4424 euim
381 4363 492 4425 facilius
512 4377 590 4442 erat,
614 4387 699 4446 quam
720 4365 813 4426 cilicii
832 4375 982 4444 praetextu
1001 4377 1091 4425 uuum
1112 4384 1145 4423 ex
1164 4383 1217 4422 an-
1245 4381 1261 4448 '¹

101 4451 153 4494 tera
172 4439 307 4500 comitem
327 4439 507 4520 suhornare,
526 4442 576 4524 qui
594 4453 658 4506 tota
676 4462 709 4504 re
728 4441 859 4520 inspecta
877 4461 945 4504 mox
965 4442 1082 4504 rediret.
1117 4440 1219 4503 Polle-
