2808 4748
108 203 166 268 156
564 193 715 260 SECTIO
735 195 791 257 vl.
860 292 862 301 ,

105 344 218 406 talione
236 341 347 426 agitur:
371 341 432 402 eius
450 339 598 403 licemiam
618 353 651 402 ut
669 341 804 404 Christus
829 341 888 402 suis
908 330 1053 420 discipulis
1071 338 1238 422 praecidat,

105 421 214 482 malum
232 440 289 500 pro
307 417 384 479 malo
395 428 474 480 vetat
487 419 664 499 rependere:
685 417 790 479 deiude
805 415 921 500 longius
934 417 1062 476 extendit
1073 417 1238 497 patientiae

105 498 219 579 legem,
238 507 273 556 ut
291 513 354 556 non
372 503 485 555 tantum
505 494 631 557 ieramus
650 496 730 555 taciti
749 505 881 575 acceptas
899 493 1034 568 iniurias,
1058 494 1110 554 se'd
1129 494 1236 574 potius

105 574 190 634 novis
208 570 368 634 tolerandis
387 591 442 632 nos
462 591 604 652 paremus.
643 572 709 632 Huc
728 572 759 630 iu
779 590 890 632 summa
913 581 1025 650 spectat
1043 580 1107 630 tota
1127 571 1237 631 admo-

105 650 198 724 nitio,
222 661 256 708 ut
278 646 410 708 oblivisci
434 648 546 708 discant
569 646 668 708 fideles
689 647 827 727 quicquid
851 645 996 707 malorum
1021 646 1092 726 ipsis
1115 645 1234 706 illatum

106 726 208 802 suerit,
228 743 266 784 ne
285 724 355 785 laesi
373 724 403 783 iu
425 725 524 785 odium
543 725 589 785 vel
608 723 841 784 malevolentiam
859 733 1064 804 prorumpant,
1085 723 1233 784 nutricis-

106 803 162 864 sim
181 819 291 862 nocere
311 799 445 880 cupiant,
474 800 526 861 sed
550 800 705 880 compositi
728 801 788 860 sint
806 799 842 860 ad
866 801 1009 860 maiorem
1034 798 1233 874 tolerantiam,

104 879 132 939 si
151 888 262 938 crescat
281 885 314 938 a'c
333 897 379 936 rna
403 877 425 938 is
444 876 574 936 irritetur
591 876 735 936 malorum
754 876 925 957 improbitas
947 875 1097 938 etlibidn.
1139 875 1230 960 Quis·

105 957 170 1034 prsis
187 956 335 1030 inpegerit
399 975 480 1029 pann.
517 949 631 1012 Insulse
650 951 778 1013 Iulianus
799 963 830 1013 et
847 951 954 1014 similes
973 952 1140 1014 calumniati
1158 963 1231 1012 sunt

106 1032 272 1092 doctrinam
292 1029 416 1105 Christi,
434 1028 516 1108 quasi
535 1029 615 1110 leges
635 1040 666 1089 et
684 1029 792 1090 iudicia
811 1028 941 1090 funditus
960 1038 1114 1090 everteret
1151 1028 1232 1088 Nam

103 1110 189 1169 sicuti
208 1107 387 1189 Augustinus
404 1106 476 1172 scite
497 1116 527 1164 et
544 1104 706 1185 prudenter
725 1105 848 1186 epistola
867 1111 896 1172 5.
915 1105 1044 1180 disserit,
1068 1126 1130 1166 non
1150 1104 1230 1165 aliud

103 1184 161 1244 suit
181 1183 291 1245 Christi
309 1180 477 1255 consilium,
503 1193 590 1262 quam
610 1181 739 1242 fidelium
758 1183 870 1242 animos
889 1181 926 1242 ad
944 1182 1177 1243 moderationem
1199 1192 1231 1242 et

102 1261 279 1340 aequitatem
298 1260 437 1336 formare,
457 1277 496 1317 ne
514 1255 604 1317 semel
629 1270 679 1318 ant
697 1255 741 1318 bis
762 1258 868 1319 offensi
887 1257 1080 1319 deficiantvel
1099 1257 1229 1340 fatigen-

103 1349 161 1396 tur.
199 1337 239 1396 Et
256 1355 357 1398 verum
376 1345 421 1395 est
461 1333 520 1395 uod
540 1334 613 1394 dicit
629 1334 677 1394 An
719 1335 826 1410 stinus,
849 1335 920 1398 Non
938 1336 1011 1418 poni
1037 1335 1133 1418 legem
1152 1353 1228 1414 ope·

101 1413 185 1474 ribus
195 1411 330 1487 externis,
350 1409 374 1470 si
393 1355 483 1472 modo
496 1410 596 1470 dextre
615 1410 677 1471 inte
702 1412 770 1494 igas.
810 1413 947 1487 Coercet,
966 1411 1072 1488 fateor,
1091 1409 1227 1472 Christus

100 1505 205 1550 manus
224 1497 337 1552 nostras
356 1505 373 1548 a
391 1487 519 1550 vindicta
536 1508 600 1548 uon
626 1488 720 1548 minus
744 1501 831 1568 quam
855 1487 992 1549 animos:v
1009 1488 1060 1549 sed
1083 1487 1136 1547 nbi
1160 1487 1226 1549 sine

101 1564 229 1628 vindicta
247 1572 348 1644 potest
407 1564 509 1646 'spiam
531 1584 562 1624 se
582 1575 613 1624 et
631 1586 681 1624 sua
702 1576 860 1647 protegere
879 1564 915 1625 ab
935 1565 1063 1640 iniuriis,
1086 1585 1149 1624 non
1168 1564 1228 1624 im-

101 1638 1227 1788 tritt*til}balthild?'ttfflta‘tiztstlit'tsslthlll?

99 1793 209 1868 litium,
232 1793 284 1873 qui
302 1793 360 1852 iam
379 1793 508 1853 nocendi
527 1792 650 1853 libidine
668 1793 734 1874 plus
752 1795 819 1856 satis
838 1794 955 1854 ardent:
979 1795 1135 1876 porrigere
1152 1812 1225 1857 vero

99 1869 221 1932 alteram
239 1868 397 1944 maxillam,
428 1869 500 1949 quid
518 1868 596 1930 aliud
621 1870 701 1931 soret
741 1870 882 1935 uam.tale
900 1869 1132 1930 irritamentum?
1161 1891 1224 1930 nou

101 1957 146 2007 est
164 1945 254 2040 igitur
273 1945 359 2026 aequi
377 1947 497 2026 sanique
515 1945 683 2028 interpretis
701 1891 825 2028 sillabas
843 1947 992 2040 aucupari,
1010 1946 1062 2008 sed
1072 1948 1225 2008 attendere

98 2023 137 2084 ad
157 2041 217 2084 erus
236 2025 287 2103 qui
305 2023 335 2083 lo
357 2021 438 2082 uitur
456 2022 620 2083 consilium.
663 2023 703 2083 Et
723 2023 836 2085 Christi
854 2023 1010 2104 discrpulos
1036 2023 1110 2084 nihil
1128 2023 1223 2084 minus

100 2101 187 2160 decet
205 2121 291 2180 quam
310 2043 413 2159 ludere
431 2098 589 2162 verborum
608 2100 728 2176 cavillis,
747 2100 799 2160 ubi
818 2112 964 2181 apparet,
980 2100 1051 2180 quid
1068 2099 1139 2162 velit
1161 2121 1223 2160 ma-

98 2177 198 2313 pister.
236 2176 328 2256 Atqui
351 2175 472 2236 minime
492 2175 650 2237 obscurum
669 2187 728 2251 est,
748 2197 808 2256 quo
827 2177 930 2237 tendat
949 2175 1098 2251 Christus,
1116 2195 1223 2256 nempe

121 2273 188 2312 nem
205 2253 293 2313 unius
305 2253 471 2314 certaminis
490 2254 556 2314 iore
576 2253 694 2314 alterius
713 2253 837 2327 initium,
858 2254 948 2315 etita
967 2264 1034 2314 toto
1052 2254 1222 2314 vitaecursu
1305 2307 1306 2310 ,

121 2349 154 2390 er
184 2330 342 2392 continuos
407 2331 476 2392 adus
506 2329 670 2392 subeundas
700 2349 763 2391 esse
793 2331 929 2391 fidelibus
962 2329 1065 2403 multas
1094 2330 1221 2390 iniurias

97 2352 180 2492 brgo
200 2406 253 2467 ubi
271 2406 363 2488 semel
393 2407 452 2470 aesi
470 2407 590 2480 fuerint,
609 2405 667 2468 hoc
685 2405 751 2487 ipso
768 2407 952 2469 documento·
967 2406 1088 2469 formari
1107 2406 1169 2469 vult
1184 2406 1220 2468 ad

97 2485 297 2557 tolerantiam,
316 2496 350 2544 ut
369 2484 509 2566 patiendo
528 2485 671 2567 patientes
692 2504 754 2544 esse
773 2485 894 2564 discant.
959 2527 960 2530 ,

174 2567 221 2625 40.
258 2561 301 2619 Ei
317 2564 368 2640 qui
391 2574 483 2621 tecum
506 2561 572 2620 velit
589 2558 764 2620 contendere.
813 2561 944 2640 Alteram
974 2566 1067 2620 noxae
1091 2559 1219 2640 speciem
1304 2609 1305 2628 ,

97 2638 217 2719 attingit
236 2635 385 2711 Christus,
410 2658 501 2716 quum
519 2637 630 2696 scilicet
648 2637 776 2715 improbi
795 2658 849 2698 nos
869 2637 967 2700 litibus
985 2648 1096 2698 vexant.
1118 2635 1222 2698 ..Iubet
1303 2679 1304 2702 r

97 2726 205 2785 autem,
223 2718 278 2770 no's
297 2709 352 2769 hac
371 2712 459 2771 etiam
477 2713 508 2771 in
527 2724 610 2792 parte
629 2711 670 2772 sic
690 2732 753 2772 esse
772 2713 873 2773 animis
893 2715 928 2775 ad
948 2713 1117 2795 patientiam
1136 2733 1220 2773 com-

97 2787 227 2871 positos,
251 2797 285 2844 ut
309 2785 406 2846 ablata
429 2787 529 2848 tunica
555 2787 648 2868 parati
673 2787 760 2847 simus
785 2787 906 2869 pallium
933 2791 1046 2850 cedere.
1098 2789 1220 2871 Ineptus

96 2865 155 2924 erit
196 2862 301 2942 uisquis
321 2862 417 2924 verbis
436 2863 559 2925 insistet.
601 2862 687 2922 Prius
712 2863 880 2926 adversariis
903 2865 1031 2927 dandum
1055 2867 1222 2945 essequod

119 2885 261 3012 ostuiaut,
276 2959 379 3022 1quam
403 2941 435 3000 in
458 2941 502 3001 ius
520 2951 639 3002 ventum
665 2938 770 3000 fuerit:
801 2940 866 3001 talis
886 2943 964 3009 enim
990 2942 1110 3004 facilitas
1128 2942 1222 3018 ipstar

97 2963 207 3077 dabelli
224 3015 429 3095 improborum
448 3016 560 3077 animos
580 3015 616 3076 ad
635 3014 713 3076 furta
733 3027 763 3076 et
781 3018 897 3170 τεὸἱηεε
916 3020 1104 3096 accenderet,
1123 3040 1140 3079 a
1160 3041 1220 3098 quo

97 3093 201 3154 scimus
225 3091 330 3173 procul
356 3093 480 3154 abfuisse
501 3093 612 3171 Christi
629 3105 768 3152 mentem.
845 3094 894 3154 uid
920 3108 964 3156 est
987 3098 997 3155 i
1020 3098 1077 3156 itur
1099 3095 1220 3178 pallium

96 3169 164 3228 dare
182 3168 312 3229 tunicam
331 3170 385 3230 sub
408 3171 479 3230 iuris
498 3181 649 3250 praetextu
669 3171 784 3306 eripere
805 3172 942 3234 conanti?
978 3117 1092 3254 ldempe
1111 3173 1135 3235 si
1155 3174 1220 3252 quis

96 3245 197 3324 iniquo
217 3244 328 3304 iudicio
348 3267 505 3327 oppressus
524 3247 629 3327 perdat
646 3267 708 3328 quo
748 3267 831 3308 suum
852 3260 911 3326 est,
937 3271 970 3310 ac
992 3250 1109 3310 interim
1134 3271 1218 3329 para-

96 3333 140 3380 tus
160 3333 205 3382 est
223 3320 369 3400 reliquum
388 3323 428 3402 (si
447 3343 520 3403 opus
540 3323 642 3402 fuerit)
662 3323 800 3400 abiicere,
819 3344 882 3385 nou
895 3326 1042 3388 niinorem
1060 3325 1220 3406 patientiae
1301 3343 1302 3386 3

97 3397 209 3457 laudem
229 3408 378 3476 meretur,
410 3419 497 3479 quam
538 3400 568 3459 ui
588 3399 632 3461 bis
651 3421 682 3462 se
701 3401 829 3494 spoliare
874 3403 978 3479 atitur,
1008 3414 1162 3482 antequam
1180 3404 1218 3463 ad
1301 3405 1302 3472 l

97 3474 223 3544 tribunal
241 3485 360 3535 ventum
380 3474 477 3535 inerit.
517 3421 636 3538 Cumma
657 3489 701 3539 est
718 3479 826 3560 agitur,
852 3423 1052 3556 Christianos,
1082 3479 1133 3540 ubi
1152 3479 1216 3559 quis
1301 3477 1302 3498 ¹

97 3551 242 3612 bonorum
260 3561 344 3628 parte
364 3549 432 3613 illos
458 3572 563 3614 exuere
586 3565 698 3632 tentat,
729 3555 839 3616 debere
858 3567 976 3634 paratos
996 3566 1058 3628 esse
1081 3556 1118 3616 ad
1140 3555 1216 3616 iute-

97 3649 175 3710 gram
194 3625 418 3710 spoliationem.
448 3629 526 3691 Hinc
536 3630 709 3714 colligimus,
727 3652 790 3692 non
810 3631 903 3692 arceri
920 3652 1040 3711 prorsus
1058 3653 1075 3692 a
1094 3630 1216 3710 iudiciis,

97 3708 117 3765 si
137 3706 255 3786 quando
275 3703 366 3764 iustae
386 3704 553 3768 defensioni
579 3707 661 3768 locus
682 3707 775 3768 datur.
817 3710 893 3769 Nam
919 3710 972 3770 etsi
996 3709 1127 3770 inmunes
1153 3729 1215 3769 suas

97 3783 217 3860 praedae
246 3801 309 3842 non
341 3794 507 3864 exponunt,
545 3805 608 3845 non
643 3795 743 3844 tamen
773 3785 927 3846 discedunt
954 3785 990 3846 ab
1021 3785 1075 3846 bac
1105 3785 1213 3847 Christi

97 3859 245 3934 doctrina,
295 3878 348 3918 uae
377 3858 415 3919 ad
445 3860 597 3921 serendam
627 3863 776 3943 patienter
804 3860 963 3921 nuditatem
994 3883 1049 3922 nos
1073 3862 1212 3923 hortatur.

97 3933 201 3996 Rarum
221 3880 341 4016 quidem
360 3936 523 4016 exemplum
543 3949 603 4016 est,
629 3951 663 3999 nt
682 3935 745 4019 qriis
765 3938 801 3999 ad
826 3937 870 3998 liti
892 3938 999 3998 andum
1018 3937 1119 4000 sedato
1138 3939 1212 3998 inte-

97 4030 206 4090 groque
226 4011 336 4074 affectu
355 4014 391 4074 ad
418 4013 515 4086 lorum
535 4014 670 4091 accedat,
700 4016 751 4076 sed
771 4014 840 4096 qnia
864 3959 928 4075 Ceri
954 4017 1066 4095 potest,
1094 4027 1129 4075 ut
1152 4014 1212 4108 quis

97 4086 201 4162 publici
220 4088 294 4149 boni
313 4090 412 4152 studio
424 4104 541 4152 >rectam
561 4111 675 4154 causam
695 4091 843 4166 defendat,
856 4111 925 4152 ‘rem
944 4091 953 4150 i
989 4113 1035 4152 am
1045 4091 1212 4184 simpliciter

97 4163 290 4227 damnaretur
309 4187 373 4228 non
393 4179 451 4244 est,
476 4168 573 4230 donec
596 4180 714 4232 constet
733 4169 770 4229 de
789 4169 895 4230 vitioso
909 4180 931 4228 'a
957 4181 1034 4230 ectu.
1074 4168 1211 4232 Diversae

97 4234 280 4322 lpquutinnes
298 4245 377 4324 apud
395 4245 575 4307 Matthaenm
595 4257 626 4306 et
643 4246 760 4328 Lucam,
771 4260 892 4308 sensnm.
905 4261 970 4326 uon
988 4256 1110 4306 meunt.
1146 4242 1212 4304 Pal-

97 4307 161 4371 hum
181 4315 298 4382 maioris
317 4322 407 4404 pretii
427 4342 490 4390 erse
509 4323 587 4389 solet
606 4343 695 4406 quero
712 4323 834 4388 tunica:¹
845 4340 943 4405 quum·
956 4343 1028 4408 ergo
1043 4321 1118 4386 dicit
1136 4321 1210 4384 otar-
