2824 4756
184 229 225 294 tto
370 219 523 288 SECTIO
542 220 603 286 ΙΙΙ.
638 219 714 284 1rsn
733 209 882 284 surmus
902 235 943 286 en
962 233 1130 318 tunsurus.
1231 202 1232 206 ¹

185 368 264 434 euin
283 369 461 452 proim'sset,
482 367 541 430 diei
567 365 624 427 illis
649 365 685 427 ab
705 363 822 450 Angelo
842 365 924 447 quod
949 365 1081 429 retertur
1095 388 1116 428 a·
1131 364 1226 442 Luca,
1256 355 1318 429 bisi

183 448 267 510 Deus
286 447 510 530 visibilitaliquo
533 443 670 526 symbolo
694 455 818 506 testatus
841 455 935 518 esset,
961 445 1044 524 quod
1067 440 1226 504 audiebant
1244 464 1261 502 a
1280 465 1317 505 se

206 517 352 588 reiectum
369 529 451 586 ¹esse.
491 509 638 602 App'aruit
661 541 733 602 ergo
759 519 814 584 illis
838 519 969 602 Angelus
995 541 1057 581 nou
1081 519 1194 600 vulgari
1217 519 1321 600 aliqua,

183 546 297 674 dorma,
315 599 362 662 vel
379 601 443 662 sine
462 598 622 680 dignitate,
645 598 697 658 sed
723 595 839 683 fulgore
863 597 997 658 eoelestis
1016 597 1128 678 gloriae
1146 597 1317 671 instructus,

93 702 96 714 ·
185 679 237 759 qui
255 690 404 758 pastorum
426 675 538 736 animos
557 674 698 748 alliceret,
717 685 751 734 ut
770 673 885 734 allatum
898 675 952 734 sibi
972 693 1138 738 sermonem
1157 694 1217 734 non
1230 693 1316 737 aecus

185 767 274 833 atque
295 775 329 814 ex
348 773 401 814 ore
420 753 509 833 ipsius
528 752 587 812 Dei
610 751 787 832 exciperent.
826 750 900 810 Inde
920 750 1025 825 timor,
1045 751 1081 811 de
1123 771 1161 811 uo
1180 771 1252 814 mox
1265 750 1317 809 lo.

175 833 289 912 quitur
305 829 411 902 Lucas,
430 851 489 908 quo
509 827 661 888 humiliare
680 825 757 887 solet
775 827 857 886 Deus
877 827 1032 888 hominum
1049 771 1153 898 corda,
1165 839 1201 886 ιιι
1219 826 1318 889 verbo

180 919 240 969 ‘sno
259 907 455 967 reverentiam
474 903 625 978 conciliet,
646 902 891 984 quemadmodum
910 924 998 984 supra
1017 904 1152 984 exposui,

261 991 309 1050 10.
346 983 395 1044 No
412 985 542 1044 timentia.
580 979 752 1040 Exhortatio
774 979 896 1040 haered
917 979 1073 1040 levandum
1089 981 1225 1045 timorem
1244 1000 1318 1060 per-

183 1062 270 1124 tinet.
310 1059 449 1136 Quamvis
462 1059 542 1117 enim
560 1055 631 1116 utile
652 1057 703 1132 sit,
723 1055 844 1134 percelli
864 1068 944 1116 metu
965 1055 1119 1116 honrinum
1135 1057 1259 1130 animos,
1279 1069 1317 1118 ut

184 1159 269 1200 suum
289 1138 358 1196 Dee
380 1135 511 1195 tribuere
538 1132 682 1194 honorem
709 1134 834 1207 discant,
866 1133 951 1193 simul
982 1143 1079 1194 tamen
1111 1133 1315 1195 consolatione

186 1235 262 1295 opus
281 1213 409 1286 habent,
429 1231 469 1270 ne
487 1230 606 1292 prorsus
626 1209 799 1270 obruantur.
838 1209 918 1272 Fieri
940 1211 1017 1270 enim
1037 1211 1155 1289 nequit,
1174 1211 1249 1288 quin
1263 1221 1313 1270 to-

182 1303 248 1352 tum
266 1289 407 1350 muudum
431 1286 589 1348 absorbeat
606 1287 664 1346 Dei
688 1287 837 1360 maiestas,
869 1286 922 1346 nisi
949 1285 1102 1346 dulcedine
1126 1288 1219 1366 aliqua
1238 1298 1315 1360 tem-¹

183 1377 270 1450 peret
281 1365 361 1445 quod
375 1368 411 1424 in
429 1385 461 1425 se
482 1363 571 1424 babet
588 1365 721 1424 terroris.
759 1363 834 1424 Ideo
857 1363 976 1443 reprobi
997 1363 1102 1422 adDei
1123 1367 1318 1442 conspectum

184 1442 329 1520 exanimes
353 1441 531 1515 concidunt,
555 1441 622 1520 quia
649 1440 705 1518 illis
732 1461 794 1500 non
820 1452 948 1520 apparet⁴
966 1439 1019 1499 nisi
1046 1440 1140 1500 iudex.
1182 1440 1315 1520 Angelus

183 1531 294 1592 autem,
312 1529 347 1578 nt
365 1529 481 1580 recreet
497 1530 646 1598 pastorum
665 1519 787 1589 animos,
806 1517 836 1576 in
854 1516 944 1578 alitam
964 1517 1051 1577 finem
1072 1538 1103 1576 se
1124 1518 1240 1577 missum
1252 1537 1316 1576 esse

182 1607 324 1670 testatur,
353 1615 459 1676 nempe
485 1605 517 1655 ut
536 1594 594 1654 Dei
621 1593 849 1654 misericordiam
869 1594 1033 1654 annuntiet.
1071 1594 1145 1653 Nam
1167 1593 1237 1653 baec
1254 1615 1316 1653 una

182 1691 321 1734 noanon
338 1672 431 1732 modo
453 1671 597 1750 collapsos
618 1670 752 1735 homines
772 1671 872 1751 erigit,
891 1670 942 1730 sed
964 1669 1094 1760 perditos
1113 1671 1263 1742 instaurat,
1283 1681 1317 1730 et

167 1759 303 1826 ,revocat
322 1767 338 1810 a
357 1761 454 1809 morte
473 1749 504 1809 iu
525 1749 630 1824 vitam,
656 1748 708 1808 ubi
727 1749 824 1808 Deum
844 1746 899 1807 sibi
918 1749 1079 1827 propitium
1100 1767 1162 1806 esse
1182 1747 1316 1812 audiunt,
1404 1751 1405 1774 ¹

181 1824 338 1890 Praefatur
356 1836 455 1890 eutem
470 1826 612 1908 Angelus,
631 1844 662 1886 se
682 1825 857 1885 annuntiare
876 1845 1014 1900 stangnum
1028 1821 1186 1898 gandium:
1205 1825 1314 1884 deinde

204 1903 281 1964 audii
300 1923 416 1968 causam
433 1900 480 1962 vel
499 1903 650 1979 materiam
662 1901 788 1974 subiicit,
808 1899 888 1978 quod
908 1911 993 1960 natus
1011 1901 1049 1960 sit
1061 1901 1219 1972 Salvator.¹
1236 1901 1313 1975 Qui-

180 1924 238 2044 bus
257 1979 355 2042 verbis
374 1980 500 2072 primum
520 1978 678 2051 docemur,
697 1978 793 2038 donec
835 1995 914 2036 aeem
935 1993 1000 2037 cum
1021 1978 1088 2037 Deo
1110 1977 1237 2038 habeant
1256 1979 1312 2036 ho-

88 2121 94 2136 ,
182 2058 293 2130 mines,
318 2067 349 2118 et
374 2054 417 2116 nti
437 2054 619 2116 reconciliati
638 2054 698 2114 siut
739 2075 770 2112 er
791 1997 901 2115 Cbristi
919 2055 1057 2148 gratiam,
1077 2055 1229 2115 evanidam
1249 2074 1318 2114 esse

183 2147 215 2198 et
242 2133 326 2200 fallar
356 2132 496 2213 quicquid
526 2131 699 2212 concipiunt
716 2075 862 2200 laetitiae.
911 2131 1064 2192 Exsultant
1084 2131 1202 2211 quidem
1225 2140 1320 2212 saepe*

181 2209 265 2292 impii
285 2209 366 2272 ebria
383 2228 547 2289 vesanaque
567 2207 692 2283 laetitia,
724 2208 774 2268 sed
802 2205 858 2268 nisi
883 2208 996 2268 medius
1020 2206 1059 2268 sit
1082 2207 1170 2267 inter'
1183 2207 1262 2288 ipsos
1282 2220 1312 2272 et

181 2290 280 2350 Deum
298 2286 484 2368 pacificator,
504 2287 601 2346 coecis
621 2285 820 2346 conscientiae
839 2283 961 2344 stimulis
980 2285 1084 2344 misere
1103 2287 1236 2364 torqueri
1257 2306 1311 2344 ne.

182 2384 263 2428 cesse
275 2376 327 2425 est
364 2361 493 2438 Deinde,
513 2361 696 2442 quantumvis
716 2361 822 2436 blande
836 2373 865 2420 et
884 2361 1013 2426 molliter
1032 2361 1087 2422 ribi
1099 2360 1272 2442 indulgeant
1280 2364 1312 2422 iu
1332 2406 1337 2416 r

182 2443 313 2513 deliciis,
336 2461 405 2503 suae
429 2441 561 2520 ipsorum
581 2437 717 2524 libidines
741 2438 869 2502 totidem
887 2451 955 2504 sunt
975 2438 1031 2499 illis
1051 2451 1206 2520 tormenta.
1245 2441 1323 2519 Hoc,

182 2540 256 2600 ergo
276 2517 362 2579 solidi
382 2517 480 2602 gaudii
500 2516 616 2576 initium
637 2528 691 2596 est,¹
709 2517 818 2576 sentire
839 2525 995 2594 paternum,
1007 2536 1075 2596 erga
1096 2513 1311 2577 rusticiano·
1400 2519 1404 2556 ἵ

87 2627 89 2637 ·
181 2617 264 2669 rem,
290 2599 345 2732 qui
374 2594 453 2656 solus
478 2594 590 2660 animos
612 2607 730 2653 nostros
754 2592 931 2672 tranquillat.
979 2593 1081 2672 Atque
1098 2592 1154 2652 hoc
1174 2593 1309 2672 gaudium
1403 2593 1404 2636 ἶ

182 2674 276 2734 estin
321 2673 410 2752 piritu
430 2682 543 2744 sancto,
562 2671 592 2730 in
613 2691 673 2748 quo
692 2669 800 2730 Paulus
820 2690 852 2728 re
876 2681 945 2738 nutn
965 2669 1023 2729 Dei
1043 2669 1205 2742 constituit,
1226 2669 1310 2730 Rom.

181 2757 230 2823 14,
249 2755 296 2813 17.
334 2746 497 2828 Epitheton
516 2766 587 2806 vero
606 2750 707 2822 magni
724 2747 793 2828 ideo
807 2688 942 2804 additum
963 2757 1022 2821 est,
1048 2757 1080 2804 ut
1098 2746 1229 2820 sciamus,
1249 2770 1310 2810 nou

181 2825 273 2884 modo
292 2821 449 2903 praecipue
462 2821 647 2902 gaudendum
668 2842 730 2883 esse
744 2822 780 2882 de
799 2821 892 2882 salute
912 2821 999 2884 uobis¹
1018 2824 1048 2884 in
1063 2821 1181 2884 Christo
1202 2823 1315 2900 oblata,

181 2900 233 2962 sed
252 2911 360 2960 tantam
382 2917 443 2958 esse
463 2909 551 2976 atque
572 2897 612 2956 ita
630 2898 800 2958 immensam
821 2897 904 2958 huius
925 2897 998 2960 boni
1016 2900 1259 2982 magnitudinem,
1278 2914 1313 2964 ut
1403 2967 1404 2974 ,

181 2975 411 3054 meritnomues
431 2975 593 3053 praesentis
612 2973 689 3033 nita‘e
708 2972 843 3045 dolores,
869 2973 1029 3050 molestias,
1054 2977 1209 3038 anxietates
1229 2999 1311 3038 com.

182 3064 296 3134 penset.
336 3052 437 3126 Quare
458 3051 610 3125 discamus,
628 3049 669 3110 sic
689 3069 749 3110 uno
772 3049 892 3112 Christo
912 3071 974 3112 esse
995 3055 1138 3127 emrtenti,
1158 3065 1192 3113 ut
1209 3066 1310 3116 seusus
1403 3071 1404 3098 ³

181 3129 293 3209 gratiae
332 3128 393 3190 eius
427 3139 583 3209 exsuperet
618 3145 721 3187 omncs
757 3127 850 3188 caruis
889 3128 1055 3208 molestias,
1092 3131 1157 3192 ino
1191 3131 1310 3192 tandem
1397 3143 1404 3156 “

179 3205 309 3268 aboleat.
414 3257 418 3268 ,

221 3321 223 3331 ‚
261 3278 348 3418 qiuari
375 3281 517 3363 futuram
547 3293 588 3340 est
616 3283 668 3341 toti
698 3279 819 3356 popello,
879 3279 1058 3361 Quanquam
1091 3283 1171 3345 solos
1208 3297 1311 3364 pasto..

180 3378 230 3420 nes
254 3358 413 3438 aloquitur
436 3357 583 3442 Angelus,
620 3357 765 3440 significat
794 3368 910 3432 tamen,
945 3357 1065 3442 lougius.
1094 3373 1195 3440 patere
1226 3361 1308 3441 quod

180 3435 237 3497 illis
262 3435 364 3509 allent
400 3435 503 3496 salutis
542 3435 693 3506 nuntium,
742 3445 776 3501 ut
813 3454 874 3493 non
913 3435 968 3516 ipsi
1012 3437 1145 3516 peitatis
1183 3449 1310 3512 tantum,

180 3511 234 3574 sed
262 3513 312 3574 alii
341 3533 401 3604 quo
424 3511 617 3573 ue·audiant
667 3513 764 3571 Porro
793 3511 850 3570 toti
885 3509 996 3591 populo
1033 3532 1188 3574 commune
1220 3514 1308 3574 fuisse

180 3591 319 3673 garrdium
353 3535 503 3670 rntrillige,
542 3589 610 3667 quia
639 3589 775 3649 omnibus
806 3587 976 3667 promiscue
1003 3588 1193 3650 oflerebatur.
1237 3591 1308 3652 Non

182 3669 260 3729 enim
280 3666 331 3728 nui
350 3665 398 3728 vel
418 3665 502 3725 alteri
521 3665 620 3741 Deus,
646 3665 697 3726 sed
717 3664 858 3738 universo
878 3664 983 3728 senrini
1003 3663 1138 3726 Abrabae
1159 3666 1312 3730 Christum

180 3744 363 3828 promiserat
403 3741 496 3818 Quod
528 3753 626 3804 autem
657 3743 765 3824 gaudio.
795 3741 829 3803 ad
861 3762 893 3800 se
919 3741 1092 3820 pertinente
1111 3744 1216 3824 privati
1240 3755 1333 3804 sunt,

180 3842 286 3904 magna
307 3839 341 3880 ex
360 3831 442 3901 parte
461 3818 573 3891 Iudaei,
593 3837 696 3878 eorum
715 3818 919 3878 incredulitate
940 3818 1051 3882 factum
1069 3831 1112 3880 est
1120 3840 1135 3881 e·
1148 3820 1232 3883 sicuti
1252 3820 1309 3883 hoa

181 3899 230 3960 die
250 3917 353 3958 onmes
378 3897 572 3957 communiter
600 3895 703 3956 inuitat
720 3896 804 3955 Deus
827 3895 864 3954 ad
889 3895 1010 3955 salutem
1035 3916 1087 3976 per
1107 3896 1312 3978 Evangelium,

181 3976 233 4038 sed
253 3975 324 4035 lacit
342 3973 443 4034 mundi
463 3972 655 4055 ingratitudo,
676 3984 707 4032 ut
719 3973 811 4054 gratia
831 3971 883 4032 hac
903 3993 1051 4053 peraeque
1063 3973 1198 4045 omnibus
1219 3995 1252 4034 es
1274 3995 1310 4034 o-

179 4052 234 4112 nita
274 4051 339 4111 auci
360 4051 500 4112 fruantur.
540 4047 643 4122 Quum
662 4069 733 4141 ergo
754 4049 833 4111 inter
851 4071 960 4131 pancos
979 4049 1121 4110 inclusum
1142 4050 1232 4113 luerit
1251 3995 1309 4112 boc
1402 4051 1403 4116 i

179 4147 238 4208 gau
260 4125 708 4202 ium,communevocaturDe1
728 4137 872 4205 respectu.
912 4125 1069 4188 Caeterum
1090 4127 1143 4186 etsi
1154 4126 1191 4186 de
1211 4127 1308 4189 electo
1402 4123 1403 4142 ¹

180 4214 294 4262 tantum
315 4203 426 4282 populo
445 4201 577 4284 Angelus
597 4201 746 4281 loquitur,
779 4223 858 4262 nunc
881 4213 981 4261 tamen
1001 4201 1245 4264 diruta·maceria
1272 4202 1308 4266 ad

181 4289 279 4337 totum
299 4279 457 4340 humanum
476 4300 568 4361 gertus
582 4291 707 4358 spectat
726 4277 828 4340 eadem
847 4278 966 4360 legatio.
1007 4279 1081 4338 Nam
1104 4279 1236 4344 Christus
1256 4301 1308 4360 pa-

183 4371 248 4414 eoru
267 4359 493 4418 annuntiatnon
513 4368 626 4420 tanturn
646 4355 693 4436 iis,
706 4357 758 4440 qui
774 4375 869 4437 prope
889 4365 967 4431 sunt,
986 4356 1098 4436 sedqui
1114 4355 1233 4436 procul:
1253 4375 1308 4418 nec
