2808 4748
203 263 261 326 sat
448 259 452 276 ¹
656 249 808 332 suerro
828 250 882 314 vt

264 404 309 468 ·18.
344 397 434 460 Noe
450 399 526 460 ses·
644 409 734 458 υεειει·
762 397 848 459 ¹Hoc
866 415 958 458 unum
981 389 1143 455 remedium
1160 387 1315 472 purgandae

200 500 236 540 ac
254 476 420 553 tollendael
444 494 520 556 quae
558 474 585 534 ic
605 473 768 550 damnatur,
787 472 988 556 superstitioni
1006 471 1127 532 sufficit:
1147 467 1223 528 unde
1244 466 1312 526 enim

200 555 274 616 baec
293 553 432 629 stultitia,
453 562 487 612 ut
505 549 628 611 multum
647 551 795 632 prolicere
813 561 918 631 putent
936 550 1084 621 homines,
1105 544 1161 606 ¹nbi
1178 565 1230 606 suo
1248 541 1313 601 mul·

200 631 330 711 tiloquio
361 630 458 692 Deum
486 625 629 710 fatigant,
656 627 713 688 nisi
742 627 810 708 qnia
839 626 963 688 similem
992 627 1188 708 imaginantur
1215 616 1312 680 bomini

132 745 137 764 .
200 707 329 783 mortali,
349 706 400 786 qni
420 704 521 766 doceri
540 716 571 766 et
588 705 706 765 moneri
724 725 799 784 opus
817 702 943 772 babeat?
981 700 1125 782 Quisquis
1143 710 1239 760 antem
1256 715 1312 776 per·
1360 721 1370 736 ¹=

201 805 300 846 suasus
321 794 381 860 εει,
400 781 497 845 Deum
517 802 578 842 non
597 781 688 841 modo
713 801 811 840 curam
831 781 926 840 nostri
945 779 1071 854 babere,
1095 777 1146 838 sed
1166 776 1247 835 etiam
1266 791 1312 830 no·
1369 783 1370 816 ι

201 873 276 923 suas
294 858 482 920 necessitates
505 856 615 918 babere
635 858 784 944 cognitas,
809 868 841 918 et
862 867 931 917 vota
955 867 1055 916 nostra
1080 871 1219 933 curasque
1241 859 1312 938 ante-

202 948 335 1010 vertere,
357 935 526 1016 prinsquam
544 932 710 995 admonitus
729 932 834 1008 luerit,
856 932 907 993 ille
927 933 1037 996 omisso
1055 928 1311 1008 multiloquiosatn

201 1003 325 1074 babebit
363 1031 446 1072 reees
463 1033 529 1073 suas
548 1009 721 1086 extendere,
743 1021 887 1091 quatenus
906 1009 943 1070 ad
962 1009 1049 1078 fidem
1070 1005 1257 1067 exercendam
1273 1020 1312 1060 er·

200 1088 314 1172 pediet:
338 1031 437 1148 lteram
455 1107 527 1150 vero
551 1086 700 1164 rhetorice
717 1087 839 1169 aggredi
882 1097 917 1146 nt
940 1085 1099 1147 verborum
1123 1081 1208 1163 copia
1226 1081 1312 1141 flecta-

197 1179 263 1241 tur,
282 1163 440 1227 absurdum
459 1183 522 1226 esse
541 1174 683 1246 agnoscet
700 1183 734 1224 ac
753 1162 847 1224 ridicu
910 1207 918 1223 .
956 1163 1067 1222 Verum
1086 1160 1111 1222 si
1129 1160 1226 1234 Deus,
1240 1165 1310 1216 onte·

199 1263 287 1323 quam
305 1253 449 1322 petamus,
490 1239 541 1300 nid
560 1239 742 1319 nobistopus
764 1240 803 1302 sit
825 1241 925 1316 novit,
943 1239 1059 1303 ridetur
1077 1237 1158 1297 nulla
1178 1253 1239 1296 esse
1255 1249 1311 1312 pre·

199 1318 286 1380 candi
316 1317 434 1378 utilitas.
470 1263 500 1383 dl

197 1415 339 1486 quorsum
357 1395 463 1466 attinet
480 1411 583 1474 preces
602 1404 717 1454 nostras
735 1392 814 1455 inter
836 1413 939 1468 onere,
958 1412 1033 1472 quae
1048 1403 1240 1472 spontaneum
1252 1403 1310 1468 pro·
1369 1407 1370 1446 3

196 1471 344 1544 udentiae
363 1471 424 1532 eins
444 1492 560 1532 cursum
579 1470 773 1551 abrumpant?
813 1415 932 1531 boletis
950 1469 1041 1530 facilis
1060 1467 1155 1528 estin
1174 1467 1236 1546 ipso
1254 1478 1315 1543 pree

198 1549 285 1610 caudi
303 1547 377 1610 lines
403 1546 598 1627 nequeenim
618 1557 706 1607 orant
723 1546 839 1623 fideles,
858 1559 892 1608 ut
909 1546 1007 1608 Deum
1026 1545 1204 1606 admoneant
1222 1541 1256 1600 de
1272 1555 1310 1596 re·
1369 1553 1370 1566 ¹

196 1625 253 1686 bus
272 1622 442 1706 incognitis,
462 1643 528 1684 eum
548 1624 585 1684 ad
605 1621 734 1686 officinm
753 1623 911 1686 hortentur
919 1621 966 1684 vel
978 1633 1139 1684 cessantem
1157 1618 1310 1703 sollicitent,

196 1701 250 1764 sed
269 1701 369 1793 potius
387 1711 471 1766 utse
489 1701 568 1781 ipsos
588 1699 823 1836 expergefaciant
840 1699 876 1761 ad
895 1700 989 1782 ipsum
1006 1697 1215 1779 quaerendum,
1233 1690 1310 1753 medr-

176 1778 293 1841 ·tandrs
314 1778 375 1838 eius
393 1776 636 1857 promissionibus
647 1778 674 1850 ,fi
697 1797 743 1836 ern
762 1799 843 1838 snam
863 1787 1025 1852 exerceant,
1044 1795 1125 1836 curas
1138 1795 1201 1835 suas
1217 1785 1310 1853 erone3

164 1847 167 1860 ¹
198 1855 293 1916 raudo
311 1854 343 1914 in
369 1854 431 1916 eius
455 1856 550 1914 sinum
569 1873 601 1914 se
624 1852 799 1915 sublevent:¹
820 1854 947 1934 denique
967 1861 1174 1926 attestentur,
1192 1841 1310 1910 tamsib1

89 1936 94 1941 ’
197 1952 286 2076 guam
307 1929 369 1994 aliis
388 1929 425 1990 ab
446 1949 482 1990 eo
503 1949 565 1990 uno
583 1949 703 2009 sperare
722 1941 753 1990 et
773 1941 909 2012 expetere
938 1928 1078 2009 quiequid
1097 1938 1142 1986 est
1169 1926 1309 1989 bonorum·

501 1337 547 1378 am
575 1318 600 1378 si
629 1328 735 1396 sponte
765 1316 802 1378 ad
834 1338 890 1378 nos
921 1316 1060 1378 iuvandos
1083 1331 1245 1396 propensus
1268 1316 1311 1380 est,
1369 1351 1370 1366 ι

73 2075 78 2085 ,
179 2027 181 2032 ·
225 2008 335 2088 tipse,
360 2005 441 2087 qnod
460 2007 595 2098 grptuito*
610 2017 641 2066 et
659 2005 792 2066 nondum
816 2019 936 2090 rogatus
961 2007 1047 2067 nobis
1066 2003 1168 2088 largiri
1186 1996 1308 2069 decrevit,
1369 2031 1370 2060 ;

198 2085 275 2146 votis
293 2095 392 2146 tamen
412 2096 519 2146 nostris
538 2083 686 2165 promittit
702 2102 734 2144 se
754 2083 898 2148 daturum.
926 2083 1027 2158 Quare
1045 2093 1203 2161 utrumque
1220 2091 1310 2139 teneu-

199 2160 269 2221 dum
289 2171 348 2236 εει,
368 2171 437 2221 vota
456 2158 613 2222 nostra‘ab
634 2179 676 2235 en,
690 2171 797 2241 sponte
815 2159 997 2243 praeveniri,
1016 2171 1165 2221 ettamen
1185 2177 1237 2216 nos
1253 2167 1308 2233 pre-

198 2236 282 2298 cibus
309 2236 467 2318 impetrare
487 2236 568 2316 qnod
586 2237 721 2317 petimus.
761 2237 825 2300 Cur
850 2249 947 2300 antem
971 2235 1119 2304 interdum
1149 2235 1182 2294 in
1205 2233 1308 2310 tongum

197 2326 313 2406 tempus
332 2334 388 2376 nos
408 2312 543 2389 diflerat,
566 2313 716 2377 interdum
740 2315 828 2376 etiam
846 2318 922 2379 votis
945 2313 1053 2377 nostris
1077 2331 1139 2373 non
1166 2306 1307 2389 indulgeat

199 2389 271 2454 alibi
290 2390 348 2452 erit
367 2390 483 2454 dicendi
501 2389 594 2454 locus.

240 2626 340 2708 (54)·
363 2623 613 2720 Mantum.
654 2626 684 2691 9.
706 2627 778 2694 Vos
799 2641 876 2714 ergo
897 2629 945 2694 sic
965 2635 1069 2706 orate,
1088 2625 1307 2690 paternoster,

131 2807 134 2824 ἱ
197 2727 254 2820 qpl
282 2747 317 2791 es
344 2729 379 2794 in
407 2724 524 2806 coelis,
555 2725 783 2816 Sanctificetur
810 2745 932 2816 nomen
958 2738 1055 2794 urum.
1118 2727 1171 2791 to.
1207 2720 1309 2788 Veniat

196 2847 332 2912 regnum
352 2836 450 2892 tuum.
487 2826 564 2892 Fiat
582 2826 734 2892 voluntas
755 2838 823 2908 tua,
854 2838 890 2893 ut
915 2830 950 2894 in
972 2828 1081 2910 coelo,
1105 2830 1155 2893 sic
1175 2821 1309 2890 etiamin
1369 2827 1370 2900 l

197 2936 292 2992 terra.
348 2926 399 2993 11.
431 2929 553 2994 Panem
584 2939 729 2993 nostrum
759 2928 983 3014 quotidianum
1002 2929 1058 2996 *da
1087 2925 1185 2996 nobis
1214 2921 1309 2990 bodie.

196 3026 247 3092 tt.
273 3027 316 3094 Et
335 3030 470 3096 remitte
483 3026 580 3094 nobis
608 3026 719 3094 debita
743 3039 871 3108 nostra,
898 3032 1034 3116 sicutlet
1053 3051 1114 3096 nos
1133 3029 1309 3094 remittimus
1369 3099 1370 3112 ἵ

196 3127 401 3197 debitoribus
423 3132 550 3197 nostris.
613 3128 663 3199 13.
685 3129 790 3227 Ειλιιε
810 3152 872 3197 nos
892 3123 1027 3198 inducas
1046 3133 1082 3198 in
1103 3130 1310 3202 tentationem,

195 3227 256 3294 sed
276 3226 381 3296 libera
399 3253 460 3299 nos
481 3228 615 3295 amalo.
659 3230 747 3320 Quin
767 3242 856 3298 tuum
878 3243 927 3298 est
946 3248 1094 3320 regnum,
1115 3221 1149 3299 et
1168 3229 1310 3320 potentia,
1339 3290 1340 3298 ,

196 3338 230 3393 ει
248 3328 353 3414 glorie
373 3333 408 3396 in
428 3329 568 3412 saecula,
589 3332 701 3398 Amen.

217 3535 221 3542 ,
244 3505 249 3517 ·
277 3458 379 3529 LUC.
400 3463 453 3529 xl.
478 3511 479 3514 ,
496 3463 525 3528 1.
545 3463 680 3532 Factum
702 3475 758 3546 est,
777 3461 874 3554 quum
891 3477 998 3534 oraret
1018 3467 1159 3556 quodam
1179 3467 1214 3532 in
1233 3463 1308 3537 loco

193 3573 230 3629 ut
244 3567 400 3647 cessavit,
421 3563 648 3655 dixitquidam
671 3590 710 3634 ex
729 3565 896 3656 discipulis
918 3569 1048 3635 eiusad
1070 3591 1150 3649 enm,
1170 3567 1308 3635 Domine,

136 3750 139 3762 Ι
195 3664 279 3732 doce
300 3688 362 3732 nos
383 3686 499 3746 orare,
518 3672 601 3734 sieut
622 3679 655 3735 ει
674 3671 814 3762 Ioannes
837 3669 948 3736 docuit
968 3669 1142 3757 discipulos
1163 3689 1246 3734 suos.
1281 3661 1306 3726 2

194 3766 237 3832 Et
258 3771 302 3833 nit
314 3765 396 3873 ΙἰΙΙίε,
418 3767 529 3853 Quum
550 3772 656 3853 oratis,
676 3772 782 3852 dicite,
796 3771 896 3836 'Pater
916 3781 1035 3853 noster,
1056 3775 1111 3858 qui
1132 3792 1168 3834 es
1189 3771 1223 3834 in
1243 3783 1307 3838 cot·
1369 3781 1370 3840 l

193 3865 242 3946 lis,
266 3867 491 3934 Sanctificetur
510 3889 630 3937 nomen
650 3857 751 3938 tunm]
779 3867 944 3941 Adveniet
963 3893 1097 3958 regnum
1116 3881 1215 3944 tuum.
1230 3866 1307 3931 ein

191 3966 342 4034 voluntas
361 3979 418 4036 tua
465 3971 735 4056 quemadmodum
765 3976 801 4040 in
828 3974 939 4051 coelo,
966 3975 1013 4038 sic
1042 3975 1134 4038 etiarn
1162 3974 1197 4035 in
1223 3979 1305 4032 terra

63 4111 79 4139 f
136 4067 146 4075 “
191 4066 222 4131 3.
245 4068 366 4136 Panem
387 4080 532 4163 nostrum
553 4074 777 4160 quotidianum
792 4073 847 4152 ,da
872 4074 969 4153 nobis
989 4073 1097 4140 hodie.
1141 4071 1174 4136 4.
1198 4057 1240 4136 Et
1262 4085 1305 4129 re·

191 4167 280 4232 mitte
310 4169 408 4237 nobis
438 4183 573 4259 peecata
602 4185 728 4254 metra,
765 4173 924 4263 siqnidem
957 4184 990 4240 ει
1028 4175 1091 4260 ipsi
1127 4172 1305 4236 remittimus
1369 4183 1370 4188 ’

92 4353 97 4360 ·
195 4267 284 4329 omni
304 4266 439 4340 debenti
458 4271 564 4342 nobis.
604 4273 709 4356 Etne
727 4294 789 4345 nos
809 4275 944 4345 inducas
964 4278 999 4364 in
1018 4275 1236 4364 tentationem,
1253 4259 1306 4330 sed

195 4357 301 4428 liber'a
320 4387 382 4436 nos
403 4395 423 4438 a
442 4373 539 4445 malo.
653 4391 654 4396 ’
1369 4441 1370 4462 ,

432 4486 441 4511 t
540 4501 542 4506 -
1326 4462 1370 4510 't
