2808 4748
209 203 267 268 194
665 191 818 257 sufflo
839 191 892 254 Vl.

212 340 357 428 generalis
377 349 422 401 est
440 336 620 475 obiurqatio,
637 336 712 418 quid
726 351 821 400 mum
837 339 944 400 noem
960 355 1016 416 arte,
1035 321 1168 411 Dorrtiea,
1186 349 1232 396 etc.
1257 334 1305 394 Sed
1354 339 1355 344 ’

190 469 191 478 ,
234 421 281 482 uia
299 430 333 479 ut
371 415 508 476 lurimum
553 435 604 475 aec
632 415 799 496 corruptela
817 437 834 477 a
853 417 927 477 fictis
947 415 1116 477 doctoribus
1135 413 1261 496 emergit,
1283 423 1306 470 et

211 443 359 559 laelliusa
399 492 457 554 illis
482 493 514 552 iu
537 505 635 553 totum
658 513 765 584 corpus
790 503 940 574 penetrat,
970 493 1038 553 ideo
1067 493 1230 553 nominatim
1247 487 1306 568 apud

211 573 391 636 Matthaeum
413 571 445 630 in
469 588 520 630 eos
546 568 678 633 Christus
709 569 864 629 invehitur.
908 569 1020 629 Facere
1042 569 1206 630 noluntates
1227 568 1306 625 Patris

211 671 276 712 non
300 660 416 724 tautum
434 643 577 728 significat
600 643 804 738 philosophice
824 647 910 708 vitam
931 658 960 706 et
979 667 1075 708 mores
1094 667 1160 708 suos
1185 644 1218 704 ad
1234 646 1304 704 virtu-

202 740 276 789 ‘tum
295 746 327 786 re
350 725 426 785 ulam
445 723 590 799 formare,
620 723 670 789 sed
692 735 778 784 etnam
800 723 920 782 credere
940 723 970 781 in
992 723 1153 799 Christum,
1175 721 1251 782 sicuti
1267 719 1304 777 ha-

211 804 300 866 betur
336 798 413 877 0:¹6,
431 806 478 864 40.
517 801 587 860 Νοιι·
607 819 680 882 ergo
700 799 744 860 his
763 799 860 860 verbis
881 799 1042 860 excluditur
1066 799 1153 876 fides,
1176 799 1225 860 sed
1244 793 1304 877 quasi

211 878 387 963 principium
407 878 555 954 statuitur,
575 875 653 936 uude
674 869 909 956 reliqua‘fluunt.

121 1023 125 1030 ,
286 961 334 1022 22.
372 953 468 1022 Mutat
485 952 578 1014 dicent
599 949 670 1012 mitt
687 965 738 1012 etc.
782 952 895 1012 Iterum
920 952 991 1014 citat
1011 952 1142 1015 Christus
1165 951 1303 1034 hypocritas

160 1034 164 1055 '
209 1033 247 1096 ed
265 1053 350 1096 suum
368 1031 506 1107 tribunal,
525 1029 770 1110 quemadmodum
790 1039 885 1109 nupe'r
905 1031 1026 1091 exLuca
1045 1029 1202 1090 retulimus.
1230 1028 1302 1102 Quam

210 1113 261 1174 diu
280 1111 359 1174 euim
378 1108 476 1168 locum
503 1117 647 1186 occupant
664 1106 696 1166 iu
712 1104 863 1182 Ecclesia,
887 1118 949 1167 tum
967 1107 1029 1182 ¹sibi
1054 1107 1109 1188 ipsi
1136 1105 1302 1174 blandiuntur,
1352 1150 1355 1168 ,

208 1202 272 1252 tum
302 1185 373 1248 alios
403 1203 522 1265 quoque
545 1182 703 1264 decipiunt
752 1183 840 1244 Diem
870 1203 942 1266 ergo
967 1197 1121 1244 venturum
1152 1180 1303 1277 pronuntiat,
1354 1233 1355 1246 ,

209 1289 269 1349 qno
298 1285 356 1346 pur
379 1273 444 1321 etur
474 1279 557 1337 area,
583 1259 756 1339 quisquiliae
776 1281 809 1320 ac
839 1259 940 1343 paleae
968 1282 985 1321 a
1016 1282 1091 1340 puro
1125 1261 1218 1322 tritico
1239 1277 1303 1335 sepa·

208 1355 321 1406 rentur.
357 1281 539 1413 l’roptteaare
556 1339 589 1408 ise
611 1332 717 1396 Glrnlsti
733 1341 848 1397 omnine
873 1350 918 1398 est
944 1341 1004 1397 eius
1023 1339 1195 1399 auctoritate
1213 1346 1239 1394 et
1254 1346 1303 1392 tan-

208 1443 296 1560 quam
315 1419 379 1553 ipso
400 1415 474 1474 duce
495 1413 578 1498 fungi
598 1413 725 1474 docendi
745 1414 856 1476 officio.
906 1414 1066 1494 Prophetis
1085 1415 1178 1487 enirn,
1197 1432 1254 1478 meo
1269 1408 1304 1468 iu·
1354 1443 1355 1468 i

229 1497 302 1570 icio,
344 1511 414 1574 erge
438 1491 486 1552 hic
509 1491 649 1565 sumitur,
678 1491 763 1552 sicuti
794 1498 840 1558 st.
865 1513 928 1573 cap.
953 1492 1061 1572 prioris
1091 1492 1128 1552 ad
1154 1486 1304 1552 Corinthios.
1354 1515 1355 1560 3

206 1577 331 1638 Poterat
354 1567 473 1649 quidem
496 1567 668 1649 simpliciter
692 1570 736 1628 uti
762 1566 951 1649 praedicandi
975 1567 1085 1643 verbo,
1118 1569 1168 1628 sed
1195 1562 1304 1626 consulto

206 1649 288 1734 quod
307 1645 398 1728 magis
419 1644 615 1727 honorificum
635 1656 698 1706 erat
717 1648 827 1726 posuit,
847 1667 905 1724 quo
925 1644 1029 1706 melius
1050 1647 1233 1724 exprimeret,
1249 1636 1305 1700 nihil

206 1746 269 1788 esse
289 1729 435 1784 externam
458 1722 688 1804 professionem,
708 1741 886 1802 quoeunque
907 1722 944 1782 sit
962 1720 1122 1857 splendore
1141 1721 1212 1803 apud
1230 1716 1304 1778 homi-

205 1819 267 1864 nes.
305 1800 352 1860 Ita
369 1802 402 1858 in
419 1802 534 1859 oenone
549 1795 655 1856 chaesu
673 1795 756 1857 edere
772 1802 888 1857 niumm
907 1799 968 1858 nihi
1000 1799 1078 1858 aliud
1100 1811 1153 1874 est,
1172 1795 1304 1878 quameius

204 1872 327 1951 virtute,
356 1875 506 1956 auspiciis,
534 1873 661 1954 imperio
686 1895 720 1934 ac
745 1873 834 1934 ductu
858 1875 997 1936 miracula
1026 1876 1139 1937 lacere:
1167 1890 1304 1955 quanquam

204 1955 284 2019 euim
308 1956 443 2034 ιληυὴιπι
465 1970 576 2012 nomen
607 1949 755 2010 interdum
785 1951 822 2010 ad
853 1953 981 2012 seoiem
1011 1973 1100 2012 uuam
1126 1951 1304 2012 miraculorum

203 2031 404 2115 restringitur,
436 2028 495 2089 hoc
518 2038 617 2087 tamen
642 2027 710 2109 locq
739 2038 769 2097 et
792 1972 925 2108 pluribus
954 2029 1015 2090 aliis
1043 2029 1182 2091 miracula
1211 2023 1303 2108 quaeris

203 2111 343 2252 desqugf
369 2177 534 2276 confitebor
555 2178 617 2240 tttts
634 2169 685 2242 etc.
724 2182 789 2242 Hac
808 2201 881 2243 voce
906 2180 1036 2244 alludere
1058 2183 1176 2245 videtur
1193 2180 1301 2244 Christus

203 2264 240 2326 ad
265 2263 397 2326 fallacem
421 2260 604 2334 iactantiam,
635 2279 748 2340 quase
773 2281 852 2320 nuuc
877 2271 1027 2320 ostentant
1056 2260 1236 2342 hypocritae,
1259 2251 1302 2314 acsi

203 2341 337 2414 dixisset,
361 2339 423 2420 Ipsi
441 2336 576 2417 quidem,
595 2337 664 2396 dum
684 2357 733 2398 me
752 2337 852 2416 lingua
872 2336 998 2398 confessi
1017 2349 1101 2410 sunt,
1121 2339 1247 2400 ridentur
1260 2327 1300 2391 sihi

201 2420 259 2480 rite
279 2416 428 2494 defuncti:
461 2421 492 2474 et
510 2433 590 2474 nunc
620 2435 730 2476 sonora
754 2417 871 2474 auditur
895 2413 925 2472 in
952 2433 1054 2474 eorum
1079 2414 1177 2498 lingua
1200 2407 1300 2474 nominis

201 2495 261 2556 mei
281 2493 444 2567 confessio,
467 2490 519 2551 sed
538 2509 554 2549 e
577 2491 741 2553 o·vicissim
768 2511 802 2553 ex
821 2491 943 2551 adverso
963 2491 1147 2566 confitebor,
1171 2509 1262 2552 vanum
1277 2500 1300 2542 tc

200 2573 326 2633 mendax
347 2589 411 2632 esse
436 2510 576 2648 quicquid
599 2569 784 2648 profitentur.
834 2567 916 2644 Quid
941 2578 1037 2627 autem
1063 2571 1196 2644 continet
1213 2556 1300 2628 Christi

200 2645 367 2711 confessio?
408 2644 467 2704 uod
488 2663 539 2703 eos
559 2665 708 2724 nunquam
729 2646 759 2704 in
781 2645 839 2706 suis
860 2644 1048 2724 reputaverit,
1067 2647 1154 2706 etiam
1173 2659 1228 2725 quo
1243 2652 1300 2700 tem·

222 2743 275 2783 ore
295 2667 514 2805 gloriabantur,
530 2739 562 2780 se
582 2739 644 2798 esne
656 2721 805 2781 Ecclesiae
825 2720 983 2782 columnas.
1022 2722 1095 2782 ldeo
1117 2725 1300 2783 facesserease

198 2799 311 2874 rubet,
324 2797 375 2876 qui
395 2795 491 2858 fallaci
510 2794 599 2856 titulo
617 2796 754 2857 iniustam
773 2800 987 2876 possessionem
1007 2799 1089 2858 domi
1108 2819 1175 2862 suae
1192 2795 1225 2857 ad
1243 2807 1301 2852 ten·

197 2895 252 2956 pus
273 2873 361 2935 furati
380 2884 457 2934 sunt
497 2872 624 2942 Videtur
641 2872 749 2933 Paulus
770 2893 803 2932 ex
822 2873 1002 2935 boc-Christi
1020 2895 1157 2938 sermone
1171 2895 1227 2935 sum
1248 2869 1300 2929 sisse

197 2949 277 3088 quod
298 2950 369 3011 dicit
386 2950 426 3009 11.
439 2950 517 3010 Tim.
538 2969 600 3041 cap.
614 2954 644 3022 2,
654 2956 712 3022 19„
724 2947 821 3024 ¹Novit
831 2949 988 3026 Dominus,
1007 2953 1057 3032 qui
1075 2955 1120 3014 sui
1138 2953 1206 3013 sint:
1225 2895 1302 3009 disce·
1341 2989 1343 2998 κ

187 3047 193 3060 ‘
218 3038 247 3086 at
271 3027 308 3090 ab
333 3027 373 3086 ini
395 3028 503 3101 uitate,
521 3026 665 3105 'quisquis
690 3027 808 3088 invocat
832 3047 941 3087 nomen
961 3029 1093 3088 Domini.
1139 3029 1220 3088 Prius
1239 3022 1300 3084 enim

196 3102 361 3164 membrum
376 3049 439 3164 huc
457 3113 581 3183 spectat,
600 3121 638 3160 ne
658 3101 766 3162 infirmi
779 3105 963 3184 quorundam
983 3106 1150 3166 delectione
1166 3105 1301 3165 turbentur

194 3176 242 3241 rel
268 3179 433 3257 labescant,
464 3178 569 3260 quibus
601 3199 740 3262 maguum
767 3193 798 3240 et
822 3181 940 3242 celebre
966 3181 1055 3242 fuerit
1079 3203 1201 3244 nomen:
1228 3184 1301 3256 negat

195 3255 277 3316 enim
301 3256 390 3316 fuisse
414 3271 431 3317 a
454 3255 586 3328 Domino
614 3275 629 3314 a
653 3257 746 3333 nitos,
778 3257 847 3318 licet
871 3257 951 3318 inani
981 3259 1142 3339 sphetim
1171 3255 1300 3319 homiuum

194 3331 298 3393 oculos
317 3343 463 3394 tenerent.
501 3330 619 3392 Deinde
631 3275 774 3395 hortatur
795 3355 845 3397 eos
866 3357 978 3410 omnes,
999 3333 1049 3416 qui
1068 3337 1099 3398 ts
1113 3336 1218 3398 Christi
1229 3327 1301 3392 disci·

194 3407 270 3502 pulis
296 3409 411 3469 censeri
434 3407 553 3484 volunt,
583 3422 618 3470 ut
640 3431 672 3471 se
697 3425 810 3472 mature
834 3411 869 3472 ab
895 3412 1049 3493 iniquitate
1073 3413 1244 3488 subducant,
1270 3421 1299 3462 110

192 3506 282 3624 ppspp
291 3485 424 3548 Christus
444 3507 461 3548 a
479 3505 533 3548 suo
555 3501 717 3570 conspectu
736 3489 862 3572 abigat,
877 3511 965 3570 quum
986 3487 1155 3572 segregabit
1172 3485 1255 3572 agnos
1270 3477 1298 3539 ah

214 3584 232 3625 o
273 3585 305 3626 rs.
1014 3575 1017 3582 ’

230 3823 317 3903 (69.)
357 3820 529 3888 ΜΑΤΤΗ.
549 3823 623 3890 Vll.
662 3823 714 3889 24
741 3821 857 3888 Omnis
878 3825 989 3910 igitur,
1014 3829 1071 3913 qui
1097 3823 1185 3890 audit
1205 3841 1239 3894 ex
1256 3830 1297 3878 me
1354 3897 1355 3918 Χ

187 3941 354 3987 sermones
374 3921 453 4002 hoe,
485 3925 522 3990 et'
538 3925 616 3991 lacit
638 3945 713 4005 eos,
744 3921 929 3992 assimilabo
958 3949 1030 3991 aum
1056 3930 1127 3991 viro
1154 3913 1296 4011 prudenti,

188 4025 244 4104 qui
267 4021 452 4092 aedificavit
473 4024 602 4092 domum
623 4048 712 4091 suam
733 4047 832 4112 super
850 4038 981 4112 petram.
1023 4029 1074 4094 25.
1096 4029 1136 4092 Et
1148 4013 1297 4096 descendit

142 4107 147 4148 ²
187 4117 305 4199 imber,
332 4134 365 4188 et
385 4139 545 4194 venerunt
565 4127 711 4205 flumina,
738 4137 772 4192 et
791 4128 952 4195 flaverunt
972 4133 1076 4208 venti,
1101 4139 1134 4193 et
1153 4118 1297 4190 irruerunt
1354 4119 1355 4142 ¹

157 4306 160 4322 ι
185 4216 219 4278 in
242 4217 371 4288 domum
392 4227 498 4309 illam,
527 4238 559 4295 et
579 4249 647 4320 uon
670 4228 802 4293 cecidit:
828 4229 961 4296 lundata
984 4234 1069 4296 enim
1092 4229 1195 4294 luerat
1214 4233 1297 4304 super
1354 4243 1355 4250 ¹

184 4321 315 4394 Petram.
356 4323 407 4390 26.
433 4329 475 4396 Et
497 4333 615 4410 omnis,
644 4333 700 4415 qui
727 4329 879 4397 auditor
907 4321 1044 4398 me‘hos
1072 4315 1242 4399 sariacum,
1266 4321 1291 4378 el
