2816 4746
234 1352 1122 1538 vrrl‘cnturur„

84 1931 125 2022 St
147 1963 214 2042 quis
235 1967 309 2037 e'rit,
336 1964 386 2043 qui
405 1963 529 2025 me'alio
551 1987 637 2044 quam
656 1965 786 2026 tuendae
806 1963 935 2026 veritatis
955 1967 1051 2026 studio
1073 1957 1219 2026 existimet

81 2041 118 2101 ad
140 2040 218 2099 banc
238 2041 358 2100 loannis
380 2041 493 2102 Calvini
511 2044 598 2102 vitam
624 2041 845 2103 describendam
866 2042 1034 2120 accessisse,
1061 2041 1146 2102 lacile
1172 2053 1220 2102 mc

81 2131 116 2176 ut
137 2137 228 2252 spero
249 2117 285 2176 ab
313 2117 366 2177 bac
388 2118 531 2178 calumnia
555 2139 694 2198 praesens
714 2121 813 2178 rerum
835 2118 1024 2180 humanarum
1045 2119 1135 2180 status
1154 2120 1221 2180 vin'-

83 2195 151 2254 dica
177 2193 208 2252 it.
247 2194 302 2252 Vix
322 2193 401 2252 enim
421 2195 513 2254 ullum
533 2209 577 2256 est
597 2195 714 2255 brevius
735 2196 770 2256 ad
791 2215 907 2255 omnem
923 2196 1116 2256 calamitatem
1138 2217 1221 2256 com-

81 2271 241 2352 pendium,
263 2291 349 2348 quam
361 2271 500 2332 virtutem
519 2271 664 2332 laudasse:
687 2284 830 2333 extremae
849 2272 1101 2332 verodementiae
1123 2273 1223 2347 luerit,
1242 2287 1246 2294 '

82 2347 172 2427 quod
193 2347 300 2406 malum
321 2348 413 2426 possis
432 2348 479 2407 vel
498 2369 559 2406 uno
582 2348 699 2408 silentio
718 2349 880 2420 redimere,
898 2347 929 2406 id
949 2349 1027 2420 ultro'
1048 2347 1103 2405 tibi
1120 2348 1223 2406 'accer-

80 2443 166 2483 sere.
207 2422 323 2494 Quodsi
348 2443 386 2480 ne
410 2423 548 2482 virtutem
574 2424 691 2501 quidem
717 2424 806 2482 ullam
830 2423 960 2504 impune
978 2420 1147 2501 praedicare
1172 2440 1225 2504 pa-

81 2501 209 2559 tiuntur
223 2498 376 2566 scelerati,
402 2498 475 2574 quid*
490 2499 525 2556 iis
547 2499 772 2574 exspectandum
793 2501 865 2568 est,¹
882 2495 995 2574 quibus'
1007 2493 1162 2576 pietatem,
1195 2499 1226 2557 id

83 2587 137 2636 est
159 2573 297 2652 quiddam
318 2573 380 2650 ipsa
399 2567 508 2632 virtute
529 2573 675 2650 superiuS,
694 2571 861 2651 praedicare
901 2573 1065 2664 copositum
1087 2573 1150 2633 est't'
1179 2573 1227 2634 cui

83 2673 154 2712 non
177 2645 308 2726 improbi
327 2659 443 2707 tantum
463 2647 595 2709 homines
616 2647 815 2722 adversantur,
835 2594 992 2709 sedpetram
1013 2644 1185 2730 plerumque
1205 2651 1226 2714 ii

84 2728 147 2808 ipsi
169 2725 277 2786 bellum
299 2725 479 2798 indixerunt,
527 2717 554 2784 ui
574 2726 695 2786 maxime
717 2724 806 2818 probi
826 2725 917 2786 videri
936 2748 970 2786 ac
995 2727 1142 2787 interdum
1164 2744 1225 2788 csse

86 2803 231 2864 student?
268 2803 373 2882 Neque
395 2801 472 2860 e'nim
492 2745 568 2862 ullos
589 2801 677 2861 babet
695 2814 787 2882 pictas
808 2803 936 2862 acriores
960 2803 1113 2878 inimicos,
1139 2822 1226 2885 quam

89 2901 146 2940 eos
166 2881 255 2960 ipsos,
275 2880 325 2958 qui
346 2878 445 2938 falsam
465 2879 716 2962 religionem‘pro
729 2899 795 2940 vera
815 2881 893 2940 serio
915 2892 983 2939 sunt
1002 2879 1134 2960 amplexi.
1164 2882 1226 2940 Sed

88 2959 149 3017 ista
174 2977 220 3016 me
241 2956 424 3035 quantumvis
449 2957 632 3036 inspeciem
655 2956 799 3024 terribilia
824 2958 944 3018 minime
967 2969 1065 3016 tamen
1090 2959 1227 3042 percule-

90 3045 175 3094 runt.
215 3033 316 3114 Turpe
337 3034 413 3094 enirn
436 3032 542 3107 sue'rit,
561 3033 705 3093 malorum
726 3034 923 3094 metubonos
944 3033 1048 3110 silere,
1075 3045 1106 3092 et
1125 3055 1227 3115 super-

91 3110 279 3170 stitiosorum
309 3109 486 3168 clamoribus
511 3130 677 3189 oppressam
709 3107 860 3204 religionis
886 3131 991 3171 vocem
1017 3111 1227 3172 conticescere.

94 3186 217 3260 Quodsi
237 3186 300 3265 quis
321 3187 454 3265 excipiat,
474 3186 570 3266 ,longe
584 3186 660 3246 aliud
682 3207 743 3245 esse
757 3187 871 3246 (salvini
883 3187 970 3246 vitam
981 3186 1121 3262 scribere,
1143 3209 1229 3268 quam

90 3265 249 3326 veritatem
271 3262 440 3336 defendere,
461 3263 577 3321 fatebor
597 3263 732 3342 equidem
754 3283 821 3344 ego,
841 3263 931 3342 longe
952 3262 1029 3321 aliud
1051 3257 1112 3322 esse
1132 3263 1229 3325 homi-

92 3361 166 3399 nem
188 3361 273 3418 quam
293 3339 459 3398 veritatem:
478 3340 529 3398 sed
552 3339 607 3407 boc
627 3351 725 3398 tamen
745 3341 842 3398 dicere
863 3360 924 3397 non
947 3339 1131 3415 erubescam,
1151 3339 1229 3398 baud

93 3429 211 3476 temere
224 3417 333 3475 dictum
353 3425 418 3474 esse'
435 3415 470 3474 ab
483 3435 531 3490 e0,
554 3416 603 3494 qui
616 3427 659 3476 est
679 3413 860 3486 αὐταλήθεια,
878 3415 961 3474 Siout
979 3418 1056 3474 misit
1073 3439 1117 3475 me
1130 3431 1230 3494 poter,

93 3497 140 3553 iro
159 3506 186 3550 et
205 3513 258 3567 ego
282 3494 361 3550 mitto
380 3513 447 3566 vos,
475 3505 501 3550 et
520 3497 637 3570 quivos
655 3489 751 3562 audit,
778 3512 822 3548 me
841 3491 931 3556 audit.
985 3491 1145 3553 Clamitent
1175 3493 1232 3575 igi-

95 3583 148 3630 tur
168 3569 321 3644 homines,
352 3579 415 3626 turn
436 3568 485 3646 qui
504 3569 535 3628 id
555 3569 610 3628 sthi
629 3589 683 3648 per
702 3567 896 3648 ignorantiam
939 3581 1138 3644 ersuaserunt,
1169 3581 1232 3628 tum

95 3649 149 3728 qui
170 3663 224 3725 per
243 3644 462 3724 improbitatem
482 3647 522 3704 sic
541 3645 713 3724 loquuntur,
732 3591 1113 3728 Lutberum,'PZwinglium,
1134 3645 1233 3706 Calvi·

95 3743 171 3784 uum
193 3721 315 3782 anobis
360 3741 394 3779 ro
415 3721 469 3780 diis
494 3721 612 3794 baberi,
639 3721 689 3802 qui
714 3731 812 3780 tamen
838 3722 1028 3799 quotieslibet
1046 3724 1232 3793 ¹Sanctorum

96 3801 230 3862 cultores
243 3810 276 3858 ut
285 3743 454 3857 idolblatras
465 3797 720 3877 reprehendamus.
761 3795 908 3876 Clament,
929 3800 1059 3878 inquam,
1079 3801 1125 3860 i'sti
1139 3809 1232 3877 quanss

96 3890 165 3938 tum
184 3887 224 3950 ¹et
243 3875 380 3967 quamdiu
404 3873 513 3934 volent.
557 3874 706 3934 Habemus
728 3875 812 3952 quod¹
833 3873 889 3934 illis
913 3897 1095 3958 regeramus:
1125 3892 1232 3952 nempe

97 3955 196 4035 longe
220 3952 297 4012 aliud
324 3971 387 4010 esse
411 3970 480 4012 vere
505 3959 673 4010 sanctorum
697 3950 848 4010 hominum
874 3950 991 4016 labores
1012 3973 1066 4032 pro
1087 3947 1242 4030 religione*¹

98 4042 272 4120 susceptos,
299 4029 381 4086 'dicta
407 4029 535 4106 denique
560 4039 590 4086 et
615 4027 691 4088 facta
712 4049 960 4105 commemorare,
993 4045 1115 4106 quarum
1134 4047 1234 4105 rerum

98 4129 136 4167 co
164 4105 278 4165 nrtione
298 4104 371 4164 boni
390 4103 526 4164 meliores
548 4105 679 4178 evadant,
697 4104 828 4184 improbi
842 4126 914 4165 vero
935 4104 1149 4180 redarguantur
1168 4103 1235 4184 (qui

99 4127 192 4244 nobis
212 4204 286 4240 unus
307 4192 351 4240 est
370 4201 476 4260 scopus
497 4179 527 4239 in
549 4180 606 4240 boc
625 4181 802 4261 scriptorum
822 4182 963 4263 genere),
994 4197 1098 4256 quam,
1128 4192 1161 4239 ut
1181 4179 1242 4273 ipsi·

100 4260 235 4332 faciunt,
259 4258 365 4337 partim
385 4269 453 4316 vere
473 4268 641 4317 sanctorum
659 4257 812 4316 bominum
831 4258 919 4317 vitam
939 4275 1001 4315 non
1021 4253 1116 4317 minus
1136 4257 1234 4336 impiis
1330 4269 1335 4280 “

102 4357 195 4416 quam
214 4334 323 4414 ineptis
343 4331 561 4394 narrationibus
581 4335 629 4410 (ut
648 4333 759 4392 Abdias
777 4331 826 4390 ille
846 4331 946 4392 nescio
967 4331 1032 4410 quis
1051 4331 1083 4390 in
1102 4332 1235 4412 Aposto-

101 4412 205 4473 lorum
225 4409 347 4472 historia
365 4407 452 4487 fecit)
472 4409 667 4484 dedecorare,
686 4407 791 4486 partim
817 4423 851 4466 ex
868 4405 1058 4522 putidissimis
1076 4403 1236 4465 mendaciis
