2808 4748
1157 197 1159 209 ¹
1263 200 1273 229 t

468 271 599 348 anneo
619 285 654 334 tn
674 287 798 344 moure.
1044 327 1050 340 ,
1141 281 1196 348 171

10 399 21 420 ⁶
71 415 157 480 simul
174 416 249 480 colli
286 429 316 495 t,
349 416 536 498 quodetiam
566 415 727 498 prudenter
759 417 897 498 expendit
918 419 1108 504 Augustinus.
1148 417 1199 487 Sic

71 493 164 580 igitur
181 516 247 556 reso
262 495 289 558 vi
308 493 397 554 debet
408 495 514 570 oratio,
533 493 579 554 Ne
598 495 629 553 in
649 493 842 576 tentationem
855 494 990 573 feramur,
1011 519 1065 559 nos
1085 495 1198 558 amalo

70 573 196 634 redime.
235 573 354 633 Summa
366 581 462 631 autem
475 581 528 646 cst,
548 571 628 651 quod
646 571 783 652 propriae
795 569 967 632 infirmitatis
981 573 1067 634 nolis
1078 569 1200 650 conscii,

69 650 132 710 Dei
152 649 297 731 praesidio
310 647 436 714 detenti
456 668 511 708 nos
531 648 680 728 cupimus,
700 658 735 710 ut
753 647 998 739 ‚inexpugnabiles
1018 661 1125 712 stemus
1145 650 1199 710 ad-

70 749 173 789 uersus
199 724 345 806 quaslibet
371 723 496 788 Satanae
521 721 678 784 machinas.
725 724 788 784 Iam
812 735 888 784 sicut
912 729 954 783 cx'
969 726 1102 806 pr'oximn
1126 738 1199 788 voto

74 801 272 876 ostendimus,
291 801 438 861 neminem
458 803 571 862 censeri
592 799 791 862 Chlistiarium
815 819 915 880 posse,
935 801 992 861 nisi
1011 804 1060 881 qni
1078 824 1110 862 sc
1128 816 1199 887 pec·⁸

76 879 330 969 catisobstrictnm
343 878 494 970 agnoseit,
513 879 553 938 ita
573 897 607 938 cx
627 875 879 959 hocsscolligimus,
898 878 934 938 ad
956 879 1034 938 bene
1047 879 1200 940 vivendum

76 959 151 1018 vires
171 957 256 1034 uobis
273 949 400 1016 ‘minume
425 955 575 1030 sulficere,
605 954 670 1020 nisi
687 965 829 1034 quatenns
854 973 901 1022 eas
920 955 1002 1017 Deus
1026 977 1062 1017 su,
1082 955 1202 1034 peditat.

24 1043 28 1048 “
78 1033 217 1113 Quisquis
239 1032 317 1091 enim
337 1031 549 1092 ad'vincendas
569 1031 746 1093 tentationes
766 1029 825 1090 Dei
845 1030 981 1093 auxilium
999 975 1204 1110 implorantes

77 1111 117 1170 ita
136 1110 200 1188 ipso
221 1109 380 1170 liberatore
401 1107 509 1170 latetur
527 1106 636 1168 babere
656 1129 740 1188 opus,
761 1127 798 1168 ne
817 1107 943 1168 subinde
956 1107 1086 1168 'lahatnn
1126 1107 1204 1168 Gaea

76 1199 172 1245 terum
190 1206 302 1246 nomen
319 1187 483 1246 tentationis
506 1203 594 1276 ‘saepe
613 1185 790 1268 generaliter
807 1185 932 1246 sumitur
955 1206 1010 1266 pro
1032 1203 1204 1266 quacunque

35 1340 37 1344 ‚
76 1259 361 1344 probationees'qno
393 1281 486 1343 sensu¹
511 1261 618 1320 dicitnr
638 1272 768 1322 tentatus
793 1283 809 1321 a
832 1258 899 1322 Deo
932 1260 1022 1322 fnisse
1045 1259 1206 1334 Abraham,

76 1361 168 1420 quum
187 1335 336 1420 cupititate
353 1337 411 1414 luit
430 1337 491 1398 eins
510 1337 591 1398 fides.
630 1335 681 1397 Sic
699 1349 760 1398 tarn
780 1338 904 1400 adversis
923 1337 1012 1404 rebus
1027 1344 1121 1421 qnam
1133 1347 1207 1418 pros

76 1417 168 1497 speris
187 1426 350 1488 tentamur,
375 1413 444 1494 qnia
469 1415 521 1474 hac
546 1413 702 1476 occasione
725 1415 759 1474 iu
781 1413 877 1475 lnccm
897 1427 1055 1498 emergunt
1073 1413 1208 1485 allectus,

100 1493 147 1562 ni¹
171 1493 229 1552 rius
248 1490 399 1550 latebant:
428 1491 489 1550 Sed
503 1490 682 1553 hicnotatur
698 1490 826 1554 interior
844 1491 981 1567 tentatio,
998 1505 1076 1576 'quae
1096 1489 1208 1562 diaboli

77 1513 227 1650 flagellum
248 1577 315 1647 apte
335 1567 434 1628 vocari
453 1566 628 1650 pot'est,·.ad
648 1567 825 1627 incitandam
844 1571 975 1628 nostrain
995 1568 1208 1647 concupiscen-

77 1647 158 1704 tiam.
197 1642 367 1703 Absurdnm
397 1644 476 1704 enim
501 1655 578 1705 essct
602 1665 618 1703 a
638 1643 705 1706 Deo
730 1645 849 1724 petere,
881 1645 915 1704 u't
938 1647 993 1704 nd's
1013 1645 1050 1706 ab
1072 1642 1208 1705 omnibus

10 1767 11 1774 ι
77 1721 148 1780 fidei
168 1721 350 1781 documeetls
369 1719 512 1782 immunes
536 1719 647 1780 reddat.
687 1721 768 1804 Ergo
793 1719 875 1800 ,pravi
900 1740 1003 1792 omnes
1026 1733 1136 1798 motus,
1157 1719 1209 1800 qul

78 1819 134 1858 nos
155 1798 191 1858 ad
211 1795 394 1882 peccandum
407 1797 590 1874 sollicitant,
614 1796 668 1858 sub
694 1799 858 1858 testationis
875 1798 1001 1861 nomine·
1016 1797 1211 1880 comprehene

78 1875 197 1936 duntur.
238 1873 415 1956 Quanquam
436 1873 617 1936 antem'fieri
637 1891 699 1935 non
719 1887 834 1956 potest,
858 1876 929 1954 quin
956 1873 1028 1936 tales
1050 1875 1082 1934 in
1104 1873 1210 1934 adimis
1286 1875 1287 1880 ’

80 1951 256 2032 punctiones
280 1953 454 2027 sentiamus,
485 1952 553 2032 qnia
582 1961 649 2012 toto
680 1953 756 2012 sitae
782 1973 868 2012 cursu
893 1952 1033 2013 continue
1058 1963 1103 2014 est
1122 1949 1210 2010 nobis

79 2050 145 2088 cnm
166 2048 253 2087 carue
272 2029 386 2103 militia,
407 2029 532 2110 petimus
552 2041 648 2090 tamen
669 2029 844 2105 aDnmino,¹
864 2047 902 2087 ne
921 2028 1136 2090 tentationibus
1156 2027 1211 2088 no's

80 2105 217 2166 subiiciat
233 2105 280 2164 vel
309 2105 399 2165 obrui
423 2110 563 2184 patiatur·
597 2105 641 2164 Ac
662 2125 721 2184 quo
742 2105 844 2166 melius
868 2105 1045 2184 exprimeret
1069 2103 1213 2179 Christus,

81 2202 135 2241 nos
156 2181 193 2240 ad
212 2180 341 2241 assiduos
362 2202 443 2240 casus
464 2192 494 2240 et
519 2180 616 2240 ruinas
636 2180 780 2270 proclives
804 2181 950 2259 pendere,
975 2182 1032 2241 nisi
1056 2202 1110 2241 nos
1129 2179 1212 2240 Deus

80 2279 171 2318 mauu
189 2279 245 2316 sna
260 2258 415 2329 sustin'ea't,
436 2257 489 2318 hac
508 2255 657 2334 loquendi.
669 2255 765 2319 formu
784 2277 851 2316 usus
873 2267 932 2330 est,
951 2258 997 2320 Ne
1018 2278 1073 2318 nos
1090 2257 1211 2319 inducas

81 2335 113 2394 in
133 2333 345 2396 tentationem:
364 2333 422 2405 vel,
442 2331 544 2402 utalii
562 2343 690 2406 vertunt,
709 2333 755 2391 Ne
774 2353 829 2392 nos
848 2331 982 2400 inieras·
1005 2335 1129 2396 Certnm
1148 2332 1214 2412 qui·
1263 2370 1266 2380 ι
1317 2367 1319 2376 =

82 2412 151 2470 dem
172 2421 226 2484 cst,
245 2413 485 2488 unumquemque
503 2405 613 2466 tentari
632 2429 648 2467 a
668 2407 787 2488 propria
807 2407 1053 2486 concupiscentia,
1074 2408 1215 2487 quemad-

82 2486 206 2546 modum
226 2484 315 2545 doeet
333 2483 458 2544 Iacobus
478 2485 685 2566 (t,1t),sed
708 2485 774 2562 quie
794 2483 875 2541 Dens
895 2499 957 2542 non
977 2483 1067 2542 modo
1088 2484 1215 2544 Satanae

81 2561 201 2622 libidini
222 2581 276 2622 nos
289 2560 454 2641 permittit,
478 2572 512 2620 nt
530 2560 630 2642 ignem
647 2558 908 2640 concupiscentiae
926 2558 1093 2635 accendat,
1106 2559 1157 2620 se'd
1171 2579 1215 2622 eo
1243 2571 1246 2576 “

81 2637 257 2700 utitursirae
276 2659 345 2700 suae
364 2638 517 2712 ministro,
540 2637 655 2717 quotics
675 2638 737 2697 vult
761 2636 893 2702 homines
913 2637 944 2696 in
966 2636 1082 2696 exitium
1102 2635 1216 2718 pracei-

82 2719 159 2798 pites
179 2737 194 2776 a
217 2735 284 2792 ere,
305 2717 314 2784 i
338 2735 369 2776 se
390 2736 449 2794 quo
472 2713 509 2773 ue
528 2734 581 2774 sno
602 2711 693 2775 modo
713 2713 744 2773 in
763 2712 962 2774 tentationem
978 2708 1100 2775 inducit.
1141 2713 1213 2788 Quo

10 2829 12 2868 3
82 2814 172 2855 sensu
188 2735 301 2854 iieitur
318 2734 520 2873 §piritusliei
539 2790 629 2852 malus
648 2791 804 2872 arripuisse
823 2789 952 2865 Saulem,
973 2802 1003 2849 ct
1022 2791 1128 2850 codem
1146 2802 1214 2851 ten-⁴

82 2871 159 2932 dunt
179 2869 344 2950 complures
358 2869 527 2950 Scripturas
548 2868 622 2943 loci:
642 2889 743 2948 neque
758 2877 856 2928 tamen
877 2869 1143 2959 propterealieum
1161 2887 1216 2927 vo-

83 2948 215 3008 cabimus
234 2946 378 3007 malorum
397 2959 557 3020 auctorem,
577 2945 715 3025 quoniam
734 2944 869 3007 homines
885 2945 1029 3006 mittendo
1048 2946 1079 3005 iu
1099 2964 1216 3005 sensum
1257 2953 1259 2960 ’

84 3024 248 3106 reprobum
268 3023 493 3085 uonvconlusam
511 3023 696 3102 tyrannidem
716 3033 842 3096 exercet,
862 3021 912 3084 sed
928 3023 1008 3095 ,insta
1027 3043 1079 3084 sua
1098 3022 1233 3096 iudicia„

18 3113 20 3122 ⁴
86 3103 157 3163 licet
176 3120 291 3175 arcana,
311 3103 484 3179 exsequitur.
522 3098 633 3159 Libere
655 3121 709 3170 nos
726 3121 753 3158 ‘n
775 3097 862 3158 ιιιιιῑο,
898 3093 1021 3158 Malusne
1040 3099 1088 3158 hic
1106 3099 1218 3169 tamin

86 3191 195 3240 neutro
207 3198 294 3258 quum
307 3177 467 3238 masculino
486 3196 596 3258 genere
618 3187 717 3256 potest
732 3177 848 3256 accipi'
867 3173 1095 3255 Chrysnstomus
1106 3175 1142 3236 ad
1153 3174 1218 3237 dta-
1309 3193 1318 3212 ⁸
1392 3191 1393 3198 ¹

87 3256 190 3318 bolum
203 3254 306 3328 relert,
319 3253 369 3333 qui
384 3255 516 3320 omnium
526 3253 671 3314 malorum
685 3266 728 3314 est
739 3253 923 3328 architectus,
936 3264 1023 3332 atque
1043 3265 1077 3312 ut
1095 3251 1219 3314 infestus
1244 3293 1245 3296 =

88 3347 131 3395 est
141 3331 243 3394 salutis
262 3344 382 3394 nostrae
402 3330 493 3394 hostis
514 3330 627 3390 assidue
647 3351 702 3400 nos
724 3351 763 3411 op
786 3340 886 3412 uguat.
921 3329 992 3389 Non
1004 3331 1102 3391 minus
1119 3341 1219 3390 tamen

87 3406 245 3473 commode
265 3407 371 3488 erponi
395 3408 507 3486 poterit
532 3408 568 3466 de
587 3418 723 3486 peceato.
796 3427 829 3467 ec
855 3405 891 3466 de
917 3426 951 3466 aa
978 3407 1220 3480 removendum

88 3500 133 3548 est
152 3497 314 3560 certamen,
334 3485 498 3565 quiaidem
517 3483 581 3544 sere
594 3494 693 3544 manet
707 3503 822 3558 seusus,
842 3503 897 3544 nos
912 3473 1032 3548 scilicet
1049 3482 1169 3545 diabolo
1191 3493 1221 3544 et

89 3576 212 3644 peccato
235 3582 296 3622 esse
317 3563 475 3642 expositos,
494 3559 549 3622 nisi
568 3581 623 3621 nos
640 3571 759 3620 tueatur
777 3560 924 3620 Dominus
944 3560 1108 3641 eteripiat.
1143 3557 1221 3639 Quin

88 3657 168 3701 tunm
186 3653 229 3700 est
245 3637 379 3715 regnum.'
413 3639 520 3698 Mirum
541 3649 585 3698 est
603 3637 683 3728 hanc
690 3637 867 3717 precationis
881 3637 1046 3728 clausulam,
1067 3653 1142 3714 quae
1160 3646 1221 3693 mm

89 3731 157 3800 apte
178 3716 319 3799 quadrat,
346 3715 490 3778 aLatiuis
516 3714 767 3776 luissoomrssam.
810 3715 916 3792 Neque
935 3714 1017 3774 enim
1036 3711 1104 3772 ideo
1125 3707 1222 3771 solum
1327 3763 1332 3774 ,
1392 3707 1393 3776 f

91 3797 188 3857 addita
208 3805 267 3868 est,
293 3806 326 3856 ut
345 3793 435 3860 corda
454 3803 555 3852 nostra
576 3790 612 3852 ad
632 3789 822 3872 expetendam
841 3789 901 3850 Dei
921 3791 1046 3873 gloriam
1068 3785 1221 3864 accendat,

92 3886 123 3933 et
141 3874 308 3947 admoneat,
325 3872 458 3951 quisnam
477 3867 540 3932 esse
562 3867 668 3930 debeat
687 3880 828 3936 votorum¹
844 3879 1015 3930 nostrorum
1035 3885 1151 3943 scopus,
1170 3865 1224 3928 scd

92 3951 180 4011 etiam
205 3959 239 4009 ut
263 3949 381 4023 doceat,
410 3965 513 4028 preces
538 3957 667 4020 nostras,
698 3964 773 4024 qnae
805 3943 853 4006 hie
876 3943 964 4006 nobis
989 3941 1114 4004 dictatae
1144 3952 1224 4015 sunt,

87 4035 154 4117 non
180 4017 251 4086 alilli
276 4027 366 4108 quam'
385 4023 417 4085 in
436 4023 504 4086 Deo
529 4022 594 4086 solo
622 4021 759 4090 tundens
781 4041 860 4098 csse,
880 4017 1084 4100 ·ne,‘pr'opriis
1113 4015 1225 4082 meritis

93 4115 229 4166 nitamur.
355 4120 360 4128 ’
915 4131 917 4141 ν

137 4307 217 4392 (55.)
257 4309 428 4394 ΜΑΤΤΗ.
441 4309 498 4375 Vl.
525 4307 575 4374 14.
596 4305 631 4373 Si
644 4307 728 4374 enim
750 4303 937 4372 remiseritis
955 4299 1225 4388 homiuibuspeo-

99 4417 169 4474 cata
190 4431 255 4488 sua,
276 4413 416 4482 remittet
440 4413 535 4483 etiam
559 4405 653 4480 vobis
675 4409 771 4478 Pater
793 4403 956 4476 eoelestis,
978 4404 980 4409 ’
1018 4403 1068 4472 15.
1095 4401 1225 4492 Quodsi
