2824 4756
158 327 220 390 qo
359 277 517 380 'steno
538 263 594 374 Ill.
634 306 710 372 testi
729 319 880 370 stirmis
900 321 941 368 er
960 319 1128 368 insaucia

136 451 146 472 ’
183 468 235 530 ltat
263 474 345 526 certe
369 477 431 520 non
459 453 572 540 vulgari
601 455 704 518 astutia
734 445 883 515 Herodem
915 463 979 514 erat
1008 452 1040 512 in
1071 470 1109 512 eo
1133 469 1198 511 rara
1221 451 1312 512 animi

185 539 369 624 magnitudo.
409 536 480 611 Quo
499 533 591 618 magis
610 533 716 594 mirum
737 543 795 606 est,
822 529 955 595 nuncin
983 540 1114 590 extremo
1133 526 1313 606 discrimine,

186 639 276 702 quum
294 628 393 678 tameo
412 613 443 672 in
462 629 550 672 mauu
570 612 609 672 alt
627 607 801 685 remedium,
820 606 916 668 iacere
935 606 1092 666 attonitum
1111 615 1142 666 et
1160 603 1224 666 lere
1243 627 1313 666 exa.

186 697 305 757 nimeni.
345 689 448 766 Quare
472 689 596 750 sciamus
644 705 706 746 non
726 684 783 744 uisi
806 681 947 745 miraculo
975 681 1102 762 elapsum
1132 693 1204 742 tunc
1223 681 1314 743 fuisse

185 771 293 832 Filium
312 767 371 828 Dei
396 785 430 827 es
451 765 583 826 saucibus
602 729 706 823 lconis.
741 761 807 821 Nec
824 760 920 820 mium
939 758 1028 819 hodie
1048 759 1197 819 dementat
1215 759 1314 820 hostes

186 867 255 910 suos
274 845 435 918 Dominus,
459 861 497 902 ne
521 838 601 901 mille
624 835 754 899 nocendi
779 847 855 898 artes
882 835 1049 918 excogitent
1073 835 1109 896 ad
1132 835 1314 915 perdendam

122 955 124 968 ·
187 922 367 996 Ecclesiam,
391 922 451 980 imo
471 937 509 978 ue
527 935 615 996 saepe
634 914 821 998 occasiones,
840 931 915 993 quae
934 913 965 972 in
983 923 1125 993 promptu
1143 923 1221 988 sunt,
1240 914 1315 974 arri·

189 1001 279 1082 piant.
317 996 463 1059 Astutiain
481 1012 563 1069 vero,
583 1011 640 1072 qua
658 1008 759 1072 magos
779 990 951 1070 deceperat,
968 1009 1001 1050 se
1020 1009 1080 1069 quo
1102 1007 1140 1048 ue
1157 1001 1314 1080 venturum

187 1073 326 1138 simulans
346 1069 487 1136 adorandi
505 1067 758 1141 causa,Dominiis
777 1064 837 1128 alio
856 1065 1093 1142 inodo,=ut1vide
1116 1065 1201 1142 iuius,
1220 1065 1316 1128 elusit.

160 1156 163 1164 '
188 1153 347 1216 Caeterum
366 1161 400 1209 ut
412 1146 547 1208 Herodes
566 1145 622 1208 sibi
641 1165 658 1206 a
676 1144 780 1223 populi
799 1142 927 1204 tumultu
945 1153 1079 1202 metuens
1097 1152 1197 1203 mente
1215 1143 1315 1224 priva-

187 1241 252 1306 tur,
270 1229 312 1290 ita
330 1243 445 1287 rursum
462 1233 561 1284 tantus
580 1241 647 1282 eum
667 1220 752 1282 furor
770 1220 877 1303 agitat,
895 1231 929 1280 at
947 1218 1044 1279 Deum
1062 1217 1093 1278 in
1113 1239 1144 1280 se
1164 1219 1316 1280 concitare
1403 1252 1407 1265 ·

188 1321 251 1368 uun
272 1303 397 1396 dubitet,
416 1319 513 1392 neque
533 1299 660 1383 torreat
685 1295 808 1358 Sciebat
819 1297 909 1366 enim,
928 1297 967 1390 si·
991 1297 1028 1388 ⁶is
1040 1295 1103 1386 Rea
1122 1297 1317 1388 natus-foret,
1336 1379 1339 1382 Ι

189 1383 326 1444 divinitus
351 1397 413 1440 esse
440 1376 621 1450 ordinatam,
650 1385 685 1434 ut
708 1373 868 1466 collapsum
892 1373 968 1434 Davi
990 1395 1014 1433 is
1043 1373 1149 1434 solium
1179 1385 1315 1456 erigeret.

189 1461 260 1520 Non
280 1476 353 1538 ergo
373 1453 506 1514 homines
525 1451 706 1536 aggreditur,
725 1451 777 1511 sed
798 1449 914 1510 rabiose
926 1471 991 1511 cuin
1003 1449 1070 1510 Deo
1090 1448 1201 1510 bellare
1219 1450 1315 1512 audet.

189 1535 357 1612 Utrumque
376 1531 466 1614 igitur
485 1529 646 1591 notandum
666 1539 720 1604 est,
739 1527 853 1607 Spiritu
870 1527 1021 1609 vertiginis
1033 1537 1202 1606 correptum
1216 1527 1316 1606 luisse,

189 1622 224 1672 at
241 1610 339 1669 Deum
358 1608 531 1690 impeteret,
552 1605 707 1688 pueriliter
730 1615 830 1664 tamen
849 1604 958 1686 egisse,
983 1605 1051 1685 quia
1070 1603 1236 1684 dissipatura
1255 1619 1318 1666 erat

192 1682 255 1750 dua
274 1685 445 1761 consilium,
463 1694 499 1745 ut
516 1684 609 1744 instar
625 1681 761 1778 ccccliii
778 1680 914 1772 tenebris
928 1680 1070 1763 palparet.
1232 1759 1242 1776 ο

265 1770 294 1829 9.
325 1759 440 1823 Audito
456 1779 526 1838 aega
543 1757 676 1852 pipchti
693 1771 769 1852 sum.
815 1758 929 1850 [Turpis
948 1756 1213 1850 sauenludaeorum
1229 1779 1316 1852 igna-

191 1840 252 1916 via,
278 1839 359 1920 quod
423 1859 475 1899 mo
497 1855 530 1898 se
553 1835 726 1919 alienigenis
744 1845 885 1895 comitem
910 1833 1059 1926 adiungit,
1083 1845 1116 1895 ut
1141 1855 1316 1916 promissum

247 1917 272 1976 ti
290 1857 492 2006 sanessgem
510 1913 654 2006 inspiciat
692 1913 935 2004 Praemoustrant
956 1909 1012 1972 illis
1035 1911 1152 2046 peribaq
1173 1914 1263 1988 iiam,
1287 1925 1318 1974 et

190 1988 1318 2158 sitiassensistis‘reiisaestiferiestii

192 2167 251 2228 que
271 2145 326 2205 fuit
344 2144 472 2206 scelesta.
484 2144 514 2204 in
538 2141 683 2214 ratitudo,
701 2140 876 2233 salutis'sibi
895 2139 1012 2201 oblatae
1031 2161 1116 2204 causa
1134 2143 1215 2203 nolle
1254 2165 1317 2206 uic·
1351 2218 1353 2227 Α

104 2291 107 2297 ,
192 2243 281 2316 quam
300 2220 472 2281 discriminis
490 2163 600 2295 sulita,
620 2228 651 2279 et
669 2219 727 2278 Dei
739 2228 862 2300 gratiam
882 2229 1063 2299 postponere
1080 2220 1198 2300 tyranni
1218 2241 1236 2280 o
1263 2239 1319 2280 en·

192 2299 280 2362 sioni.
319 2298 431 2358 Totum
450 2315 522 2358 vcro
547 2295 690 2376 populum
715 2293 803 2376 paulo
824 2305 892 2354 ante
918 2295 1034 2355 ostendi
1053 2294 1140 2357 'nimis
1158 2296 1245 2358 luisse
1263 2297 1317 2358 de-

192 2394 351 2461 generem,
370 2372 424 2455 qui‘
440 2373 511 2456 iugo
529 2371 692 2453 tyrannidis
711 2369 807 2454 premi
824 2367 975 2445 maluerit,
998 2391 1084 2452 quam
1104 2394 1138 2433 ex
1157 2373 1318 2434 mutatione

192 2451 303 2532 aliquid
321 2451 432 2514 sentire
454 2449 647 2512 incommodi.
682 2447 728 2509 Ac
752 2446 808 2509 nisi
831 2468 984 2532 magorum
1003 2448 1115 2512 animos
1133 2449 1246 2531 Spiritu
1263 2473 1319 2512 suo

191 2525 276 2590 Deus
294 2527 509 2606 confirmasset,
539 2535 680 2608 poterant
703 2522 739 2586 ad
763 2523 930 2586 scandalum
955 2525 1033 2586 istud
1056 2527 1228 2588 concidere:
1257 2549 1319 2588 non
1408 2565 1411 2600 ,

192 2617 292 2668 tamen
310 2603 493 2665 imminuitur
515 2603 604 2664 studii
627 2602 731 2676 ardor,
754 2601 806 2663 sed
831 2601 941 2682 absque
961 2601 1069 2662 comite
1087 2603 1319 2684 proficiscuntur.
1410 2639 1411 2668 ι

193 2685 259 2744 Nec
277 2699 349 2742 vero
368 2679 425 2741 illia
445 2679 528 2740 deest
546 2679 765 2739 confirmandae
783 2679 853 2738 fidei
871 2680 1007 2756 materia,
1032 2679 1100 2739 duni
1120 2681 1226 2741 audiun
1279 2703 1319 2742 ri·

192 2758 261 2818 dem
281 2756 385 2817 divinis
404 2755 530 2818 oraculis
549 2755 730 2816 telebratum
749 2773 813 2816 esse
830 2754 958 2836 Regem,
981 2757 1033 2836 qui
1057 2750 1112 2818 illis
1137 2778 1191 2836 per
1207 2703 1320 2820 stellam

65 2853 67 2860 ’
195 2845 331 2894 ostensus
350 2832 454 2891 iuerat
495 2830 588 2905 Quod
605 2831 681 2892 viam
700 2831 847 2912 ingressos
867 2831 951 2893 stella
969 2853 1062 2924 usque
1080 2827 1228 2896 inlocum
1248 2835 1321 2896 diri·

195 2907 255 2992 git,
280 2905 364 2968 facile
384 2905 525 2988 colligere
543 2903 629 2982 licet,
654 2927 717 2968 non
742 2905 796 2966 alia
816 2906 853 2965 de
873 2928 957 2970 causa
976 2931 1056 2989 prius
1076 2911 1239 2987 evanuisse,
1263 2911 1321 2972 uisi

191 2997 230 3045 ut
247 2984 471 3066 Hierosolymae
490 2984 527 3044 de
546 3002 628 3044 novo
647 2982 732 3066 Rege
749 2983 979 3044 sciscitarentur:
1000 2985 1089 3066 idque
1107 2987 1144 3046 ad
1162 2987 1322 3048 tollendam

194 3060 413 3124 “emotionem
436 3060 568 3138 Iudaeis,
592 3058 659 3139 qui,
682 3069 839 3140 postquam
863 3059 963 3122 edocti
985 3061 1106 3124 fueruat
1131 3064 1168 3124 de
1192 3064 1322 3126 Redem-
1410 3137 1411 3140 Ἴ

196 3150 284 3220 ptore
304 3137 362 3198 sibi
381 3138 484 3212 misso,
505 3157 571 3197 eum
590 3147 690 3206 tamen
708 3139 832 3198 scientes
852 3158 886 3198 ac
904 3137 1037 3224 voleqtes
1057 3153 1259 3202 contemnunt.

188 3229 191 3240 ¹
273 3221 321 3280 11.
357 3213 531 3273 lnvnoeruat
542 3211 708 3289 pesculiam.
746 3213 863 3282 Nonum
888 3215 1055 3276 scandalum
1075 3215 1204 3280 obiicere
1222 3217 1322 3298 potuit

194 3291 287 3372 magis
305 3302 366 3350 tam
386 3290 520 3351 delormc
538 3289 750 3382 spectaculum,
769 3311 859 3370 quum
879 3291 953 3352 adeo
973 3293 1046 3353 nihil
1064 3295 1179 3378 regium
1199 3305 1323 3354 exstaret

195 3367 228 3427 iu
251 3365 389 3443 Christd,
414 3379 449 3428 ut
467 3388 569 3447 quevis
588 3365 708 3448 plebeio
728 3368 846 3428 infante
860 3368 949 3430 vilior
969 3381 1045 3431 esset
1062 3391 1095 3433 ac
1115 3371 1322 3452 contemptior.

198 3441 260 3504 Sed
280 3443 347 3524 quia
369 3443 499 3536 persuasi
522 3455 606 3521 sunt,
639 3443 776 3507 divinitus
800 3445 992 3508 constitutum
1014 3466 1077 3508 esse
1095 3448 1223 3530 Regem,
1253 3448 1324 3508 liaec

100 3567 103 3578 .
196 3515 260 3581 sola
284 3531 440 3657 conceptio
461 3540 564 3581 eorum
583 3521 685 3582 animis
710 3519 795 3582 infixa
815 3521 934 3582 Christo
955 3523 1032 3605 apud
1057 3543 1108 3586 eos
1131 3525 1324 3588 reverentiam

197 3596 353 3658 conciliata
394 3596 546 3678 ignitutem
566 3597 644 3658 enini
662 3599 726 3660 eius
745 3597 839 3659 adhuc
861 3597 1005 3660 occultam
1025 3601 1212 3664 considerant
1223 3601 1254 3662 iu
1262 3599 1324 3660 Dei

197 3672 333 3735 consilio.
370 3673 411 3732 Et
429 3673 496 3752 quia
514 3685 597 3735 certo
615 3687 757 3752 statuunt,
778 3675 866 3736 alium
890 3675 956 3737 lore
975 3668 1060 3812 quam
1079 3699 1160 3740 nunc
1177 3689 1324 3760 appareat,

197 3749 312 3832 regium
331 3748 476 3810 honorem
496 3749 612 3811 deierre
631 3753 751 3812 minime
770 3772 822 3813 eos
841 3751 941 3832 pudet
1005 3774 1075 3814 orro
1095 3754 1180 3818 donis
1199 3755 1257 3816 suis
1275 3765 1323 3815 te·

180 3825 327 3918 stamus,
350 3825 428 3886 unde
451 3829 511 3889 aiut
530 3827 666 3919 oriundi:
694 3828 893 3921 nequeenim
916 3828 1038 3921 dubium
1062 3843 1124 3908 est,
1155 3831 1226 3913 quin
1252 3830 1325 3902 liaec
1409 3861 1410 3902 i

198 3902 753 4061 ‘tltt‘ttttttt'tttffit’ttt
762 3925 894 4042 titt·
917 3905 1208 4048 „lt‘ilsstttitt’
1226 3927 1325 4044 '¹⁰23

173 4047 175 4052 ’
198 3999 269 4116 ilus
286 4057 353 4146 tria,
370 4075 447 4136 quae
466 4003 644 4118 referretis.
658 4003 762 4152 l'Quod
775 4023 958 4149 omnes⁹fere
969 4059 1146 4142 interpretes
1167 4005 1325 4156 dellogno,

200 4131 1017 4274 ii⁰lii¹⁰nirillffsfilliidhiillfflil’
1043 4147 1137 4277 ‘tit
1166 4239 1198 4277 m
1213 4138 1325 4276 litt

202 4277 233 4338 iu
281 4285 310 4344 'o
329 4229 417 4348 iili&
435 4251 533 4350 taliae
572 4233 981 4363 scinuqee’rctysotienne
1002 4214 1110 4370 ffie,
1137 4259 1249 4355 donum
1271 4289 1326 4352 ali-

203 4355 284 4432 quod
302 4359 416 4422 'habere
439 4363 471 4424 iii
493 4385 598 4442 manu,
623 4365 742 4448 quoties
773 4385 859 4447 reges
883 4387 951 4427 suos
976 4367 1148 4431 salutabant
1205 4368 1328 4464 Eligant

202 4439 300 4498 mm
318 4438 396 4520 magi
413 4439 470 4508 tric
488 4441 560 4521 isis,
578 4465 702 4533 quorum
721 4454 881 4532 protenus·
901 4441 1056 4516 Orientem
1075 4446 1225 4523 ”obmitto
1242 4443 1328 4515 81Μί
