2824 4756
210 249 249 312 so
393 233 543 300 SECTIO
562 231 620 292 111.
659 230 736 290 Isso
753 213 901 291 normas
921 217 963 288 nr
981 243 1148 292 rursum

211 397 327 478 tempus
353 381 501 462 depositus
527 377 592 438 iuit.
630 375 788 435 Veniamus
809 374 845 436 ad
869 376 983 434 tertium
1008 374 1171 434 discrimen.
1208 371 1345 437 Minime

207 454 334 524 'dubium
358 471 417 533 est,
444 457 516 538 quin
540 455 627 514 alium
651 464 751 512 teneat
777 451 910 512 ordinem
936 451 1099 512 Matthaeus
1124 471 1210 531 quam
1233 451 1344 512 Lucas.

213 540 300 601 Alter
319 538 396 596 enirn
415 533 519 594 Davidi
539 531 740 602 Salomonem,
760 529 833 588 alter
843 527 957 586 Nathan
977 528 1139 588 subnectit:
1160 527 1238 588 unde
1259 529 1344 588 clare

213 625 345 697 apparet,
365 613 490 671 diversas
510 609 600 668 lineas
620 606 767 666 constitui.
807 606 891 664 Hane
902 604 1010 664 dissidii
1028 606 1156 684 speciem
1176 605 1214 664 ita
1234 606 1344 664 conci-

180 743 183 750 .
214 695 286 754 liant
310 691 434 750 boniet
458 685 546 765 periti
570 685 760 762 interpretes,
791 682 871 760 quod
892 683 1095 740 Matthaeusa
1121 679 1244 742 naturali
1266 703 1342 761 pro-

213 767 301 854 ‘genie
321 765 481 838 discedens,
500 783 584 841 qnam
604 761 735 838 sequitur
746 758 849 832 Lucas,
868 757 992 840 legalem
1010 759 1213 840 genealogiam
1233 777 1341 816 recen-

199 853 284 908 seat.
322 843 365 901 Le
387 841 460 900 alem
480 859 550 899 vero
572 834 989 916 genealogiam'interpretor,
1009 835 1075 912 quia
1095 835 1201 894 factum
1223 845 1281 904 est,
1307 846 1342 892 ut
1398 855 1399 870 ³

214 925 258 984 ius
289 940 322 980 re
344 941 375 978 nr
405 917 441 976 ad
466 911 605 974 salathiel
631 913 775 972 transiret.
827 911 919 985 Quod
949 923 1046 970 autem
1071 907 1228 985 Eusebius,
1259 909 1340 970 libro

213 1000 309 1081 primo
324 939 468 1056 historiae
481 988 715 1063 Ecclesiasticae,
726 989 870 1048 sententia
883 987 1013 1052 Africani
1032 987 1243 1069 genealogiam,
1264 1005 1341 1066 quae

212 1076 329 1136 abusa
350 1067 537 1142 describitur,
569 1065 596 1123 le
618 1063 692 1124 alem
716 1067 815 1144 potius
838 1065 984 1137 nominat,
1014 1063 1046 1122 in
1072 1064 1197 1123 eundern
1219 1063 1339 1123 sensnm

212 1152 308 1212 redit:¹
328 1165 425 1226 neque
445 1143 521 1202 enirn
541 1082 619 1202 aliud
639 1141 694 1200 sihi
713 1140 784 1215 vu'lt,
804 1161 889 1220 quam
909 1141 1036 1222 legitima
1057 1141 1186 1214 ratione,
1227 1141 1287 1200 uod
1307 1140 1337 1200 in

235 1247 338 1312 ersonp
358 1220 527 1282 Salomonis
546 1216 704 1278 stabilitum
724 1217 821 1276 suerat
839 1225 870 1276 re
893 1230 978 1292 oum,
1002 1218 1118 1277 tandem
1143 1214 1178 1276 ad
1200 1161 1338 1276 galathiel

212 1249 360 1382 belapsum
381 1317 452 1358 csse.
493 1295 552 1355 Sed
573 1295 679 1354 rectius
698 1295 848 1376 magisque
870 1237 968 1354 dextre
988 1292 1165 1374 loquuntur,
1186 1293 1235 1372 qui
1256 1294 1337 1374 lega-

213 1381 271 1441 lem
292 1375 426 1438 ordinem
445 1373 628 1443 aMatthaeo
653 1371 807 1451 proditum
831 1390 893 1431 csse
919 1370 1033 1444 dicunt,
1059 1371 1126 1451 quia
1147 1363 1336 1430 Salomonem
1398 1395 1399 1434 3

214 1455 357 1518 continuo
376 1461 446 1530 post
464 1449 607 1508 Davidem
628 1448 781 1508 nominans
806 1467 867 1506 non
888 1448 1037 1521 observat,
1063 1467 1079 1506 a
1104 1447 1216 1526 quibus
1233 1467 1338 1506 secun-

215 1533 284 1594 dum
305 1547 421 1589 carnem
441 1526 580 1586 continua
601 1527 676 1584 serie
696 1525 811 1605 genitus
831 1525 869 1583 sit
888 1523 1037 1598 Christus,
1061 1524 1112 1584 sed
1132 1523 1282 1603 quomodo
1305 1543 1338 1581 ex

213 1591 376 1668 Salomone
398 1615 427 1663 et
447 1603 509 1662 aliis
528 1600 647 1696 regibus
661 1600 854 1672 descenderit,
873 1612 906 1660 ut
925 1601 952 1658 le
975 1601 1071 1660 itimus
1092 1612 1166 1660 esset
1178 1603 1338 1674 successor,
1398 1663 1399 1674 ,

212 1683 250 1760 in,
273 1682 354 1742 cuius
381 1700 468 1741 manu
491 1699 576 1760 regns
601 1678 780 1758 perpetuitas
809 1620 980 1736 stabilienda
1006 1688 1067 1737 erat
1097 1699 1130 1735 ex
1153 1675 1210 1736 Dei
1237 1689 1335 1754 pacto.
1398 1677 1399 1750 j

211 1757 379 1820 Probabilis
410 1769 504 1816 autem
530 1775 633 1815 eorum
659 1755 759 1844 opinio
785 1765 844 1826 est,
896 1753 926 1811 ui
955 1765 1050 1813 morte
1075 1753 1198 1832 hhasjae
1226 1753 1338 1812 finitam

178 1879 180 1884 ,
212 1835 301 1898 fuisse
322 1832 489 1893 Salomonis
508 1832 629 1912 stirpem
650 1831 811 1898 existimant
830 1775 964 1912 (Hilteg.
974 1837 1003 1903 9,
1011 1835 1057 1896 27.
1070 1835 1156 1904 ettl,
1169 1829 1220 1906 1.).
1245 1827 1337 1904 Quod

213 1923 248 1974 'ex
267 1911 444 1971 Iudaeorum
464 1907 680 1968 commentariis
700 1908 832 1965 referunt
852 1907 1003 1980 nonnulli,
1028 1907 1194 1967 mandatum
1213 1905 1301 1964 luisse
1322 1913 1359 1966 a·

211 1989 336 2063 Doride,
356 1997 398 2061 ut,
417 1985 441 2046 si
454 1985 578 2064 quando
590 1983 729 2042 deficeret
748 1989 781 2041 ex
793 1982 953 2044 Salomone
972 1971 1099 2060 soboles,
1118 1985 1197 2066 regia
1209 1993 1337 2064 potestas

214 2065 366 2127 deveniret
386 2061 421 2122 ad
440 2074 575 2142 posteros
595 2058 728 2134 Nathan,
756 2063 788 2117 in
812 2060 908 2119 medio
936 2060 1085 2140 relinquo:
1116 2072 1228 2120 tantum
1253 2079 1335 2118 sumo

157 2169 159 2174 ·
213 2141 294 2224 qnod
314 2151 426 2202 certum
448 2150 501 2212 est,
522 2137 606 2220 regni
626 2137 838 2196 successionem
859 2158 920 2196 non
941 2137 1027 2196 fuisse
1049 2139 1210 2213 confusam,
1230 2135 1280 2195 sed
1294 2131 1336 2194 dil
1398 2175 1399 2200 ,

163 2213 170 2219 ’
212 2215 445 2281 stin'ctos'suisse
466 2215 578 2296 gradus.
617 2213 678 2272 Iarn
699 2233 788 2292 quum
808 2225 906 2272 narrat
925 2234 1004 2274 sacra
1025 2213 1158 2288 historia,
1185 2224 1253 2294 post
1271 2233 1336 2272 cae·
1398 2205 1399 2218 ¹

214 2297 281 2356 dem
300 2293 426 2371 Abasjae
453 2301 579 2385 regnum
603 2312 619 2351 a
642 2302 736 2348 matre
763 2291 823 2348 eius
843 2288 959 2349 Athalia
984 2291 1071 2365 fuisse
1097 2311 1170 2351 occu
1193 2303 1285 2366 atum,
1307 2300 1336 2348 et

213 2371 396 2445 sublatume
416 2369 514 2428 medio
538 2380 634 2428 totum
661 2368 773 2450 regium
794 2386 900 2459 genus,
920 2367 984 2448 plus
1005 2389 1091 2446 quam
1110 2311 1263 2448 probabile
1283 2379 1335 2440 est,
1398 2437 1399 2446 χ

213 2471 231 2511 a
250 2447 372 2508 muliere
385 2446 595 2508 dominationis
607 2443 711 2524 cupida
731 2447 833 2525 impias
853 2443 916 2504 illas
936 2454 966 2503 et
985 2445 1108 2504 nefarias
1129 2443 1229 2503 caedes
1250 2443 1335 2502 luisse
1398 2447 1399 2478 l

212 2537 355 2608 patratas,
381 2543 418 2582 ne
442 2523 472 2581 in
498 2522 635 2582 ordinem
656 2520 797 2600 privatum
816 2533 923 2581 'coacta
943 2541 1069 2612 regnum
1089 2521 1145 2580 alio
1169 2520 1334 2579 translatum

212 2603 336 2664 videret.
368 2600 456 2680 vErgo
476 2599 500 2658 si
519 2599 642 2676 Ahasjae
662 2609 806 2678 superstes
828 2597 929 2656 fuisset
946 2598 1036 2672 filius,
1057 2597 1183 2656 libenter
1202 2595 1333 2662 aviasub

213 2678 324 2740 tutelae
344 2675 446 2735 colore
465 2676 625 2754 tranquille
644 2674 706 2732 sine
726 2674 831 2732 invidia
851 2685 881 2732 et
897 2673 1029 2752 periculo
1050 2685 1207 2756 regnasset.
1246 2671 1335 2746 Quod

214 2773 248 2814 er
270 2775 288 2811 ο
309 2752 444 2810 extremis
464 2749 785 2810 sceleribusiofamenr
799 2769 830 2810 se
849 2748 905 2827 (ΙΙ.
923 2750 1016 2809 Paral.
1036 2755 1084 2826 22,
1105 2751 1148 2828 9.)
1175 2761 1205 2808 ct
1225 2769 1334 2808 exosam

197 2773 329 2902 reddit„
361 2826 574 2905 desperationis
597 2827 712 2906 signum
735 2837 792 2900 est,
823 2825 890 2902 quia
912 2827 990 2886 domi
1004 2839 1132 2908 regnum
1152 2839 1255 2886 tenere
1275 2845 1333 2883 non

212 2913 339 2987 poterat.
380 2901 536 2962 Caeterum
557 2907 637 2982 quod
657 2900 857 2980 IoasAhasjae
873 2900 979 2974 dieitur
998 2903 1176 2979 filius,ratio
1195 2914 1250 2976 hest,
1270 2902 1335 2994 quia

212 2981 306 3066 gradu
346 2979 471 3039 sosimus
493 2990 573 3052 erat,
599 2978 761 3040 ut'merito
788 2978 901 3038 censeri
926 2979 1049 3039 deberet
1066 2999 1150 3040 verus
1176 2990 1205 3039 et
1225 2989 1335 3038 nativus
1398 2977 1399 2986 ’

212 3058 298 3140 regni
325 3000 440 3115 baeres.
487 3055 609 3115 Praeter
631 3076 696 3115 uam
724 3054 802 3113 enirn
828 3053 907 3134 quod
927 3055 1045 3116 Athalia
1071 3057 1109 3136 (si
1135 3057 1224 3116 aviam
1250 3055 1335 3114 fuisse

213 3134 328 3204 demus)
348 3131 478 3192 libenter
495 3132 582 3192 abusa
602 3133 690 3194 titulo
710 3129 827 3214 infantis
846 3131 962 3205 suisset,
987 3134 1050 3213 quis
1069 3133 1209 3202 mediocri
1228 3131 1333 3190 iudicio

200 3209 361 3290 ¹praeditus
381 3207 537 3269 verisimile
556 3208 685 3288 putabit,
710 3207 869 3268 naturalem
895 3230 927 3268 re
951 3211 971 3270 is
997 3210 1089 3271 fitium
1108 3211 1238 3292 potuisse
1256 3228 1271 3268 a
1291 3227 1335 3268 sa⁴
1398 3205 1399 3256 ἶ

213 3285 335 3347 cerdote
354 3284 456 3365 Ioiada
475 3284 631 3361 abscondi,
656 3296 689 3346 ut
712 3304 774 3343 non
794 3284 885 3368 magis
905 3229 1030 3347 soblicite
1050 3307 1116 3347 eum
1137 3287 1197 3347 avia
1217 3283 1335 3366 quaere·

212 3361 278 3423 ret?
318 3359 399 3435 Quin
420 3363 535 3441 potius,
556 3362 580 3423 si
603 3363 666 3443 quis
690 3361 852 3442 prudenter
883 3364 979 3424 omnia
1010 3364 1166 3444 expendat,
1198 3363 1335 3498 colligere
1398 3373 1399 3376 ’

235 3449 382 3518 comptum
416 3449 473 3513 est,
502 3458 536 3497 ex
565 3439 619 3501 alia
650 3440 726 3500 linea
758 3439 846 3504 luisse
898 3441 1040 3501 roxiroum
1064 3442 1148 3522 regni
1174 3440 1259 3499 haere
1282 3459 1335 3496 em.

202 3461 313 3594 ,boquc
332 3514 362 3572 id
383 3513 439 3574 sihi
458 3515 561 3577 volunt
579 3517 666 3579 verba
704 3515 821 3574 Ioiadae
850 3459 904 3594 (Ii.
925 3517 1017 3584 Paral.
1037 3522 1090 3592 23,
1109 3523 1136 3580 3.
1158 3560 1166 3592 ,
1192 3515 1336 3608 Ragnahit

196 3591 288 3652 ·hlius
313 3591 391 3673 regis
417 3593 576 3653 secundum
621 3607 716 3655 actum
744 3592 867 3652 Domini
893 3614 956 3654 curn
982 3593 1107 3657 Davide:
1133 3591 1336 3668 acsigdrceret,
1398 3607 1399 3618 ¹

213 3669 277 3750 indi
300 3690 369 3726 nuru
390 3687 451 3743 esse
470 3670 565 3744 nefas,
585 3695 609 3733 sr
628 3670 842 3732 muliervalieni
865 3687 920 3730 ena
938 3683 1086 3753 sceptrum
1106 3671 1142 3730 ‘ad
1162 3690 1192 3730 se
1212 3691 1242 3728 ra
1265 3679 1336 3740 eret,

215 3687 299 3827 quod
314 3745 396 3805 Deus
416 3757 492 3804 stare
512 3748 645 3808 voluerat
663 3749 692 3808 in
716 3746 821 3806 familia
841 3689 968 3807 blandis.
1008 3747 1110 3823 Quare
1129 3745 1202 3806 nihil
1222 3685 1337 3806 absurdi

213 3835 274 3899 est,
306 3822 330 3882 si
350 3821 459 3885 Christi
483 3841 574 3905 genus
599 3825 724 3902 deducat
742 3824 835 3884 Lucas
860 3847 875 3884 a
894 3823 1024 3884 Nathan:
1045 3824 1122 3904 ‘quia
1141 3823 1204 3882 fieri
1230 3833 1336 3902 potest,

112 3932 116 3940 ·
213 3911 247 3958 ut
268 3898 434 3960 Salomonis
455 3919 561 3980 genus,
586 3914 725 3981 quantum
746 3900 782 3958 ad
802 3901 887 3984 regni
906 3902 1118 3961 successionem
1137 3899 1336 3989 speetat,·io-

207 3977 370 4042 ,terciderio
408 3975 495 4036 Nunc
508 3976 532 4034 si
544 3979 606 4056 quis
621 3979 747 4052 obiiciat,
767 3976 864 4038 Iesum
880 3999 941 4037 non
957 3997 1042 4058 posse
1062 3977 1338 4062 agnosciMessram,

215 4053 265 4132 qui
305 4053 442 4112 romissus
463 4065 537 4126 erat,
563 4054 619 4114 nisi
648 4055 684 4114 sit
709 4073 742 4112 ex
763 4053 929 4114 Salomonis
977 4055 1093 4127 osteris,
1120 4073 1206 4133 quem
1226 4064 1337 4112 certum

215 4139 259 4186 est
277 4073 363 4189 titisse
384 4142 484 4264 tppum
508 4127 629 4204 Christi,
650 4133 680 4190 in
700 4144 839 4211 promptu
860 4143 903 4192 est
922 4077 1046 4190 sobutio:
1071 4125 1200 4210 quamuis
1221 4141 1339 4220 natura·t

215 4201 284 4262 liter
304 4225 336 4262 ex
357 4207 395 4266 Sa
410 4227 517 4266 omone
537 4228 598 4267 non
617 4209 707 4268 fuerit
727 4212 857 4302 genitus,
878 4207 1079 4300 legali-tamen
1101 4207 1205 4266 ordine
1226 4225 1339 4266 censen
1398 4223 1399 4264 3

215 4277 276 4338 eius
296 4280 401 4358 lilium,
422 4284 487 4362 quia
507 4305 541 4347 ex
560 4284 677 4368 regibus
692 4305 835 4368 originem
856 4285 945 4343 duxit.
983 4282 1045 4342 Sed
1061 4295 1141 4343 tanta
1161 4282 1192 4342 in
1214 4283 1338 4340 nomini·
1398 4303 1399 4354 g

13 4375 14 4412 f
115 4437 117 4443 Ι
213 4349 267 4412 dut
290 4355 436 4420 diversius
451 4361 575 4444 multos
599 4362 683 4426 valde
711 4362 876 4443 p'ertttrhat:
909 4377 977 4420 nam
1008 4360 1163 4422 aDavidc'
1184 4377 1277 4438 usque
1302 4357 1338 4418 ad

549 4571 561 4608 l
