2808 4748
217 336 218 345 χ
368 255 372 265 „
433 243 582 357 (dli-32.
601 265 684 392 lepus
697 269 859 346 tentatur.)
899 321 907 330 ,.
1113 259 1119 266 ”
1155 273 1213 370 109
1261 363 1264 372 Ι

81 409 182 471 datum
206 409 313 486 fuerat,
328 427 419 490 posse
439 430 501 471 non
528 429 660 490 peccare.
698 411 791 492 Atqui
809 411 927 489 scimus,
951 431 985 476 ea
1005 413 1131 497 Spiritus
1150 417 1212 478 rir-

79 499 148 548 tute
172 488 317 548 munitum
344 486 431 546 fuisse
451 486 618 563 Christum,
642 498 676 547 ut
695 488 822 548 Satanae
845 489 911 549 telis
957 493 1123 557 enetrahilis
1146 512 1211 556 non

80 576 168 625 esset.
206 561 359 624 Accedens
383 576 514 624 tentator.
553 565 621 626 Hoc
645 584 755 633 nomen
776 564 903 626 Satanae
964 568 1046 630 iritus
1071 572 1209 632 consulto

79 641 198 715 tribuit,
219 639 299 721 quod
318 639 374 700 sibi
393 641 531 701 attentius
550 639 585 701 ah
607 660 644 701 eo
665 652 786 702 caveant
804 639 914 701 fideles.
970 643 1027 703 ude
1046 647 1131 707 etiam
1145 647 1209 708 col-

79 717 216 798 ligimus,
236 717 426 790 tentationes,
447 737 524 796 quae
548 738 603 777 nos
622 716 659 777 ad
682 717 792 778 malum
810 715 986 794 sollicitant,
1015 740 1077 779 non
1096 725 1157 790 nisi
1169 724 1208 785 ah

80 812 121 853 eo
142 795 307 873 provenire.
342 793 418 852 Nam
432 793 513 874 quod
531 792 637 855 aliculti
657 794 765 853 dicitur
781 794 1003 868 tentareDeus,
1021 796 1051 854 id
1070 798 1101 856 in
1121 799 1210 861 alium
1235 865 1238 870 ,

80 871 174 948 finem
187 881 308 951 spectat,
327 889 434 950 nempe
446 882 480 929 ut
492 869 585 934 iidem
604 871 724 931 suorum
738 870 881 951 exploret,
902 882 953 931 aut
972 890 1098 950 poenam
1116 889 1210 938 sumat

81 945 122 1005 de
141 946 307 1021 incredulis,
327 957 377 1006 aut
396 945 491 1027 palam
510 946 597 1007 iaciat
617 967 719 1009 eorum
741 947 919 1027 hypocrisin,
940 949 992 1029 qui
1010 949 1129 1012 veritati
1147 973 1209 1012 nou

80 1023 230 1086 obediunt
248 1043 282 1083 ex
302 1023 399 1084 animo
416 1021 514 1157 pGen.
532 1029 581 1099 22,
600 1028 628 1088 1·
647 1024 737 1085 Deut.
757 1030 806 1096 13,
823 1023 876 1102 3.)·
930 1027 932 1034 '
1001 1037 1010 1055 ¹

70 1155 73 1158 .
160 1105 189 1165 3.
231 1099 271 1158 Ut
288 1097 402 1179 lapidos
435 1101 448 1157 i
459 1101 655 1182 punesfiont.
694 1100 850 1162 Hiretiam
886 1115 968 1162 arum
980 1099 1070 1163 firmis
1089 1105 1212 1186 argutiis

79 1178 216 1238 luserunt
238 1187 366 1237 veteres:
391 1176 515 1257 primam
539 1176 618 1236 enim
642 1177 838 1238 tentationem
864 1123 1002 1240 dixerunt
1027 1197 1089 1241 esse
1114 1181 1210 1264 gulae,

80 1255 204 1328 alteram
224 1252 408 1328 ambitionis,
438 1253 555 1312 tertiam
575 1253 723 1334 avaritiae,
747 1253 798 1315 sed
826 1253 981 1316 ridiculum
1002 1269 1046 1316 est
1068 1255 1104 1318 ad
1124 1257 1211 1339 gulae
1249 1278 1253 1287 ¹

80 1331 288 1410 intemperiem
308 1330 430 1404 referre,
449 1330 473 1389 si
493 1330 556 1408 quis
576 1328 725 1390 famelicus
745 1329 843 1390 cihhm
863 1333 989 1412 appetit,
1009 1353 1068 1424 quo
1088 1346 1213 1395 naturae
1284 1337 1287 1342 ’

73 1406 249 1484 satisfaciat.
306 1405 404 1465 Porro
423 1407 544 1485 quasin
564 1425 642 1486 pane
660 1405 784 1467 lautitias
802 1407 924 1489 fingent,
943 1419 976 1468 ut
995 1409 1080 1471 mmis
1100 1410 1210 1472 delica-

78 1497 129 1545 tus
150 1481 265 1543 censeri
285 1480 408 1558 debeat,
426 1482 479 1562 qui
496 1480 575 1543 sicco
612 1502 687 1562 ⁴ane,
704 1494 738 1544 ut
757 1483 853 1557 aiunt,
873 1495 1028 1546 contentus
1048 1485 1110 1547 est?
1148 1487 1211 1548 Sed
1302 1557 1303 1562 η

78 1581 120 1621 ne
162 1558 207 1619 lus
225 1557 385 1620 verborum
404 1558 510 1619 frustra
528 1579 584 1640 per
604 1581 699 1632 amus,
723 1559 810 1622 unica
830 1561 940 1638 Christi
966 1564 1119 1644 responsio
1140 1566 1209 1627 satis

80 1579 225 1718 declinat,
243 1633 321 1695 aliud
341 1635 427 1696 luisse
447 1635 573 1696 Satanae
597 1637 762 1697 consilium.
806 1637 876 1697 Non
897 1632 960 1697 erat
978 1651 1058 1700 certe
1077 1638 1158 1702 rudis
1179 1654 1210 1702 et

79 1714 235 1794 imperitus
255 1710 364 1772 athleta
382 1711 472 1773 Filius
491 1712 565 1789 Dei,
585 1725 619 1772 ut
637 1713 763 1774 nesciret
781 1711 935 1776 adversarii
954 1713 1032 1783 ictus
1053 1715 1211 1794 declinare,

77 1803 114 1852 ut
145 1789 181 1848 ad
208 1788 354 1848 dexteram
384 1801 498 1870 partem
528 1790 677 1872 impetitus
703 1791 729 1851 cl
750 1811 838 1871 peum
862 1790 899 1850 ad
923 1789 1067 1867 sinistram
1096 1807 1211 1856 temere
1281 1827 1299 1842 κ·

80 1877 261 2002 opponeret.
300 1865 380 1948 Ergo
400 1866 424 1926 si
449 1877 570 1942 conatus
595 1867 697 1962 fuisset
739 1868 806 1928 atan
832 1887 898 1928 eum
922 1867 958 1928 ad
982 1869 1068 1952 gulae
1092 1870 1212 1944 delicias

79 1964 118 2026 pe
133 1944 239 2017 licere,
258 1942 385 2004 habehat
404 1943 436 2002 iu
460 1945 600 2024 promptu
618 1944 788 2024 Scripturas
807 1944 990 2020 testimonia,
1014 1946 1121 2026 quihus
1140 1968 1210 2008 eum

80 2018 251 2102 repelleret.
288 2018 380 2100 Atqui
398 2019 511 2079 nullum
530 2022 590 2084 tale
609 2042 663 2102 pro
687 2023 767 2097 onit,
794 2021 846 2082 sed
871 2022 947 2102 hanc
964 2023 1140 2084 sententiam
1159 2047 1210 2085 su-

24 2157 27 2162 ,
79 2103 147 2171 mit,
164 2097 263 2158 vivere
281 2096 416 2156 homines
436 2117 498 2156 non
517 2116 603 2177 pane,
622 2042 684 2158 sed
693 2098 864 2164 arcanaDei
876 2098 1095 2160 benedictione.
1120 2101 1211 2162 Unde

79 2174 262 2256 colligimus,
295 2172 432 2232 Satanam
452 2183 532 2232 recta
551 2192 719 2254 aggressum
745 2174 833 2234 fuisse
853 2173 964 2235 Christi
983 2175 1087 2252 fidem,
1118 2189 1154 2238 ut
1175 2198 1211 2240 ea
1285 2251 1286 2254 Ἴ

80 2254 224 2312 exstincta
238 2248 387 2310 Christum
407 2248 443 2308 ad
462 2247 579 2308 illicitos
599 2260 629 2308 et
648 2267 800 2328 perversos
818 2250 911 2310 victus
924 2253 1083 2328 quaerendi
1102 2254 1215 2314 modos

79 2326 257 2408 impelleret.
295 2323 334 2384 Et
353 2335 434 2383 certe
452 2334 524 2384 tunc
542 2323 675 2404 iugulum
695 2326 778 2405 petit,
789 2323 867 2384 hum
885 2325 944 2386 hoc
964 2327 1082 2388 efficere
1100 2340 1214 2410 tentat,

79 2417 115 2464 ut
136 2422 191 2462 nos
211 2400 278 2459 Deo
299 2399 387 2460 dilfisi
405 2399 504 2473 aliter,
545 2419 684 2480 uamper
703 2401 765 2464 eius
783 2400 905 2460 verbum
924 2399 1006 2474 licet,
1027 2402 1114 2462 nohis
1134 2425 1210 2464 con·
1274 2407 1281 2443 f

8 2485 9 2504 ¹
78 2479 218 2542 sulamus.
257 2475 365 2536 Sensus
386 2495 458 2568 ergo
476 2420 635 2536 rethorum
660 2486 718 2536 est:
742 2477 860 2554 quando
884 2476 965 2538 vides
983 2487 1014 2538 te
1033 2499 1050 2538 a
1068 2476 1136 2538 Deo
1156 2479 1214 2540 de‘-¹
1308 2496 1312 2503 ·

78 2555 173 2629 stitui,
193 2549 348 2618 necessitas
366 2547 501 2632 cogrt‘ut
519 2550 574 2610 ribi
593 2573 662 2632 pros
685 2551 760 2614 icias.
798 2551 880 2636 Ergo
890 2551 1000 2612 rictum
1017 2553 1073 2615 tihi
1084 2555 1212 2634 confice,

80 2653 171 2713 quem
189 2629 271 2689 Deus
290 2627 344 2689 tihi
363 2648 426 2688 non
445 2627 635 2707 suppeditat.=
660 2573 726 2690 hesi
752 2639 849 2690 autem
869 2629 996 2690 divinam
1016 2629 1127 2692 Christi
1151 2653 1210 2712 po-

11 2769 14 2778 ,
79 2710 206 2769 tentiam
220 2705 369 2780 obtendit,
390 2727 446 2786 qua
465 2703 575 2784 lapides
586 2713 745 2766 vertantur·
756 2706 785 2764 in
805 2725 905 2785 panes,
925 2705 981 2765 hoc
1000 2717 1098 2767 tamen
1117 2730 1210 2771 unum
1278 2713 1280 2716 ’
1357 2747 1358 2759 1

8 2815 10 2856 s
81 2796 215 2861 venatur,
234 2793 269 2844 ut
288 2781 421 2843 Christus
442 2780 530 2842 aDei
549 2781 640 2843 verbo
662 2781 823 2858 discedens,
842 2781 980 2874 quicquid
1000 2783 1121 2844 dictabit
1139 2786 1210 2858 infi-
1260 2806 1263 2811 ·

81 2862 198 2934 deliras,
217 2870 364 2940 sequatur.
401 2858 546 2939 Apposite
580 2879 651 2941 ergo
678 2879 724 2920 res
749 2859 841 2920 ondet
860 2861 1011 2937 Chrrstus,
1039 2861 1110 2922 Non
1129 2861 1209 2941 solo,

8 2987 10 3022 ,
80 2959 159 3020 pane
177 2935 461 3000 virere-hominem:
491 2936 549 2998 acsi
568 2935 696 3010 diceret,
745 2959 763 2994 u
783 2954 831 2998 me
850 2936 957 3016 aliquid
976 2936 1099 2997 remedii
1119 2958 1208 3014 exco-

102 3019 175 3076 ‘tare
202 3013 301 3086 iubes,
349 3034 388 3073 uo
417 3011 490 3071 mihi
517 3011 605 3079 aliter
631 3009 717 3093 quam
746 3013 891 3092 permittit
919 3012 1000 3074 Deus
1031 3011 1207 3082 succurram.
1294 3031 1300 3046 ³

81 3036 175 3173 {iqui
194 3091 253 3152 hoc
273 3035 453 3150 diffidentiae
474 3100 566 3165 esset,
584 3089 664 3150 cuius
684 3087 764 3149 nulla
784 3101 828 3148 est
847 3089 937 3165 ratio,
959 3109 1045 3173 quam
1065 3090 1115 3149 diu
1133 3113 1206 3173 pro-

10 3225 12 3231 .
80 3170 172 3230 mittit
189 3169 282 3242 Deus,
301 3187 332 3226 se
350 3164 422 3224 mihi
439 3166 598 3227 nutricium
618 3165 694 3225 lore.
734 3165 782 3226 Tu
802 3167 894 3226 Satan
913 3167 974 3226 eius
993 3165 1117 3248 gratiam
1136 3169 1207 3248 pani
1260 3229 1261 3232 ,

80 3247 193 3328 alligas:
212 3246 275 3336 ipse
287 3263 356 3303 vero
377 3252 481 3302 contra
498 3253 633 3318 testatur,
650 3252 684 3300 ut
695 3241 790 3303 desint
809 3262 913 3304 omnes
931 3242 999 3318 cibi,
1017 3242 1110 3304 solam
1123 3265 1207 3308 suam
1274 3270 1278 3280 ·

80 3322 323 3382 benedictionem
342 3315 379 3378 ad
398 3339 453 3378 nos
473 3317 593 3380 alendos
613 3318 756 3380 sufficere.
793 3318 855 3380 Iam
874 3324 1019 3394 tenemus,
1039 3319 1126 3400 quale
1145 3322 1205 3383 hoc

80 3397 170 3460 fuerit
188 3394 361 3476 tentationis
402 3415 483 3471 enus,
503 3413 609 3475 nempe
629 3415 688 3474 quo
708 3415 765 3456 nos
782 3396 952 3476 quotidieo
976 3417 1013 3476 pu
1037 3408 1087 3457 nat
1099 3397 1204 3465 S'atan:
1227 3459 1231 3466 ,

80 3495 143 3536 uon
170 3475 249 3536 enim
279 3414 400 3552 aliquod
428 3471 597 3532 inusitatum
626 3482 773 3532 certamen
797 3471 896 3538 subire
913 3417 1008 3534 volhit
1057 3473 1084 3532 ei
1102 3473 1224 3548 Filius·

82 3552 132 3612 scd
152 3569 322 3614 communes
345 3547 455 3626 hahere
480 3546 632 3608 nobiscum
657 3569 697 3630 pu
720 3568 784 3623 nas,
812 3559 847 3609 ut
868 3548 971 3612 iisdem
990 3549 1077 3612 armis
1095 3549 1204 3610 muniti

81 3643 142 3690 nou
162 3628 339 3700 dubitemus,
357 3625 481 3706 palmam
501 3625 531 3683 in
551 3645 637 3684 manu
655 3568 742 3685 nohis
763 3644 833 3686 esse.
928 3625 931 3634 '

155 3714 185 3771 4.
208 3704 356 3778 Scriptum
374 3715 425 3777 esi,
443 3719 502 3760 nou
520 3699 582 3760 solo
595 3721 684 3778 pane.
721 3700 790 3761 Hoc
810 3701 935 3781 primum
954 3713 1060 3762 notatu
1079 3699 1202 3783 dignum
1233 3775 1237 3782 ἱ

83 3794 136 3859 est,
156 3781 236 3874 quod
250 3780 430 3860 scripturam
444 3777 578 3839 Christus
597 3799 651 3858 pro
673 3777 777 3870 clypeo
795 3777 937 3870 opponit:
957 3797 1025 3838 nam
1044 3777 1117 3837 haec
1134 3797 1203 3840 vera

83 3868 126 3917 est
144 3855 302 3919 drmicandi
324 3857 416 3930 ratio,
443 3855 468 3915 si
493 3865 571 3915 certa
597 3855 719 3916 victorra
742 3854 833 3934 potiri
856 3855 999 3934 cupimus.
1033 3853 1098 3914 Nec
1122 3849 1203 3915 euim

83 3931 187 3996 frustra
205 3932 313 3995 Paulus
331 3931 453 3995 verbum
472 3929 531 3990 Dei
552 3930 678 4014 gladium
702 3930 883 4012 spiritualem
905 3931 1056 4006 nominat,
1081 3939 1112 3990 et
1130 3928 1201 3990 fidei

82 4022 162 4071 scuto
181 4032 237 4073 nos
256 4010 389 4086 instruit,
407 4007 514 4089 Ephes.
533 4014 563 4084 6,
582 4014 628 4074 16.
647 4013 695 4072 17.
733 4007 822 4067 Unde
835 4008 927 4068 'etiam
939 4001 1125 4088 colligimus,
1143 4004 1203 4066 Pa·
1297 4061 1298 4064 ,

81 4084 176 4162 pistas,
215 4087 276 4148 nasi
295 4086 371 4146 lacta
384 4106 449 4146 cum
461 4085 567 4144 Satana
581 4084 731 4164 pactione,
748 4084 856 4146 animas
875 4081 1202 4162 crudeliter'exponere
1256 4091 1263 4110 ¹

83 4160 141 4224 eius
160 4163 274 4225 librdini
294 4163 329 4224 ad
341 4163 510 4242 interitum,
531 4181 620 4240 quum
640 4160 820 4252 Scripturam
840 4159 966 4293 malipue
985 4159 1200 4239 supprimentes
1266 4172 1269 4180 ’

79 4231 136 4296 Dei
153 4241 295 4323 populum
313 4239 442 4319 spolIaut
460 4239 518 4298 suis
537 4238 639 4311 armis,
666 4238 770 4317 qurbus
794 4236 864 4296 solis
882 4245 1005 4293 sautem
1023 4257 1103 4295 suam
1121 4237 1200 4296 tueri

78 4323 228 4441 poterant:
255 4317 306 4398 qui
328 4335 399 4375 vero
419 4327 592 4376 armaturam
611 4314 695 4374 istam
714 4325 821 4394 sponte
845 4310 1002 4386 abiiciunt,
1028 4331 1084 4372 nec
1109 4333 1141 4373 se
1166 4314 1198 4373 in

108 4389 134 4449 ei
150 4394 250 4457 schola
273 4392 386 4458 assidue
410 4399 561 4473 exercent,
586 4391 666 4475 digni
690 4402 758 4466 suut
782 4388 832 4470 qui
857 4386 976 4471 singulis
1000 4390 1156 4478 momentis
1181 4409 1198 4450 a
