2808 4748
197 205 278 274 iis.
396 215 405 226 ·
644 195 798 264 saceio
817 197 871 262 vt
1243 287 1258 309 ·

197 358 300 432 posse,
324 342 396 441 quin
418 339 577 436 borribilet
601 352 633 406 et
654 341 721 424 plns
742 307 833 436 'quain
853 341 958 406 densae
967 334 1120 408 *tenebrae
1136 347 1268 428 'regnent
1285 346 1317 406 in

196 427 273 501 vita,
291 421 495 496 ubibomines
515 419 581 482 data
600 440 620 480 o
643 440 693 482 era
711 433 891 514 coecutiunt.
928 421 1012 512 Idem
1031 434 1191 513 est'seusus
1209 422 1318 484 verbo-

196 497 535 667 euastata:
552 517 624 636 {a
645 496 1318 711 {mepte:asennaa
1376 565 1377 604 ι

198 656 303 795 puinto
323 662 436 732 capite,
453 652 558 712 Nemo·
571 650 720 713 lucernam
739 670 827 714 accen
851 663 889 726 it,
911 663 943 711 et
961 653 1045 732 ponit
1063 671 1126 712 eam
1145 653 1177 712 in
1195 651 1317 723 abston-
1376 661 1377 726 ξ

219 732 274 806 ito,
294 741 349 791 etc.
387 726 513 788 Deinde·
523 727 608 788 buius
628 726 770 788 clausulae
789 727 869 802 loco,
889 728 922 788 Si
934 727 1043 804 lumen,
1082 725 1142 788 dod
1161 729 1192 788 in
1211 741 1242 788 te
1262 739 1313 804 est,
1376 755 1377 798 ι

197 809 340 872 tenebrae
359 815 428 866 sunt
446 815 516 878 eto,
540 804 774 864 exhortationem
815 805 893 881 onit,
921 803 1001 865 Vidi
1018 750 1176 879 misenen,
1194 804 1273 884 quod
1286 809 1316 864 in
1376 803 1377 814 ’

198 900 226 946 te
243 897 299 957 est,
318 879 449 942 mna
465 883 539 942 dm:
564 879 623 941 acsi
642 881 766 956 diceret,
820 881 869 941 ide
888 901 927 942 ne
946 902 1027 942 mens
1047 893 1113 958 tua,
1137 902 1210 963 quae
1229 884 1316 944 instar

198 961 337 1030 lucernae
353 957 471 1040 fulgere
490 956 631 1018 debuerat
650 956 686 1018 ad
704 957 898 1020 moderandas
915 970 980 1020 tuas
999 959 1144 1034 actiones,
1163 963 1256 1032 totana
1275 959 1314 1020 vi-

197 1050 257 1100 tain
275 1048 356 1098 tuam
375 1033 553 1096 obtenebret
571 1053 605 1096 ac
623 1045 781 1113 perpertat.
819 1035 928 1096 Postea
947 1034 1080 1110 subiicit,
1106 1057 1195 1116 quum
1214 1035 1316 1096 illumi-

196 1125 284 1176 natur
303 1133 411 1194 eorpus
429 1109 466 1172 ab
486 1107 593 1184 oculo,
615 1109 647 1172 in
666 1109 787 1193 singulis
810 1112 949 1174 membris
969 1123 1079 1174 exstare
1097 1114 1236 1192 optimam
1255 1133 1316 1172 mo-

198 1190 393 1330 dppatiolnem,
410 1186 495 1248 sicuti
513 1185 614 1248 lumen
633 1207 788 1265 accensum
799 1185 973 1270 diffunditur
985 1200 1015 1249 et
1026 1201 1162 1271 penetrat
1172 1189 1203 1250 in
1219 1209 1317 1250 omnes

198 1291 215 1330 c
257 1265 326 1328 ieui
365 1276 450 1326 artes.

274 1347 322 1408 24.
373 1362 434 1402 euin
444 1343 705 1416 presentem.
725 1340 816 1403 Redit
829 1341 961 1404 Cbristns
970 1340 1007 1402 ad
1019 1342 1201 1424 superiorem
1212 1340 1319 1402 doctri·

177 1443 277 1496 ·nam,
295 1421 403 1499 nem'pe
422 1429 455 1477 ut
474 1437 542 1480 suos
563 1417 721 1500 discipulos
740 1418 777 1480 ab
797 1419 915 1482 avaritia
933 1417 1068 1480 retrabat.
1106 1419 1191 1480 Prius
1203 1419 1316 1494 dixerat,
1376 1437 1377 1450 ¹

199 1520 254 1562 cor
271 1494 397 1557 bominis
420 1493 559 1556 thesauro
584 1496 646 1556 eius
670 1495 836 1558 devinctum
861 1515 923 1558 esse
950 1507 980 1556 et
1006 1496 1211 1571 constrictum,
1242 1517 1317 1556 nune

197 1575 339 1638 admonet
357 1571 477 1632 alienari
496 1592 513 1631 a
532 1571 664 1634 Domino
684 1584 788 1634 eorum
808 1573 909 1650 corda,
930 1573 1027 1654 quise
1048 1573 1153 1634 divitiis
1173 1573 1315 1634 addicunt.

196 1649 327 1713 Delicias
347 1649 426 1709 enim
451 1647 549 1710 fallaci
571 1660 722 1730 praetextu
745 1649 839 1710 maior
860 1671 926 1730 pars
946 1649 1003 1720 sibi
1022 1649 1116 1710 facere
1135 1649 1227 1722 solet,
1252 1649 1317 1709 dum

197 1730 277 1790 inter
295 1726 394 1786 Deum
418 1735 450 1785 et
474 1747 537 1786 suas
562 1725 733 1806 cupiditates
757 1726 860 1817 partiri
882 1747 914 1786 se
939 1745 1027 1806 posse
1050 1725 1141 1808 fingit,
1186 1726 1317 1788 Christus

197 1816 297 1867 autem
320 1803 384 1862 lieri
409 1821 496 1884 posse
519 1820 558 1860 ne
597 1814 610 1862 t
657 1812 691 1860 ut
715 1822 866 1882 quisquam
886 1802 954 1863 Deo
984 1802 1069 1863 simul
1095 1815 1125 1863 et
1148 1803 1229 1863 carni
1252 1823 1317 1862 suae

119 1889 125 1904 ‘
197 1882 394 1960 obtemperet.
431 1879 502 1938 Non
522 1820 643 1938 dubium
663 1888 718 1954 est,
739 1878 809 1957 quin
828 1879 1019 1958 proverbium
1036 1891 1108 1940 tunc
1126 1879 1213 1971 vulgo
1232 1881 1318 1940 usita-

97 2011 101 2017 .
196 1970 261 2022 tum
280 1955 379 2030 suerit,
397 1953 552 2016 Neminem
571 1969 658 2034 po'sse
677 1953 792 2018 duobus
812 1955 937 2016 dominis
962 1954 1048 2016 simul
1072 1976 1188 2018 servire.
1227 1955 1317 2030 Quod

89 2879 92 2888 ’
198 2888 258 2959 que
271 2870 479 2960 commendet,

196 2034 290 2118 igitur
308 2031 440 2093 omnium
459 2029 600 2112 opinione
618 2041 769 2110 receptum
788 2042 867 2108 erat,
879 2053 941 2114 -pro
961 2032 1096 2094 confesso
1116 2034 1216 2108 sumit,
1233 2044 1318 2112 atque

197 2113 239 2172 ita
256 2109 292 2171 ad
312 2119 496 2190 praesentem
515 2128 627 2168 causam
647 2109 865 2182 accommodat,
889 2107 942 2170 ubi
965 2129 1088 2192 regnum
1113 2120 1257 2189 occupent
1273 2108 1318 2181 di-

197 2187 296 2262 vitiae,
315 2185 446 2246 abdicari
463 2183 531 2244 Deo
550 2205 634 2244 suuni
653 2184 816 2266 imperium.
853 2187 923 2247 Non
944 2197 987 2246 cst
1007 2186 1124 2265 quidem
1142 2185 1318 2266 impossibile

196 2265 267 2325 Deo
285 2261 405 2336 servire,
424 2262 474 2342 qui
493 2260 595 2323 divites
614 2273 697 2336 sunt,
715 2261 767 2322 sed
787 2262 917 2343 quisquis
936 2262 1043 2323 divitiis
1062 2283 1092 2324 se
1109 2263 1140 2322 in
1152 2263 1318 2323 servitutem

195 2340 303 2416 tradit,
329 2338 432 2399 allen
464 2355 495 2398 se
527 2338 692 2420 emancipet
720 2349 766 2399 est
783 2358 918 2415 necesse,
947 2338 1182 2420 quandoquidem
1212 2337 1317 2398 diaboli
1376 2363 1377 2368 ¹

196 2416 343 2498 mancipia
362 2435 417 2476 nos
436 2414 556 2476 avaritia
574 2421 691 2506 semper
708 2415 814 2476 reddit
854 2415 945 2492 Quod
964 2414 1033 2476 alibi
1052 2415 1180 2478 refertor
1197 2437 1214 2476 a
1231 2415 1316 2488 Luca,
1375 2373 1377 2472 l

197 2493 230 2554 in
249 2493 327 2554 bunc
347 2501 516 2558 contextum
535 2493 672 2554 insecura.
693 2493 759 2572 qnia
779 2514 868 2574 quum
888 2493 1023 2574 sparsim,
1055 2504 1089 2553 ut
1110 2492 1169 2554 sert
1193 2492 1316 2567 occasio,

138 2577 140 2584 '
193 2568 401 2650 ,Evangelissie
422 2587 456 2628 ex
476 2567 587 2629 Cbristi
606 2569 740 2630 doctrina
759 2571 916 2631 sententias
940 2571 972 2630 in
992 2569 1104 2630 alienos
1127 2571 1209 2632 locos
1226 2581 1318 2628 trans·

197 2645 311 2719 ferant,
331 2642 418 2703 nobis
437 2642 518 2704 nulla
537 2663 599 2704 esse
619 2645 709 2704 debet
728 2645 851 2726 religio,
881 2667 931 2708 eos
951 2647 1030 2706 inter
1048 2666 1078 2707 se
1098 2658 1207 2726 aptare.
1244 2645 1321 2706 Cae·

196 2733 294 2780 terum
315 2717 396 2797 quod
414 2717 580 2799 specialiter
598 2719 636 2778 de
655 2719 760 2782 divitiis
780 2721 827 2782 bic
847 2722 970 2799 dicitur,
995 2722 1031 2782 ad
1051 2721 1105 2782 alia
1123 2743 1211 2782 omne
1229 2741 1324 2804 genus
1376 2751 1377 2794 i

197 2793 267 2857 vitia
286 2793 343 2854 rite
363 2793 480 2853 extendi
504 2805 621 2930 potest:
652 2815 743 2874 quum
761 2796 843 2856 Deus
866 2809 1022 2880 tantopere
1040 2798 1235 2859 sinceritatem
1254 2799 1325 2858 nbi-

525 2869 610 2950 upler
628 2881 726 2929 autem
753 2891 806 2932 cor
823 2873 1028 2956 abominetur,
1051 2895 1102 2936 eos
1122 2895 1223 2936 omnes
1249 2874 1325 2948 fatti,

198 2967 250 3026 qur
269 2965 365 3025 ipsum
390 2946 508 3006 dimidia
527 2946 624 3006 cordis
648 2946 693 3006 sui
719 2959 802 3027 parte
828 2961 998 3012 contentum
1024 2951 1089 3012 sore
1115 2963 1227 3032 putant
1267 2951 1327 3012 Fa-

196 3031 299 3082 tentur
319 3023 437 3114 quidem
457 3043 559 3083 omnes
580 3040 643 3098 ore,
662 3042 724 3082 non
736 3045 805 3085 vere
826 3027 884 3088 coli
896 3028 992 3088 Deum
1005 3029 1061 3089 nisi
1072 3029 1187 3110 integro
1202 3027 1328 3103 allecto,

197 3096 250 3158 scd
268 3116 302 3157 re
320 3119 382 3189 ipsa
401 3111 521 3182 negant,
542 3098 611 3158 dum
631 3099 789 3163 conciliare
806 3104 926 3164 student
945 3123 991 3165 res
1011 3106 1088 3166 inter
1103 3125 1137 3164 se
1154 3105 1329 3166 contrarias.

195 3173 269 3234 Non
288 3172 418 3235 desinam
458 3174 556 3253 inquit
574 3174 755 3254 ambitiosus,
773 3179 842 3240 Deo
861 3181 985 3256 servire,
1010 3181 1138 3262 quamvis
1157 3181 1194 3240 ad
1212 3201 1329 3243 venans

198 3247 252 3308 dos
272 3247 402 3340 bonopes
425 3218 537 3311 bonam
562 3251 675 3334 ingenii
702 3255 762 3314 mei
785 3268 899 3347 partein
931 3279 967 3338 ap
989 3253 1094 3318 licem.¹
1131 3257 1214 3318 Idem
1234 3259 1329 3331 avari,

195 3322 382 3416 poluptuosi,
411 3326 546 3418 propolae
572 3329 678 3405 dediti,
709 3329 875 3411 libidinosi,
898 3335 1045 3410 crucies,
1069 3355 1124 3415 pro
1149 3354 1180 3395 se
1200 3335 1331 3415 quisque

195 3409 318 3461 ructant:
339 3415 502 3480 quasivero
518 3404 656 3483 possibile
668 3406 715 3484 sit,
732 3409 801 3484 Deo
823 3431 857 3470 er
875 3423 958 3490 parte
976 3412 1094 3487 servire,
1106 3431 1178 3491 quos
1198 3430 1233 3471 ex
1251 3432 1331 3490 pro-

196 3475 275 3538 fesso
296 3489 401 3568 contra
420 3497 487 3569 euin
507 3479 617 3542 bellare
636 3495 727 3563 patet.
769 3487 881 3546 Verum
901 3487 1019 3567 quidem
1039 3500 1099 3563 cst,
1123 3486 1224 3549 fideles
1242 3488 1331 3568 ipsos
1376 3487 1377 3490 ’

196 3573 347 3633 nunquam
366 3565 407 3614 ita
426 3575 457 3614 in
477 3556 602 3630 solidum
622 3559 754 3622 addictos
774 3581 837 3624 esse
849 3563 909 3623 Dei
922 3564 1077 3643 obsequio,
1090 3564 1159 3644 quin
1170 3565 1332 3624 retraban-

87 3681 92 3688 .
196 3641 247 3690 tur
271 3629 397 3690 subinde
414 3630 527 3694 vitiosis
555 3637 656 3697 carnis
674 3637 887 3717 cupiditatibus.
931 3639 996 3710 ¹Sed
1021 3640 1089 3720 quia
1117 3652 1238 3731 gemunt
1271 3641 1330 3700 sub
1376 3627 1377 3722 l

195 3703 251 3766 bac
270 3706 548 3798 miseraservitute,
576 3712 691 3793 sibique
712 3714 881 3795 displicent,
911 3735 968 3778 nec
991 3714 1076 3777 aliter
1095 3739 1175 3778 carni
1194 3717 1332 3778 serviunt

197 3801 284 3871 quam
304 3795 388 3875 inpetu
408 3795 438 3844 ct
457 3783 649 3865 reluctantes,
676 3810 739 3850 non
759 3791 897 3852 dicuntur
917 3792 1030 3854 duobus
1095 3793 1179 3854 minis
1203 3793 1332 3866 servire,
1376 3797 1377 3830 l

197 3877 266 3936 quia
284 3859 407 3951 perinde
427 3862 592 3940 probantur
611 3885 714 3926 eorum
733 3868 828 3929 studia
847 3880 877 3928 et
896 3880 1016 3930 conatus
1034 3869 1182 3944 Domino,
1200 3869 1259 3930 acsi
1280 3870 1331 3928 in·
1376 3927 1377 3938 ,

196 3943 311 4012 tegnam
330 3934 374 4027 pli
392 3937 592 4002 obedientiam
636 3955 805 4004 raestarent.
848 3946 906 4006 Hic
929 3958 1038 4006 autem·
1052 3946 1197 4006 refellitur
1221 3965 1332 4006 eorum
1376 3981 1377 4020 i

195 4005 376 4103 hypocrisis,
396 4014 446 4093 qui
464 4015 523 4078 sibi
541 4019 573 4080 iu
591 4017 668 4084 vitiis
686 4018 894 4102 blandiuntur,
913 4023 971 4086 acsi
989 4017 1083 4085 lude‘rn
1103 4022 1234 4086 tenebris
1253 4043 1333 4103 pos-
1376 4023 1377 4068 l

195 4094 264 4144 sent
283 4107 475 4175 coniungere.
980 4139 983 4146 .
1045 4127 1051 4138 .
1142 4107 1145 4114 ‘
