2786 4742
385 209 637 292 nrosroxonun
656 241 857 291 msrrrurro.
1057 259 1070 314 χ
1133 231 1198 296 24ss
1299 285 1303 293 .

71 373 187 434 delerre
211 393 299 453 quam
321 373 377 454 ipsi
400 371 489 436 Deo?
520 373 577 433 iam
604 373 673 434 hinc
696 375 843 453 sequitur,
870 374 983 438 abiecta
1009 372 1131 437 coelesti
1161 385 1193 438 et

70 464 190 522 aeterna
208 451 285 526 vitu,
313 449 374 512 hoc
395 450 482 512 nohis
502 449 639 511 duntaxat
656 470 711 510 nos
735 453 833 512 lacere
856 451 1018 527 residuum,
1047 462 1083 512 ut
1102 452 1192 512 simus

70 527 231 608 pecudibus
251 527 367 588 similes.
404 526 499 590 Penes
518 526 616 586 Deum
641 547 732 588 unum
751 538 880 619 potestas
900 539 944 586 est
961 541 1098 588 aeternae
1115 522 1192 588 vitae

72 616 102 662 et
122 604 238 665 mortis:
259 624 326 671 eum
346 603 530 686 negligimus,
550 603 617 684 quia
637 623 691 662 nos
711 604 773 663 ahrr
797 603 819 664 it
838 602 988 663 hominum
1008 593 1104 664 tinior.
1142 604 1192 663 An

70 701 133 739 non
145 680 222 740 clare
241 690 333 761 patet,¹
352 680 441 761 pluris
461 701 522 742 esse
541 678 628 740 nohis
648 625 831 740 umhratilbm
843 675 1086 758 corporisvitarn,
1106 701 1192 760 quam

71 768 224 816 aeternum
242 757 356 818 animae
380 768 500 830 statum,
525 757 586 820 imo
612 756 741 818 coeleste
758 756 817 815 Dei
842 775 967 816 renum
991 755 1083 815 nihilo
1107 757 1193 818 nobis

73 853 135 892 csse
154 853 224 912 prae
242 832 339 916 fugaci
360 846 390 894 et
409 834 527 894 evanida
550 825 711 911 praesentis
730 833 806 892 vitae
824 775 945 892 umbra?
983 831 1033 890 Sic
1054 851 1125 913 ergo
1144 852 1193 891 re·
1216 872 1219 878 ι

72 907 146 970 solvi
167 909 277 970 debent
295 910 383 971 verba
404 909 532 985 Christi,
553 909 713 990 Agnoscite
731 909 815 970 vobis
835 909 912 970 datas
932 925 994 968 esse
1013 905 1193 969 immortales

17 1035 18 1046 ,
72 986 190 1060 animas,
210 1006 285 1066 quae
304 987 388 1046 unius
407 985 466 1046 Dei
485 986 607 1047 arbitrio
626 986 775 1046 subiectae
795 985 826 1044 in
847 983 998 1046 hominum
1017 994 1193 1074 potestatem

70 1082 133 1122 non
152 1063 282 1123 veniunt
318 1063 417 1142 Atque
435 1062 477 1122 ita
497 1061 582 1124 nullis
600 1061 764 1139 terroribus
783 1061 829 1123 vel
847 1061 932 1121 minis
952 1059 1104 1120 hominum
1123 1057 1195 1120 fides

70 1151 166 1198 vestra
184 1138 362 1199 succumbet.
403 1139 464 1214 Qui
485 1139 519 1198 lit
537 1139 633 1213 enim,
653 1139 735 1198 utin
754 1139 897 1200 conflictu
915 1135 1080 1217 praevaleat
1099 1134 1195 1197 homi·
1263 1169 1265 1178 ι
1289 1199 1291 1206 ,

70 1235 141 1274 num
159 1215 267 1287 timor,
290 1215 347 1275 nisi
368 1215 447 1294 quod
468 1216 580 1276 animae
603 1214 915 1350 praelehturrcorpus,
939 1225 969 1274 et
993 1211 1195 1348 immortalitsp
1296 1287 1298 1290 Ι

71 1285 197 1352 caducas
219 1289 297 1352 ritae
346 1283 537 1352 ostbabetur?
585 1291 658 1350 leo
691 1291 853 1370 emphatica
873 1301 928 1350 ⁴est
950 1289 1089 1382 repetitio
1115 1307 1172 1424 alpu

70 1367 193 1445 Lucam,
216 1368 297 1426 Gerre
340 1365 478 1444 ‘cooodis,
496 1364 572 1427 hano
588 1371 698 1448 tiroqm
717 1369 774 1428 acsi
795 1365 908 1428 dixisset
919 1366 1063 1440 Christus,
1081 1386 1121 1424 nu
1145 1385 1194 1424 um

71 1444 158 1503 n'ohis
179 1463 241 1503 esse
260 1443 318 1504 Dei
336 1455 528 1525 respectum,
542 1443 656 1523 quoties
676 1444 889 1504 succumbimus
907 1442 1060 1502 hominum
1078 1441 1202 1502 timorit¹

71 1532 176 1581 souma
194 1519 219 1580 si
237 1518 335 1584 Deum
353 1540 537 1596 reveremur,
558 1520 672 1580 facilem
691 1518 778 1579 nohis
797 1519 827 1579 in
846 1539 934 1579 manu
954 1537 1016 1580 esse
1034 1518 1196 1592 victoriam,

71 1616 111 1656 ne
136 1595 196 1656 ulla
213 1595 256 1655 vis
282 1596 432 1657 hominum
459 1596 496 1656 ab
516 1595 617 1657 officio
642 1615 697 1656 nos
710 1594 850 1671 abducat.
902 1594 998 1656 Porr'o
1027 1605 1197 1672 temporum

71 1672 204 1732 omnium
223 1673 400 1752 experientia
420 1673 518 1748 docet,
558 1695 625 1734 uam
644 1672 804 1732 necessaria
823 1672 862 1732 sit
881 1671 990 1733 Christi
1007 1669 1146 1730 ministris
1166 1679 1198 1730 et

71 1748 104 1807 in
125 1767 234 1831 genere
254 1750 308 1830 piis
328 1769 447 1831 quoque
460 1693 597 1810 omnibus
615 1749 689 1809 haec
708 1746 888 1808 exhortatio:
910 1745 1119 1812 nullum'enim
1138 1745 1196 1807 fuit

70 1836 132 1885 tem
154 1847 204 1900 us,
228 1845 287 1960 spuo
308 1847 370 1886 non
390 1847 422 1888 se
441 1824 588 1888 violenter
607 1825 763 1887 extulerint
782 1823 915 1888 homines
933 1825 1068 1885 adversus
1086 1821 1196 1898 Deum,

71 1913 102 1962 et
146 1921 240 1984 range
252 1903 312 1962 ium
332 1902 461 1964 obruere
480 1903 579 1964 conati
597 1903 664 1964 sint
693 1902 777 1962 Non
797 1919 899 1962 omnes
918 1901 1036 1982 quidem
1055 1899 1093 1959 ad
1111 1899 1196 1960 in'cu-

69 1977 204 2038 tiendum
223 1981 324 2040 mortis
342 1992 488 2042 terrorem
508 1979 572 2072 pari
591 1978 694 2038 armati
706 1989 782 2040 sunt
800 1977 949 2057 potentia,
971 1977 1022 2038 sed
1042 1976 1076 2036 in
1093 1975 1198 2038 maiori

70 2074 196 2116 numero
214 2069 319 2138 regnat
329 2056 488 2138 Cyclopica
506 2068 560 2116 rsta
579 2055 689 2128 feritas,
709 2073 784 2133 quae
804 2053 870 2114 data
889 2054 1046 2120 occasione
1064 2051 1196 2112 exsultat.

72 2131 177 2212 Saepe
194 2131 281 2191 etiam
313 2133 445 2214 gigantes
472 2131 564 2192 Satan
593 2127 751 2204 su‘hornat,
782 2129 819 2188 ad
849 2150 974 2210 quorum
1005 2140 1197 2208 conspectum

72 2208 216 2270 exanimes
233 2206 374 2268 caderent
392 2207 468 2268 servi
486 2205 608 2277 Christi,
629 2205 686 2266 nisi
704 2205 740 2264 ad
758 2202 913 2266 infractam
932 2204 1123 2272 constantiam
1141 2203 1197 2264 hac

26 2281 31 2292 ’
73 2283 208 2344 doctrina
231 2283 365 2344 instructi
391 2294 496 2344 essent.
536 2281 694 2342 Caeterum
720 2300 809 2358 quum
834 2301 895 2339 uno
920 2301 995 2340 nexu
1022 2279 1197 2341 cohaereant

73 2361 133 2421 duo
153 2360 300 2436 membra,
317 2379 470 2441 perperam
490 2359 530 2417 im
552 2357 617 2416 eriti
637 2356 754 2435 quidam
772 2374 903 2416 seorsum
923 2354 997 2416 hauc
1015 2367 1130 2446 partem
1149 2375 1197 2415 ac·

16 2493 17 2506 ,
71 2438 197 2518 cipiunt,
217 2457 279 2496 non
293 2452 355 2496 esse
374 2434 519 2495 timendos
531 2379 681 2493 homines.
721 2431 853 2493 Christus
867 2430 943 2490 enim
959 2433 1073 2506 (utram
1087 2431 1197 2492 dictum

72 2515 132 2592 est)
153 2532 290 2606 perverso
311 2513 462 2573 hominum
481 2509 596 2585 timori,
625 2504 749 2587 quinos
772 2527 789 2567 a
811 2517 892 2566 recta
915 2506 960 2566 via
985 2505 1119 2583 abducit,
1147 2527 1196 2568 re-

70 2590 163 2651 medii
186 2590 255 2658 loco
279 2590 360 2670 pium
390 2599 581 2667 sanctumque
605 2585 663 2644 Dei
691 2585 830 2644 timorem
853 2581 993 2663 opponit:
1023 2601 1106 2644 secus
1134 2593 1208 2642 non'

71 2667 186 2728 valeret
203 2665 430 2746 consequentia,
446 2664 482 2724 Si
501 2663 599 2724 Deum
617 2661 789 2736 metuimus,
808 2659 860 2740 qui
879 2659 1015 2738 corporis·
1032 2670 1062 2718 et
1081 2658 1196 2720 animae
1264 2669 1271 2678 ”

72 2743 219 2805 Dominus
238 2755 292 2818 est,
311 2763 372 2804 non
393 2760 456 2802 esse
472 2740 620 2802 timendos
639 2739 782 2811 homiues,
801 2757 926 2816 quorum
947 2747 1076 2815 potestas
1089 2734 1195 2817 corpds

72 2841 134 2881 non
160 2819 351 2882 transcendit.
381 2819 490 2893 ¹Quod
515 2829 611 2877 autem
638 2813 805 2876 hominihus
830 2811 934 2872 tribuit
958 2811 1091 2886 Christus
1117 2813 1198 2872 occi-

73 2895 165 2958 dendi
177 2908 363 2978 potestatem,
382 2895 413 2955 id
432 2915 487 2975 per
503 2894 630 2975 speciem
642 2889 839 2953 concessionis
852 2889 960 2948 dictum
980 2901 1032 2949 est.
1072 2888 1122 2948 Sic
1141 2887 1198 2948 im·

72 2975 129 3054 piis
151 2974 234 3035 irena
253 2973 328 3034 laxat
345 2973 443 3047 Deus,
467 2983 501 3033 ut
519 2970 670 3052 potentiae
688 2985 756 3029 suae
776 2965 882 3026 fiducia
899 2965 994 3025 inflati
1014 2964 1124 3056 quidvis
1144 2985 1197 3026 au·

74 3053 180 3128 deant,
208 3063 239 3111 et
256 3048 419 3131 percellant
442 3049 529 3109 etiam
549 3046 680 3107 infirmos
701 3043 918 3117 animos,.acsi
938 3041 1049 3124 quidvis
1090 3052 1199 3102 osseut.
1228 3095 1232 3116 ,
1284 3082 1288 3090 -

76 3126 255 3208 Quanquam
275 3145 348 3207 ergo
368 3126 474 3186 lrustra
493 3123 673 3185 insolescunt
691 3121 784 3200 impii,
804 3119 863 3180 acsi
882 3121 991 3179 eorum?
1005 3061 1120 3178 libidini
1141 3117 1199 3179 ob-

73 3205 162 3265 noxia
183 3215 259 3264 esset
276 3204 392 3282 piorum
411 3202 480 3276 vita,
500 3201 622 3260 etDeus
640 3199 718 3277 ipsos
737 3207 820 3259 tenet
839 3195 1022 3270 constrictos,
1041 3206 1199 3255 ut·eomm

73 3281 223 3342 saevitiam
242 3291 273 3340 et
290 3278 436 3341 violentos
454 3278 589 3368 impetus,
609 3274 724 3354 quoties
742 3273 783 3334 ita
802 3272 894 3334 visum
914 3281 968 3346 est,
987 3281 1133 3333 coercente
1154 3270 1200 3332 di-

75 3370 185 3419 cuntur
206 3368 304 3417 tamen
333 3373 420 3437 posse
444 3353 583 3414 occidere
612 3350 674 3410 eius
704 3349 860 3428 permissu,
893 3347 967 3427 quia.
983 3367 1071 3429 saepe
1096 3365 1200 3407 eorum

73 3435 208 3497 furorem
225 3435 405 3513 impotenter
423 3429 547 3512 grassari
565 3427 644 3489 sinit.
688 3425 806 3486 Deinde
831 3423 1000 3485 bimembris
1025 3421 1200 3490 esthbristi
1253 3487 1255 3494 ,

62 3514 198 3574 concio:
222 3511 348 3590 primum
375 3508 454 3568 enim
478 3518 512 3567 ut
537 3501 704 3584 corporalis.
722 3502 796 3564 vitae
820 3500 961 3561 iacturam
980 3519 1075 3581 aequo
1100 3499 1199 3559 animo

73 3588 155 3649 ferre
176 3587 333 3660 discamus,
358 3583 394 3644 ad
413 3595 548 3654 aeternae
567 3583 643 3643 vitae
663 3591 694 3640 et
711 3577 814 3640 mortis
833 3577 972 3637 intuitum
991 3597 1046 3636 nos
1065 3584 1199 3634 revocat:
1254 3637 1257 3644 ,

75 3665 184 3725 deinde
230 3661 351 3754 radatim
376 3659 434 3722 huc
453 3678 572 3740 quoque
596 3655 760 3734 descendit,
788 3655 865 3716 vitae
896 3647 1199 3718 nostraecustodiam

287 3760 316 3796 m
377 3777 384 3795 ‚
696 3759 698 3768 .

76 3761 139 3803 esse
153 3763 201 3884 dil.
239 3757 422 3875 {haedibus
436 3829 569 3888 moseres
586 3823 638 3870 oto.
677 3807 763 3869 Ultra
782 3806 970 3889 progreditur
991 3799 1141 3875 Christus,
1166 3811 1200 3862 ut

27 3883 31 3898 ⁸
75 3895 134 3954 iam
154 3891 303 3963 admonui,
322 3902 462 3973 tyrannos
474 3887 656 3968 quantumvis
675 3885 820 3946 insaniant
838 3903 877 3942 ne
903 3883 934 3947 in
955 3899 1060 3959 corpus
1081 3876 1199 3967 quidem
1220 3931 1226 3954 ,

76 3969 188 4031 habere
207 3969 361 4050 quicquam
381 3964 547 4047 potestatis:
580 3981 732 4044 perperam
752 3961 840 4044 igitur
859 3959 955 4021 lacere
975 3976 1046 4045 sos,
1067 3975 1117 4037 qur
1136 3972 1200 4013 me-

75 4059 167 4108 tuunt
184 4047 337 4109 hominum
361 4042 524 4115 saevitiam,
549 4041 607 4102 acsi
631 4059 694 4100 non
714 4049 811 4099 essent
829 4037 860 4096 in
878 4033 970 4094 tutela
989 4031 1056 4094 Der.
1094 4029 1198 4108 Itaque

77 4123 109 4182 in
129 4123 265 4201 periculis
288 4121 358 4181 haec
383 4119 470 4180 nohis
495 4128 630 4178 occurrat
651 4103 779 4178 socianda
807 4111 984 4174 consolatio:
1010 4127 1099 4188 quum
1118 4105 1199 4198 Deus

78 4211 178 4256 custos
197 4201 234 4260 sit
252 4199 327 4261 vitae
345 4207 480 4269 nostrae,
509 4205 576 4254 tuto
595 4212 682 4276 posse
701 4213 757 4252 nos
775 4185 949 4251 recumbere
968 4186 1003 4249 in
1019 4184 1200 4274 eiusprorr-

77 4272 198 4352 dentia,
217 4276 278 4335 imo
297 4274 361 4334 fieri
380 4271 422 4333 illi
440 4272 591 4350 iniuriam,
611 4270 665 4330 uisi
679 4269 767 4330 vitam
787 4277 916 4326 nostram
936 4262 979 4323 illi
998 4261 1201 4344 permittimus,

78 4348 160 4412 cuius
181 4371 279 4416 curam
297 4349 406 4416 habere
427 4349 571 4434 dignatur.
602 4347 713 4410 Verum
723 4346 780 4410 Dei
799 4336 1201 4425 providentiamgeucmlitsr

713 4511 733 4540 'l
939 4514 943 4525 “
1011 4513 1042 4544 .t
