2816 4746
398 288 603 354 EPISTOLA
622 281 918 414 DEDICATORIA.
1174 305 1216 352 m
1269 343 1271 351 Α

98 449 126 502 et
151 443 332 506 continuam
360 439 446 530 apud
465 443 525 506 vos
548 425 682 506 fovebit
705 463 822 508 eorum
843 445 973 508 seriem.
1002 461 1056 506 me
1078 438 1226 527 quidem

96 540 140 618 (ut
157 560 265 626 nuper
283 549 413 606 testatus
433 543 531 622 sum)
548 541 590 608 ad
618 525 791 608 dicandum
812 541 905 607 vobis
931 543 1017 608 hunc
1036 561 1142 608 meum
1162 540 1209 605 la-

92 636 204 704 horem
224 640 355 728 impulit
406 638 466 708 Est
492 655 598 710 autem
620 646 865 710 commentarius
889 629 923 706 ih
929 644 1149 708 Harmoniam
1170 661 1208 706 ex
1301 630 1305 643 ’

91 737 192 845 tribus
210 739 421 826 Evangelistis
442 756 619 812 contextam
642 767 660 808 a
681 766 731 809 me
753 766 874 809 summa
895 743 971 808 tide
967 746 1115 829 parique
1135 740 1208 806 dili

91 826 195 923 gehtia
214 839 441 908 elaboratus:
432 867 466 910 ιιι
488 866 554 931 quo
574 856 680 912 tamen
702 855 904 932 quantopere
925 843 1115 924 sudaverim,
1135 843 1207 908 lon-

23 1013 25 1035 ,
76 941 156 1023 ‘gius
182 941 305 1008 referre
329 944 415 1010 nihil
434 949 559 1025 attinet,
597 947 677 1034 quid
697 961 785 1013 vero
797 946 934 1030 adeptus
964 947 1040 1019 sim,
1060 941 1207 1016 aliorum

91 1050 154 1106 esto
166 1043 330 1109 iudicium.
370 1046 541 1141 Ingenuus,
562 1047 676 1113 doctos
690 1057 722 1114 et
734 1047 885 1113 cordatos
897 1041 1206 1128 lectoresintallig'o,

90 1163 165 1226 quos
185 1163 248 1213 nec
275 1143 433 1212 barbarus
456 1147 602 1212 discendi
629 1149 738 1234 pudor
749 1171 775 1226 ,a
794 1147 901 1214 studio
922 1145 1089 1232 protectus
1109 1145 1207 1229 impe-

89 1241 139 1320 dit,
158 1253 190 1309 et
211 1248 390 1312 communis
411 1248 531 1314 utilitas
551 1247 697 1323 delectat.
744 1249 827 1314 Nam
847 1255 1019 1334 perversos
1037 1243 1209 1329 malignos-
1256 1277 1259 1288 ·

75 1365 146 1428 .que
170 1341 358 1412 nebulones
389 1352 482 1428 (non
499 1348 597 1415 modo
625 1349 824 1432 cucullatos
828 1347 1005 1414 monachos
1031 1345 1121 1423 dico,
1151 1343 1225 1432 qttl‘

87 1467 141 1529 pro
160 1447 284 1513 tuenda
300 1449 406 1536 Papae
427 1450 602 1570 tyrannide
623 1449 746 1516 bellum
767 1406 873 1537 palam
893 1447 1063 1516 nobiscum
1077 1455 1208 1533 .,gerunt
1289 1481 1291 1490 ν

86 1544 138 1610 sed
156 1537 338 1633 degeneres
359 1548 460 1628 lucos,
481 1553 538 1638 qui
559 1547 656 1616 nobis
676 1554 831 1638 permixti,
853 1550 927 1615 dum
948 1546 1111 1636 tegendae
1127 1568 1205 1612 suae

84 1648 282 1731 ignorantiae
305 1647 445 1716 latebras
464 1661 600 1736 captant,
619 1674 747 1719 omnem
768 1650 891 1717 vellent
912 1630 1079 1716 doctrinae
1100 1647 1206 1714 lucem

85 1751 284 1840 exstinctam)
315 1750 396 1814 nihil
430 1774 549 1818 moror.
613 1753 828 1842 Quantumvis
859 1755 943 1817 enim
965 1761 1125 1838 ‚proterve
1155 1765 1231 1814 me·

85 1849 246 1929 allatrent,
273 1853 307 1914 in
328 1862 479 1938 promptu
498 1841 626 1941 semper
648 1859 708 1920 erit
733 1857 893 1939 exceptio,
919 1876 971 1920 me
999 1873 1111 1918 eorum
1133 1869 1207 1914 een-

83 1973 171 2018 surae
195 1973 306 2040 neque
329 1951 440 2020 divino
460 1976 568 2043 neque
589 1957 728 2022 humano
752 1960 822 2021 iure
844 1979 914 2022 esse
937 1954 1125 2029 obnoxium,
1150 1949 1207 2038 qui

82 2076 144 2119 non
161 2057 270 2119 minus
281 2064 415 2139 propter
435 2055 652 2122 foedissimam
665 2061 820 2123 inscitiam
838 2056 951 2134 ferula,
968 2077 1060 2142 quam
1073 2060 1208 2141 propter

81 2153 275 2220 obstinatam*
303 2154 443 2226 malitiae
476 2168 507 2222 et
533 2159 751 2245 impudentiae
787 2133 937 2224 duritiem
964 2154 1094 2240 flagello
1118 2151 1208 2251 digni

81 2268 158 2320 sunt.
203 2255 290 2319 Sane
311 2265 347 2319 ut
366 2254 533 2322 Ecclesiae
544 2260 610 2324 Dei
630 2259 827 2348 prodessem,
848 2281 898 2325 me
919 2256 1052 2323 fidelem
1074 2253 1220 2342 operam'

82 2357 230 2432 dedisse,
264 2357 334 2420 sine
361 2341 533 2424 iactantiae
566 2365 674 2445 specie
703 2363 850 2447 profiteri
874 2360 952 2424 mihi
977 2356 1098 2422 licebit
1139 2355 1206 2417 Iam

23 2519 25 2526 ι
82 2470 150 2523 ante
173 2447 356 2531 biennium
363 2449 494 2542 produt
498 2461 637 2524 Ioannes
649 2483 719 2522 cum
732 2479 804 2523 mea
816 2460 1092 2540 rnterpretatrone
1113 2474 1207 2562 quam
1287 2499 1293 2527 ,

80 2581 144 2624 non
186 2550 290 2620 fuisse
323 2555 470 2619 inutilem
506 2558 648 2634 confido.
703 2559 758 2620 Sic
785 2577 861 2642 ergo
888 2564 1038 2640 tanquam
1064 2575 1147 2618 unus
1169 2575 1207 2618 ex

81 2660 300 2746 apparitorum
331 2677 467 2733 numero
490 2656 654 2747 Christum
679 2660 775 2744 regiis
801 2659 867 2722 suis
890 2655 1053 2744 quadrigis
1078 2661 1206 2720 vectum
1229 2663 1253 2736 ,¹

80 2760 265 2847 magnifice,
292 2755 403 2844 quoad
429 2756 555 2823 ferebat
580 2757 774 2826 viritismea
794 2758 944 2838 facultas,
964 2755 1130 2824 celebrare
1151 2777 1205 2821 co-

80 2875 171 2926 natus
200 2881 286 2938 sum,
316 2881 379 2924 nec
412 2860 570 2944 ingenuos
590 2857 744 2939 lectores,
778 2860 836 2926 ubi
864 2865 945 2924 mea‘
970 2863 1075 2946 opera
1102 2857 1204 2923 adiuti
1287 2871 1290 2881 ¹

79 2965 207 3040 fuerint,
228 2961 321 3024 fateri
333 2957 465 3046 pigebit,
486 2958 594 3025 studio
615 2961 822 3047 respondisse
835 2960 942 3048 aliqua
964 2967 1113 3048 exparte
1134 2977 1203 3022 suo·

80 3083 213 3130 cessum.
253 3061 480 3156 Evangelicam
506 3059 677 3130 historiam¹
698 3085 715 3127 a
736 3073 874 3150 quatuor
892 3059 1029 3139 testibus
1050 3059 1208 3125 divinitus

82 3163 238 3229 ordinatis
257 3162 417 3247 proditam
439 3162 602 3248 quadrigis
629 3183 697 3227 non
725 3161 782 3226 ahs
804 3185 840 3228 re
868 3182 1037 3249 comparo,
1066 3161 1140 3247 quia
1163 3181 1201 3224 cx

82 3275 154 3353 apta
176 3259 402 3349 concinnaque
423 3261 483 3326 hac
504 3263 671 3327 harmonia
684 3261 813 3327 videtur
834 3260 983 3328 consulto
994 3260 1087 3325 Deus
1109 3261 1201 3346 quasi

80 3362 304 3452 triumphalem
326 3386 451 3428 currum
472 3363 559 3428 Filio
586 3383 645 3430 suo
662 3353 810 3449 parasse,
842 3363 939 3428 unde
963 3365 1022 3427 toti
1053 3359 1200 3425 fidelium
1300 3388 1306 3406 ·

81 3465 205 3552 populo
227 3467 418 3550 conspicuus
437 3474 604 3550 appareat,
624 3475 656 3529 et
677 3466 766 3528 cuius
788 3462 952 3528 celeritate
971 3473 1127 3528 terrarum
1149 3482 1201 3526 or·

79 3566 152 3632 bem
178 3564 361 3653 perlustret
411 3565 502 3630 Nec
506 3586 587 3631 vero
611 3568 724 3630 inscite
750 3566 946 3650 Augustinus
970 3563 1056 3629 tubis
1080 3559 1201 3628 similes

81 3669 155 3734 lacit
185 3675 332 3759 quatuor'
354 3647 599 3750 Evangelistas,
620 3689 770 3754 quarum
783 3666 935 3752 clangor
945 3687 1057 3730 omnes
1086 3662 1199 3728 mundi

81 3767 191 3854 plagas
211 3765 352 3852 impleat,
370 3777 405 3830 ut
423 3764 465 3830 ab
478 3766 624 3846 Oriente
646 3767 780 3846 Occasu,
802 3765 952 3845 Meridie,
970 3767 1197 3852 septentrione

82 3871 113 3934 in
140 3891 265 3934 sacrum
296 3865 378 3946 fidei
406 3889 610 3948 consensum
623 3871 724 3932 accita
747 3866 894 3934 Ecclesia
921 3867 1070 3933 confluat.
1117 3865 1195 3948 Quo
1220 3944 1231 3958 ι

83 3974 185 4036 minus
205 3967 384 4035 tolerabilis
406 3980 453 4033 est
479 3969 598 4040 insulsa
623 3991 734 4035 eurum
755 3972 935 4071 curiositas3
967 3972 1039 4056 qui
1035 3965 1197 4044 coelesti·
1246 4047 1247 4052 ἵ

84 4069 144 4137 bus
174 4073 242 4136 istis
266 4073 451 4155 praeconiis
476 4093 542 4135 non
570 4073 712 4136 contenti
740 4070 869 4155 putidas
894 4091 994 4154 nugas
1019 4065 1197 4132 obtrudunt
1281 4120 1285 4144 ,

85 4173 141 4237 sub
163 4171 349 4258 Evangelii
349 4174 501 4250 nomine,
527 4193 611 4257 quae
637 4171 719 4234 nihil
747 4170 835 4236 aliud
856 4191 950 4256 quam
976 4164 1057 4231 fidei
1075 4171 1202 4254 purita-

86 4283 146 4338 tem
160 4275 384 4361 contaminant,
404 4283 436 4358 et
450 4271 571 4340 Christi
590 4293 708 4337 nomen
723 4281 886 4356 exponunt
905 4270 1073 4355 impiorum
1087 4271 1195 4336 sannis

89 4396 123 4438 ac
139 4373 293 4441 ludibrio
335 4355 405 4438 Vos
424 4384 547 4452 autem,
572 4373 834 4468 praestantissimi
853 4373 927 4447 viri,
948 4367 1079 4463 quando
1100 4378 1132 4431 et
1153 4365 1196 4430 ab
