2808 4748
472 196 603 286 Onarro
623 213 663 282 nv¹
678 213 804 262 nourr.
1145 171 1204 272 tha

706 299 712 326 l
789 321 795 333 a

76 342 138 404 Sed
157 343 224 424 qula
249 351 363 404 certum
383 351 443 418 est,
472 339 583 420 Lucam
607 351 687 402 sexto
719 340 771 402 illo
802 343 896 424 capite
923 331 1049 406 recitare
1074 342 1203 415 diversos

77 419 189 482 Christi
201 439 363 492 sermones,
384 417 449 477 lieri
469 417 555 476 etiam
597 429 678 481 otest
692 429 727 477 ut
746 417 861 479 brevius
879 421 930 480 atti
954 423 1019 498 crit,
1039 421 1118 502 quod
1138 421 1204 502 ple·

75 500 142 556 nius
163 496 319 630 exponitur
337 516 354 556 a
373 493 533 554 Matthaeo.
606 513 639 552 cc
658 492 826 554 adverbium
847 441 1095 574 causaie'moror,
1121 498 1203 578 quod

75 593 165 652 saepe
186 572 256 631 albi
275 591 482 649 supervacuum
503 580 565 645 cst,
590 569 778 650 quodetiam
804 590 837 638 ex
856 568 981 632 clausula
1001 587 1134 656 apparet:
1161 575 1203 636 sic

77 648 157 709 enim
178 646 329 710 concludit
346 647 438 708 Lucas
462 645 540 706 hunc
559 666 740 724 sermonem,
765 644 855 706 boarus
877 645 959 706 bomo
984 671 1024 708 eac
1047 647 1119 712 dono
1143 649 1203 711 tlte-

76 747 167 786 sauro
185 722 281 784 cordis
300 725 360 798 srvi,
380 723 431 782 etei
468 723 514 785 Ne
537 743 574 780 ne
596 722 674 804 enirn
695 723 799 782 dubito
821 723 891 814 quin
912 724 1019 804 absque
1038 727 1057 784 fi
1080 750 1132 787 nra
1153 749 1202 791 ex-

76 802 201 896 primat,
229 799 314 882 quale
333 801 373 862 sit
390 744 641 876 istudiuiliciurn,
670 800 750 879 quod
771 798 905 860 Christus
927 821 959 861 cx
978 747 1118 864 fructibus
1138 803 1204 864 fieri
1257 835 1259 844 a

76 877 175 940 rubet:
207 897 313 958 nempe
340 887 373 936 ut
397 876 499 938 sedulo
526 876 692 935 examinent
715 875 832 952 fideles,
859 875 1149 955 quidnam'allerant
1172 881 1204 940 in
1244 937 1249 949 ,

77 955 206 1016 medium
226 955 275 1035 qui
294 973 325 1014 sc
344 953 404 1012 Dei
422 967 520 1015 servos
539 952 736 1032 profitentur,
751 952 816 1016 ,acsi
836 953 963 1029 diceret,
985 973 1088 1033 parum
1107 955 1205 1018 valere

77 1030 191 1106 titulos,
212 1031 307 1091 donec
326 1049 359 1089 re
379 1030 440 1109 ipsa
457 1027 627 1110 prohetqni
648 1029 788 1109 loquitur,
808 1029 944 1089 divinitus
961 1049 992 1089 se
1006 1050 1067 1091 esse
1078 1032 1205 1091 missum.
1232 1051 1234 1056 ’

80 1109 255 1186 Quanquam
279 1105 400 1166 minime
425 1125 577 1188 repugno,
600 1105 670 1185 quin
695 1106 910 1168 accommodari
934 1106 1027 1186 possit
1051 1106 1098 1167 hic
1123 1106 1207 1170 locus

78 1185 114 1244 ad
130 1184 297 1266 generalem
310 1182 484 1242 doctrinam.
522 1181 562 1240 Et
581 1194 665 1252 certe
680 1193 828 1262 postrema
849 1182 985 1257 clausula,
1005 1203 1112 1264 nempe
1125 1183 1206 1262 quod

77 1283 119 1320 eac
137 1259 315 1320 abundantia
333 1257 429 1318 cordis
448 1279 481 1317 os
498 1257 641 1336 loquitur,
667 1258 751 1320 latius
771 1281 858 1339 quam
878 1259 913 1318 ad
933 1259 1206 1342 pseudoprophetas

76 1347 169 1418 patet,
189 1347 279 1417 quum
296 1335 417 1414 vulgare
436 1335 474 1394 sit
492 1333 707 1414 proverbium'
731 1335 764 1395 Si
784 1337 848 1414 quis
868 1335 999 1410 obiiciat,
1018 1336 1132 1419 linguas
1152 1337 1208 1398 ho·
1282 1333 1288 1346 ‘

78 1413 191 1478 minum
215 1431 303 1492 saepe
332 1409 468 1484 mentiri,
498 1421 532 1474 ut
560 1410 672 1502 optime
696 1409 855 1492 loquantur
879 1412 930 1492 qui
955 1411 1080 1494 pessime
1106 1413 1208 1474 allecti

78 1501 158 1564 sunt,
179 1487 363 1570 respondeo,
383 1485 534 1548 Christum
559 1486 608 1545 hro
632 1484 805 1566 simpliciter
825 1487 933 1548 docere
963 1489 1044 1569 quod
1058 1501 1096 1550 ,ut
1114 1489 1209 1570 pluri-

78 1586 161 1624 mum
180 1585 234 1624 usu
253 1564 343 1624 venit.
380 1563 455 1623 Nam
476 1563 529 1624 etsi
550 1562 631 1638 aliud,
647 1563 744 1623 verbis
764 1583 835 1643 prae
854 1584 886 1624 sc
905 1564 1006 1626 ferunt
1024 1566 1209 1646 hypocritae,

80 1661 168 1721 quam
186 1639 314 1700 habeant
332 1640 363 1698 in
385 1639 480 1700 cordis
500 1659 634 1714 recessu,
663 1638 693 1698 id
713 1649 812 1700 tamen
830 1661 894 1702 non
913 1639 1027 1721 obstat,
1052 1645 1208 1724 quominus

17 1721 18 1750 r
65 1729 150 1798 'apte
170 1727 202 1778 et
219 1715 291 1778 scite
310 1715 410 1799 lingua
427 1728 552 1781 vocetur
570 1715 719 1796 character
736 1717 852 1780 mentis.

68 2023 70 2028 ·
120 1989 203 2085 (68.)
243 1999 416 2068 ΜΑΤΤΗ.
436 1999 508 2066 vn.-
550 1998 602 2067 21.
628 1999 706 2067 Non
735 2002 883 2090 quisquis
910 2000 990 2070 dicit
1015 2003 1110 2084 mihi,
1140 2004 1212 2072 Do-
1281 2049 1283 2054 -
1378 2065 1386 2080 ,

20 2185 22 2190 ,
79 2103 184 2179 minc,
203 2101 361 2181 Domine,
389 2101 522 2167 intrabit
552 2103 588 2166 in
608 2122 742 2186 regnum
768 2103 950 2184 coelorum,
985 2103 1044 2170 sed
1066 2107 1211 2192 quisquis

78 2202 196 2268 fecerit
215 2190 416 2268 voluntatem
435 2203 540 2266 Patris
567 2202 646 2279 mei,
672 2203 791 2286 quiin
818 2204 920 2272 coelis
943 2215 1001 2272 cst.
1042 2206 1213 2308 atqntulti

80 2303 193 2370 dicent
212 2302 291 2366 mihi
309 2306 344 2367 in
364 2301 424 2369 illo
447 2301 515 2380 die,
540 2298 699 2382 Domine,
718 2299 1005 2383 Domine,·nonnc
1027 2309 1062 2370 in
1078 2309 1213 2372 nomine

79 2415 139 2469 tuo
159 2401 439 2488 prophetavimus,
460 2403 545 2468 etin
566 2401 697 2465 nomine
718 2409 775 2465 tuo
798 2401 970 2468 daemonia
983 2405 1157 2484 eiecimus,
1180 2415 1214 2470 et
1246 2414 1248 2418 ’

79 2505 116 2570 in
137 2503 271 2589 nomine
291 2511 350 2582 tuo
369 2500 483 2566 multas
503 2504 639 2565 virtutes
661 2499 841 2568 edidimus?
882 2502 1002 2566 osne
1022 2510 1089 2566 tum
1112 2503 1214 2570 confi-

80 2602 180 2670 tebor
200 2601 279 2680 illis,
304 2601 478 2690 Nunquam
498 2603 578 2669 novi
597 2621 672 2666 vose
699 2599 899 2668 disceditea
922 2609 991 2680 me,
1020 2604 1078 2690 qui
1097 2623 1214 2692 opera·
1249 2674 1255 2686 ,

80 2725 162 2772 mmr
181 2705 394 2790 iniquitatem.
605 2698 618 2708 ”
1060 2726 1062 2730 ·

58 2885 61 2890 v
164 2836 268 2909 LUC.
288 2837 345 2902 Vl.
386 2809 438 2901 46.
468 2835 561 2924 thd
582 2847 689 2902 autem
709 2838 833 2904 vocatis
853 2859 920 2920 mc,
953 2835 1114 2918 Domine,
1143 2837 1214 2906 Do·
1247 2818 1248 2821 ¹
1297 2881 1299 2888 ι

81 2941 178 3022 mine,
198 2947 231 3006 et
250 2959 319 3005 non
340 2936 453 3036 facitis,
474 2933 557 3026 quae
577 2937 661 3007 dico.

158 3096 266 3160 Matth.
284 3101 333 3162 21.
363 3088 442 3156 ¹Non
459 3098 587 3179 quisquis
605 3093 684 3172 dicit,
705 3095 850 3174 Domine,
869 3109 922 3157 etc.
960 3095 1061 3158 Latius
1085 3096 1217 3172 extendit

83 3196 250 3238 sermonem
271 3196 365 3246 suum,
375 3172 525 3234 Christus:
545 3193 642 3265 neque
662 3174 738 3234 enim
757 3185 873 3234 tanturn
892 3173 930 3240 de
947 3173 1216 3256 pseudoprophetis

85 3255 161 3336 agit,
193 3253 243 3332 qui
267 3249 402 3334 rapiendi
428 3261 459 3310 et
477 3250 600 3310 voranda
620 3272 704 3311 causa
728 3251 760 3311 in
780 3269 901 3334 gregem
927 3250 1074 3325 insiliunt,
1102 3251 1154 3318 sed
1178 3252 1215 3311 de

84 3323 284 3402 mercenariis,
305 3325 355 3407 qni
374 3324 427 3386 sub
449 3331 598 3406 pastoru'an
619 3327 715 3410 specie
735 3325 877 3390 fallaciter
896 3346 927 3388 se
946 3327 1105 3402 insinuant,
1125 3349 1228 3408 quum’

85 3417 185 3467 tamen
205 3404 289 3466 nullo
309 3402 433 3484 praediti
452 3403 510 3462 sint
529 3403 640 3464 aflectu
665 3403 791 3484 pietatis.
834 3405 900 3474 Etsi
925 3415 1023 3465 autem
1047 3403 1215 3486 hypocritas

62 3509 65 3515 ·
87 3503 190 3542 omnes
211 3479 418 3560 complectitur
437 3469 508 3539 bach
522 3478 667 3556 doctrina,
689 3499 867 3561 quocunque
887 3480 947 3542 sint
964 3481 1058 3565 gradu
1070 3481 1117 3544 vel
1135 3480 1215 3552 loco,

85 3560 207 3640 proprie
231 3569 332 3616 tamen
356 3554 480 3616 ficticios
506 3556 643 3618 doctores
668 3577 746 3616 nunc
770 3556 958 3640 perstringit,
984 3557 1034 3638 qui
1058 3575 1129 3638 prae
1153 3555 1216 3616 aliis
1290 3572 1292 3576 ·

87 3635 230 3695 excellere
250 3633 394 3695 videntur.
432 3632 537 3692 Neue
566 3652 732 3693 sermonem
756 3643 870 3692 tantuna
897 3635 933 3693 ad
960 3653 1011 3694 eos
1038 3631 1153 3714 dirigit,
1182 3643 1217 3690 ut

87 3711 289 3786 securitatem,
320 3709 351 3768 in
372 3729 429 3788 qua
447 3653 531 3769 velut
548 3709 622 3768 ebrii
646 3709 760 3785 iacent,
787 3709 1013 3791 expergefaciat,
1041 3708 1093 3770 sed
1116 3705 1218 3768 fideles

88 3787 174 3847 etiam
195 3787 353 3861 admonet,
380 3784 546 3858 natalibus
566 3785 650 3846 larvis
669 3784 843 3866 plusquam
863 3796 984 3866 oportet
1000 3784 1141 3844 tribuant.
1179 3783 1218 3842 In
1271 3841 1283 3848 ,

17 3877 43 3904 ³¹
89 3885 200 3924 summa
231 3861 388 3944 praedicit,
422 3851 542 3998 sirhuqu
572 3862 708 3941 prolerre
738 3861 867 3922 fructum
899 3861 1033 3942 cooperit
1063 3857 1219 3942 Evangelii
1248 3924 1253 3947 ,

90 3939 241 4015 doctrina,
271 3951 305 3999 ut
330 3938 496 4019 complures
540 3938 625 3999 abeat
649 3937 720 3999 disci
742 3938 825 4016 ulos,
845 3958 918 4002 ,non
940 3949 1055 3998 tantum
1075 3956 1109 3995 ex
1127 3933 1217 4027 vulgo

88 4015 250 4107 permultos
270 4015 346 4090 sore,
366 4015 416 4108 qni
436 4014 509 4076 falso
531 4027 563 4083 et
579 4035 634 4096 per
651 3959 867 4076 simulationem
887 4016 959 4074 dent
977 4033 1098 4087 nomen,
1116 4012 1167 4072 sed
1187 4031 1220 4070 rn

90 4113 155 4172 apso
176 4108 294 4172 quoque
314 4091 420 4153 ordine
461 4103 589 4152 asturum
610 4092 732 4152 eandem
751 4091 818 4152 iore
836 4091 1000 4173 perfidiam,
1019 4091 1054 4149 'ut
1071 4085 1154 4150 lactis
1173 4085 1220 4149 vi-
1247 4129 1251 4138 -

90 4179 179 4303 taque
199 4169 347 4252 abnegent
366 4109 458 4250 quoii
467 4189 520 4228 ore
529 4169 726 4306 profitentur.
764 4169 869 4249 Itaque
889 4167 1019 4246 quisquis
1038 4166 1117 4226 inter
1132 4164 1219 4226 disci-
1309 4221 1315 4229 ,
1384 4203 1386 4210 ι

91 4265 176 4322 pucs
203 4246 316 4306 censeri
341 4247 439 4328 cupit,
471 4246 525 4306 dan
549 4266 594 4305 am
613 4245 657 4306 illi
688 4265 751 4306 esse
775 4264 912 4326 operam,
941 4255 975 4302 ut
998 4243 1112 4305 sincere
1133 4253 1163 4303 et
1186 4248 1252 4302 α’

93 4315 190 4380 animo
216 4321 253 4382 ad
278 4321 476 4412 meditandam
494 4321 571 4386 vitae
595 4322 757 4392 novitatem
780 4343 813 4389 sc
838 4319 960 4386 addicat.
997 4317 1088 4405 Apud
1105 4317 1222 4383 Mum

38 4409 41 4413 ’
116 4417 208 4466 cavus
221 4433 304 4471 am.
317 4423 342 4470 a
357 4423 439 4476 mam
452 4425 498 4476 m.
511 4423 595 4477 vaur.
980 4401 1020 4466 13
1098 4417 1101 4422 ·

712 4570 720 4614 Ι
