2816 4746
169 238 208 300 to
555 227 611 290 10.
631 225 801 292 eanvult
821 227 930 330 VITA?

174 388 206 440 et
223 376 256 438 in
273 373 397 438 alienam
415 349 538 436 meissen
562 373 698 436 lnlecissc
722 373 826 436 lalcem
845 371 1003 448 viteam.
1040 367 1205 457 Respondit
1223 373 1301 435 Cae·

173 475 238 531 aar,
267 452 349 533 quod
372 471 498 532 aequum
522 452 645 514 censuit.
684 451 821 514 Calvinus
846 464 961 528 autem,
989 453 1070 532 qnod
1093 455 1124 514 in
1149 451 1184 514 iis
1208 451 1300 514 literis

221 529 296 592 viter
313 529 390 590 laesa
411 539 473 588 erat
491 527 642 611 Evangelii
659 529 765 592 veritas
785 529 961 610 piorumque
985 529 1172 604 innocentia,
1191 528 1299 590 Ponti-

112 632 122 654 ε
166 551 235 670 gagis
260 605 408 667 audaciam
433 604 581 685 repressit.
618 605 751 664 Fuerunt
769 616 831 665 tum
851 606 873 666 S
895 607 956 666 irae
980 619 1082 668 coacta
1100 606 1217 688 imperii
1236 606 1301 668 Co-

173 681 269 744 mitia:
297 703 353 762 qua
373 691 493 761 accepta
513 681 668 742 occasione
688 679 825 762 Calvinus
844 627 976 743 lidellum
1000 683 1093 745 edidit
1112 683 1148 744 dc
1167 683 1301 746 Necessi-

172 772 236 822 tate
254 756 457 818 reformandae
469 756 630 831 Ecclesiae,
649 777 708 836 qno
729 757 805 818 band
825 759 891 820 satis
901 759 962 821 scio
983 781 1019 820 an
1039 760 1130 821 ullum
1149 760 1301 823 nervosius

174 847 205 898 et
260 834 339 898 avius
360 833 421 894 eius
445 832 611 909 argumenti
634 833 774 913 scriptum
802 846 904 897 nostro
928 837 1043 897 saeculo
1068 837 1178 898 editum
1202 836 1300 902 luerit

170 856 287 976 Eoddm
306 931 384 972 anno
406 909 543 976 Calvinus
562 919 625 1000 tum
639 909 844 990 Auabaptistus
862 924 925 972 tum
940 911 1111 978 Libertinos
1130 913 1176 994 (ln
1196 913 1302 994 quibus

171 991 285 1053 veteres
310 1005 412 1048 omnes
436 995 620 1065 quantumvis
650 987 845 1066 portentosac‘
870 1001 1028 1051 renovatae
1056 1003 1124 1053 sunt
1152 989 1301 1068 haereses)

172 1065 288 1128 duobus
307 1062 413 1124 libellis
432 1061 474 1120 ita
492 1060 646 1138 refutavit,
666 1074 701 1122 ut
718 1064 866 1126 neminem
885 1065 921 1127 iis
940 1077 1053 1128 attente
1072 1066 1154 1130 lectis
1174 1066 1303 1126 arbitrer

172 1141 332 1216 exstitisse,
356 1137 406 1218 qui
429 1135 476 1198 vel
501 1135 537 1198 ab
563 1137 624 1198 istis
644 1139 700 1207 nisi
725 1139 821 1202 sciens
848 1152 878 1202 et
897 1143 1025 1224 prudens
1045 1143 1142 1226 decipi
1159 1143 1303 1226 potuerit,

170 1218 219 1280 vel
243 1219 268 1280 si
293 1227 378 1277 antea
405 1213 544 1294 deceptus
570 1225 648 1292 erat,
677 1237 739 1277 non
765 1217 845 1279 ultro
869 1218 902 1279 in
925 1232 1037 1281 rectam
1064 1221 1139 1283 riam
1169 1218 1300 1280 redierit.

173 1294 298 1356 Ollensa
318 1299 478 1352 esttamen
496 1289 555 1350 isto
574 1289 652 1353 libro
672 1293 703 1352 iu
722 1292 891 1356 Libertinos
916 1296 995 1358 edito
1015 1298 1196 1370 Nenenene,
1240 1295 1303 1357 uod

171 1371 208 1434 ab
228 1370 305 1432 illius
328 1365 494 1428 horrendae
517 1377 614 1428 sectae
638 1369 835 1452 antesignanis
860 1370 975 1434 dnobus
996 1373 1146 1448 Quintino
1161 1317 1244 1432 etl

172 1466 274 1528 queso,
286 1464 361 1524 quos
371 1442 543 1504 nominatim
557 1441 695 1506 Calvinus
714 1459 851 1529 arguerat
870 1451 944 1524 (rem
982 1469 1054 1510 aene
1071 1448 1302 1527 incredibilem),

127 1530 133 1544 ‘
172 1541 302 1602 eousque
321 1519 425 1581 inisset
442 1520 599 1593 fascinata,
624 1533 667 1598 ut,
686 1545 777 1602 quum
796 1524 926 1605 alioquin
945 1471 1064 1587 iderum
1082 1525 1219 1607 mysteria
1238 1544 1303 1586 nou

171 1609 300 1672 teneret,
319 1595 482 1677 probonis
499 1597 567 1656 viris
587 1597 655 1659 illos
674 1597 807 1676 baberet,
826 1622 860 1662 ac
872 1601 1072 1682 proindesese
1084 1601 1303 1684 quodammodo

194 1696 226 1736 er
245 1693 348 1735 eorum
366 1673 441 1734 latus
460 1673 627 1734 confossam
646 1675 846 1738 arbitraretur.
887 1678 979 1753 Quod
999 1701 1087 1759 quum
1112 1677 1302 1739 intellexisset

171 1697 383 1826 belitrensis
402 1747 453 1810 int
463 1750 537 1810 mira
577 1751 679 1812 uadam
697 1753 902 1816 moderatione
921 1755 1084 1836 respondit,
1101 1767 1136 1816 ut
1155 1767 1185 1815 et
1204 1753 1303 1836 digni.

170 1829 240 1892 tatis
266 1838 296 1888 et
312 1827 489 1888 collatorum
508 1826 544 1887 ab
556 1770 620 1909 bac
638 1827 753 1910 Regina
776 1829 808 1890 in
827 1829 987 1894 Ecclesiam
1006 1831 1116 1893 Christi
1139 1830 1303 1891 beneficio·

171 1927 237 1968 rum
261 1923 392 1978 memor,
422 1905 553 1986 ingenue
577 1917 677 1965 tamen
704 1918 734 1966 et
759 1906 895 1984 cordate,
921 1919 954 1968 ut
977 1908 1087 1970 fortem
1105 1907 1163 1968 Dei
1187 1927 1303 1967 servom

173 1981 317 2063 oportuit,
336 1980 456 2042 nimiam
475 1979 552 2040 illius
571 1981 601 2040 in
622 1981 810 2062 admittendis
829 1983 992 2046 istiusmodi
1012 1984 1179 2045 bominibus
1191 1984 1303 2064 impru-

173 2059 300 2120 dentiam
332 2056 572 2138 reprebenderit,
601 2069 632 2117 et
656 2059 810 2126 ministerii
834 2060 878 2120 sui
904 2063 1108 2122 anctoritatem
1138 2059 1305 2130 asseruerit,

173 2134 309 2198 ellecerit
329 2134 471 2213 denique,
493 2145 527 2192 ut
546 2134 711 2194 horrendae
729 2135 949 2198 Libertinornm
968 2149 1063 2198 sectae
1083 2137 1232 2212 bomines,
1252 2137 1304 2217 qui

171 2212 203 2277 in
224 2209 350 2272 Galliam
369 2230 462 2290 usque
481 2229 544 2272 sese
564 2209 719 2272 effundere
738 2225 908 2293 coeperant,
926 2225 1030 2294 postea
1048 2233 1112 2276 sese
1130 2213 1208 2276 iutra
1226 2211 1305 2274 Hol-

171 2288 288 2351 laodiae
307 2297 338 2348 ct
356 2287 553 2373 proximarum
571 2287 727 2372 regionum
746 2287 819 2352 fines
839 2289 1050 2354 continuerint.

215 2443 222 2466 ‘
248 2442 364 2522 (1545.)
403 2439 466 2502 Tot
485 2452 582 2503 autem
600 2440 676 2504 illius
695 2439 765 2504 anni
784 2442 936 2508 laboribus
956 2442 1126 2506 defunctum
1145 2461 1222 2505 nova
1240 2461 1307 2502 rur·

173 2541 237 2584 snm
261 2513 427 2580 certamina
457 2519 606 2600 sequentis
643 2519 728 2596 anni,
759 2541 852 2603 eaque
877 2522 928 2583 lon
953 2541 968 2582 e
993 2521 1158 2616 gravissima
1183 2535 1306 2598 excepe-

173 2606 254 2657 runt.
291 2597 366 2656 Nam
387 2595 468 2676 quasi
488 2596 577 2675 pestis
596 2596 732 2657 diviuitas
751 2598 877 2660 immissa
897 2541 1109 2660 exbaorreudae
1129 2594 1238 2658 civitati
1256 2605 1307 2654 to-

173 2673 198 2734 ti
220 2692 257 2732 ue
275 2671 400 2734 viciniae
418 2690 482 2731 uon
501 2671 667 2746 sufficeret,
691 2673 879 2753 usqueadeo
907 2673 985 2766 apud
1010 2671 1205 2755 pauperculos
1228 2691 1308 2732 non-

173 2769 194 2808 sr
227 2748 272 2810 los
290 2745 409 2810 avaritia
426 2756 489 2805 tum
507 2745 619 2820 valuit,
638 2767 763 2826 quorum
788 2769 880 2830 opera
906 2749 1030 2810 drtiores
1050 2751 1080 2811 in
1101 2745 1236 2811 curandis
1256 2765 1307 2808 ae-

231 2824 268 2884 tis
287 2843 322 2884 ac
340 2819 533 2903 repurgandis
557 2822 678 2884 aedibus
703 2823 879 2902 utebantur,
902 2825 937 2888 u't
962 2824 1111 2887 borrenda
1135 2824 1208 2885 inita
1232 2843 1308 2886 con-

173 2900 322 2962 sonatione
364 2898 483 2958 estilero
507 2899 641 2980 unguine
665 2899 822 2961 domorum
841 2913 940 2984 postes
965 2922 999 2962 ac
1017 2902 1117 2966 limina
1137 2912 1225 2982 atque
1252 2899 1308 2960 alia

175 2976 294 3058 quaevis
324 2917 412 3036 obvia
455 2973 626 3050 inficerent,
654 2975 735 3036 unde
759 2997 828 3038 mox
853 2978 914 3039 dira
939 2979 1029 3060 pestis
1053 2977 1245 3058 sequebatur,
1276 2987 1307 3036 et

173 3051 301 3116 terribili
320 3050 506 3114 iureiurando
526 3050 700 3120 sollenniter
720 3065 866 3135 concepto
877 3055 1003 3116 Satanae
1015 3069 1079 3117 se'se
1093 3053 1308 3136 manciparent,

174 3130 200 3192 si
219 3128 337 3190 sceleris
356 3128 490 3190 conscios
509 3127 576 3190 ullis
594 3130 751 3190 tormentis
771 3130 865 3192 adacti
883 3131 1091 3213 prodidissent
1128 3131 1198 3190 Non
1242 3127 1308 3190 auci

174 3215 274 3268 umen
299 3206 406 3286 partim
431 3204 463 3264 in
488 3201 588 3283 urbe,l
627 3205 714 3268 artim
737 3207 768 3266 in
792 3209 894 3270 ricinis
919 3229 952 3269 re
974 3207 1092 3270 ionibus
1123 3151 1310 3287 deprebensi,

174 3281 316 3362 iustisque
335 3281 484 3374 suppliciis
503 3294 573 3344 suot
590 3227 701 3344 allecti.
738 3284 800 3345 Sed
819 3228 991 3346 incredibbe
1012 3284 1092 3345 dictu
1105 3294 1157 3357 est,
1170 3293 1308 3363 quautam

175 3355 317 3421 Garnae
344 3371 374 3419 et
396 3357 452 3440 apsi
476 3360 616 3452 imprimis
643 3360 768 3422 Calvino
792 3361 932 3424 invidiam
958 3361 1079 3422 Satanas
1103 3359 1160 3420 boo
1183 3357 1308 3418 artificio

95 3508 99 3512 ¹
176 3435 314 3498 conflarit
355 3435 438 3515 quasi
460 3434 575 3496 scilicet
591 3435 634 3498 ibi
653 3429 741 3516 plane
760 3436 811 3498 ille
831 3458 864 3498 re
908 3451 986 3512 aret,
1010 3437 1062 3497 ubi
1082 3457 1167 3516 quarn
1187 3434 1310 3494 maxime

175 3529 316 3593 oppugna
339 3522 412 3572 atur.
450 3512 521 3575 Fuit
545 3513 591 3574 bic
615 3513 812 3590 idemaunns
837 3457 954 3576 inldmis
979 3512 1029 3574 illa
1053 3512 1117 3594 plus
1164 3511 1309 3572 uamim-
1383 3525 1406 3580 ᾖ

175 3585 255 3648 mani
274 3589 456 3662 carnificina,
481 3609 568 3669 quam
587 3590 726 3670 Aquense
745 3591 964 3651 Parlamentum
984 3589 1014 3651 io
1035 3590 1138 3649 iratres
1207 3587 1310 3646 alden-

176 3683 221 3734 ses
238 3663 440 3747 Meriudolae,
460 3665 491 3726 et
508 3664 676 3742 Cabrieris,
694 3679 821 3748 totoque
840 3667 893 3728 illo
912 3677 1008 3728 tractu
1029 3665 1125 3746 [Alam
1145 3659 1310 3740 Merindol,

179 3739 331 3810 Cairieses
362 3763 400 3800 en
436 3743 616 3824 Prooenoe],
640 3763 701 3804 non
734 3743 765 3803 in
789 3765 881 3806 unum
908 3755 958 3804 art
986 3743 1108 3804 alterum
1133 3743 1311 3821 quempiam,

178 3817 230 3881 sed
250 3817 280 3877 in
300 3816 427 3898 populos
445 3818 540 3897 ipsos,
567 3819 649 3882 nullo
670 3838 726 3880 nec
745 3821 846 3882 aetatis
872 3839 928 3880 nec
952 3839 1034 3880 sexus
1059 3817 1239 3902 discrimine,
1263 3816 1311 3875 in·
1393 3886 1398 3894 .

178 3895 272 3955 censis
292 3895 380 3953 etiam
400 3893 470 3954 vicis
492 3896 631 3956 exercuit.
671 3897 754 3971 Haec
774 3909 871 3957 autem
896 3895 970 3956 mala
992 3895 1145 3957 Calvinum
1170 3891 1311 3973 pauculos

176 3969 297 4032 illorum
308 3967 460 4031 Genevam
479 3971 543 4030 relu
566 3973 659 4037 lentes
679 3972 823 4034 solantem
843 3994 876 4033 ac
895 3973 1074 4033 reficientem
1095 3991 1131 4031 eo
1152 3969 1311 4030 vehemen-
1405 4035 1406 4038 Ἴ

107 4057 110 4062 “
178 4046 237 4108 tius
263 4045 452 4129 premebant,
483 3992 565 4128 quod
590 4067 640 4110 eos
673 4061 758 4111 antea
786 4047 878 4110 literis
908 4049 1122 4126 summissisque
1167 4045 1311 4106 actoribus

199 4143 253 4182 ure
277 4124 309 4184 in
335 4123 415 4184 Evan
439 4123 496 4184 elio
522 4123 719 4188 instituendos
744 4139 875 4200 curarat,
899 4145 1008 4206 susque
1033 4123 1108 4216 apud
1167 4122 1312 4181 ermaniae

129 4259 132 4265 ,
176 4141 332 4280 lrincipes
360 4211 391 4258 et
415 4143 581 4264 blelveticas
606 4203 737 4266 civitates
762 4202 978 4263 intercessione·
999 4199 1198 4293 periclitantes
1227 4209 1313 4257 antea
1405 4241 1406 4246 κ

179 4286 314 4335 servarat.
353 4275 507 4340 Gliscebat
525 4291 587 4339 tum
607 4299 727 4360 quoque
748 4300 863 4340 rursum
882 4277 984 4338 inlelix
1003 4276 1050 4338 rlla
1070 4276 1107 4336 de
1122 4275 1227 4335 Coena
1246 4273 1313 4333 Do·
1405 4329 1406 4332 ,

178 4347 252 4410 mini
278 4344 457 4434 decertatio,
482 4353 630 4420 Osiandro
656 4355 777 4418 bomine
802 4353 931 4436 superbo
957 4353 1174 4432 monstrosique
1200 4348 1314 4431 ingenii
1405 4361 1406 4368 ’

1247 1381 1302 1434 oc-'
1393 1443 1396 1450 .
