2824 4756
178 237 218 298 58
369 224 521 292 SECTIO
542 227 599 289 111.
638 227 714 288 lesu
735 239 883 290 normes
903 242 943 288 rr
963 241 1130 292 cursurus
1226 267 1230 274 -

175 375 259 452 bilis,
291 367 348 435 nec'
377 383 436 436 tam
460 374 581 436 odiosus
606 371 699 434 locet:
728 371 846 434 diversa
868 383 968 437 tamen
993 393 1056 436 esse
1080 373 1180 454 potuit
1200 373 1306 437 tributi

174 448 261 516 ratio.
304 451 434 513 Primam
458 451 547 512 luisse
570 449 646 510 hanc
671 449 896 530 descriptionem
920 451 1118 532 interpretor,
1142 449 1209 544 qnia
1232 463 1305 513 tunc

175 528 292 591 Iudaeis
358 529 400 589 asi
423 528 511 609 plane
536 527 653 587 domitis
684 527 852 608 impositum
881 526 937 588 suit
962 547 1070 588 novum
1098 525 1326 588 et'rnsolitnm,

174 608 287 689 iugum.
363 626 408 664 am
429 603 510 685 qnod
535 603 584 664 alii
625 603 725 663 rimam
750 603 837 663 luisse
864 603 982 679 dicunt,
1014 625 1049 664 ex
1093 625 1133 664 no
1155 603 1303 684 Cyrenius

176 684 278 764 Syriae
297 681 480 762 praefuerat,
503 679 578 740 nibil
598 625 691 741 babet
710 678 827 740 coloris.
867 682 1007 746 Amanum
1027 623 1151 760 quidem
1166 691 1229 740 erat
1247 681 1303 742 tri-

173 760 289 834 bntnm,
309 758 361 820 sed
379 779 441 820 non
454 757 610 838 quotannis
622 755 719 816 ¹tiebat
732 755 904 838 descriptio:
920 777 1009 838 qnare
1021 777 1122 820 sensus
1139 769 1193 833 est,
1212 755 1302 840 longe

174 849 246 898 tunc
306 835 384 896 avius
410 854 566 916 oppressos
588 833 677 893 fuisse
701 832 856 914 Iudaeos·
875 835 1006 898 Varietas
1030 835 1060 894 in
1085 835 1205 896 nomine
1225 833 1302 894 Pro-

143 937 147 946 ·
175 855 306 976 conscili
329 911 401 972 nibil
425 911 514 972 habet
537 909 674 986 absurdi,
706 909 776 969 dum
795 909 845 970 alii
865 910 1042 995 Cyrenium,
1075 911 1234 986 Quirinum
1254 910 1301 972 vel

175 988 345 1065 Quirinium
364 987 525 1069 appellant:
544 985 649 1046 seimn's
661 986 751 1061 enim,
766 984 897 1049 Graecos
917 989 948 1048 in
965 988 1113 1050 vertendis
1133 987 1301 1048 nominibus
1403 1035 1404 1048 ,

172 1065 287 1127 Latinis
311 1065 342 1124 in
366 1063 609 1144 pronuntiatione
634 1062 744 1142 aliquid
768 1062 833 1131 fere
852 1076 975 1126 mutare.
1014 1064 1074 1124 Sed
1094 1065 1185 1146 longe
1204 1065 1300 1124 maior

171 1142 291 1212 aliunde
315 1141 440 1231 emergit
469 1137 639 1200 difficultas:
663 1139 754 1200 tradit
780 1140 856 1200 enim
877 1140 1021 1222 Iosephus
1045 1140 1111 1201 llbr.
1131 1141 1232 1222 Antiq.
1252 1147 1298 1206 18.
1330 1161 1340 1176 *

172 1241 235 1302 cap.
255 1228 299 1296 1.,
323 1214 501 1294 Quirinum,
519 1214 816 1299 relegato‘Viennam
834 1216 997 1293 Archelao,
1016 1217 1228 1278 Proconsulem
1248 1235 1301 1277 ve:

171 1296 264 1371 nisse,
294 1294 345 1375 qui
368 1293 506 1354 Iudaeam
538 1292 705 1373 provinciae
729 1293 833 1375 Syriae
861 1295 1045 1356 attribueret.
1092 1294 1189 1356 Porro
1221 1294 1300 1355 inter

169 1374 328 1453 scriptores
359 1369 514 1442 convenit,
545 1369 721 1434 Archelaum
754 1391 769 1430 a
800 1383 894 1431 morte
917 1371 1009 1464 patris
1032 1371 1161 1431 Herodis
1193 1391 1297 1432 novem

152 1443 264 1512 ‘annos
282 1465 429 1529 regnasse.
468 1445 556 1506 Unde
576 1445 742 1519 conficitur,
761 1447 839 1508 inter
851 1447 962 1510 Christi
982 1447 1108 1528 natalem
1129 1459 1159 1508 et
1178 1468 1297 1512 censum

169 1525 253 1587 illum
279 1524 393 1607 elapsos
427 1522 517 1586 fuisse
548 1541 641 1586 annos
666 1524 785 1585 circiter
809 1525 960 1586 tredecim.
999 1523 1297 1598 Subscribunt‘enim

169 1603 233 1664 fere
252 1618 355 1661 ornnes
373 1599 541 1680 Epiphanio
562 1601 612 1680 qui
622 1600 729 1677 tradit,
750 1599 901 1662 Christum
920 1603 1069 1662 tricesimo
1087 1603 1178 1662 tertio
1198 1601 1297 1662 Hero-

169 1679 214 1740 dis
233 1698 312 1737 anno
331 1697 395 1738 esse
414 1689 532 1748 natum,
555 1676 614 1738 hoc
634 1689 695 1752 est,
718 1689 787 1738 ante
810 1672 887 1740 illius
912 1690 1039 1738 mortem
1059 1677 1142 1740 annis
1160 1689 1296 1757 quatuor.

168 1756 237 1834 Hoc
257 1775 376 1834 quoque
396 1754 531 1814 nonnihil
550 1751 721 1835 perplexum
741 1765 802 1830 est,
826 1755 907 1835 quod
927 1755 1004 1815 idern
1025 1753 1166 1847 Iosephus
1186 1773 1249 1834 cap
1268 1761 1296 1820 3.

114 1851 118 1860 ’
168 1832 236 1893 libr.
247 1834 302 1910 ¹18·
327 1851 446 1893 censum
471 1830 550 1889 hunc
575 1830 710 1896 incidisse
730 1830 801 1892 dicit
825 1832 855 1892 in
875 1853 985 1892 annum
1008 1833 1185 1892 tricesimum
1205 1832 1296 1911 septi·

167 1931 247 1969 mum
266 1907 404 1969 Actiacae
422 1909 571 1967 victoriae.
611 1907 704 1982 Quod
719 1909 742 1966 si
762 1928 866 1968 verum
886 1919 947 1985 cst,
973 1909 1131 1989 supervixit
1148 1908 1297 2006 Augustus

168 1984 252 2047 annis
270 1985 334 2044 lere
352 1996 465 2065 septem
485 1983 520 2043 ad
537 2003 690 2043 summum.
728 1983 772 2044 Ita
788 2004 822 2044 ex
841 1996 937 2049 aetate
950 1997 1020 2046 octo
1037 1985 1082 2046 vel
1102 2004 1208 2044 novem
1227 1985 1297 2044 anni

168 2062 291 2124 detracti
312 2073 411 2120 erunt:
432 2059 546 2140 patebit
565 2063 644 2120 enim
665 2079 699 2119 ex
717 2061 817 2122 Lucae
834 2068 863 2128 3.
884 2083 958 2142 cap,
977 2083 1038 2122 non
1060 2061 1120 2122 nisi
1130 2059 1295 2152 quindecim

166 2151 239 2199 tunc
260 2139 347 2198 luisse
366 2155 520 2198 annorum.
560 2136 718 2198 Caeterum
761 2159 829 2197 uum
849 2137 951 2200 notior
969 2138 1060 2199 suerit
1079 2137 1188 2200 Christi
1208 2150 1295 2212 aetas,

168 2237 255 2296 quam
275 2215 356 2275 utin
375 2213 578 2306 quaestionem
591 2199 690 2274 vicari
710 2159 827 2287 dileat
845 2215 1006 2296 Iosephum
1025 2214 1079 2276 hac
1097 2215 1128 2274 in
1150 2225 1242 2294 parte,
1263 2226 1296 2274 ut

167 2293 230 2360 aliis
250 2313 316 2353 com
339 2291 468 2366 lumbus,
499 2291 650 2350 memoria'
666 2289 778 2371 lapsum
805 2291 893 2353 fuisse
913 2311 984 2353 vero
1008 2291 1139 2352 absimile
1159 2311 1220 2351 non
1242 2303 1293 2352 est

166 2371 294 2432 Eesane
316 2313 486 2445 Quirinium
515 2367 634 2429 annales
654 2367 765 2428 docent
788 2370 871 2430 annis
896 2369 1089 2431 novendecim
1105 2380 1161 2428 aut
1178 2369 1295 2429 circiter

166 2460 239 2509 ante
252 2433 343 2510 suisbe
364 2445 525 2508 Consulem
566 2443 655 2525 quani
674 2442 790 2506 deiicto
808 2445 943 2507 Antonio
962 2446 1041 2508 solus
1065 2443 1190 2524 imperio
1237 2444 1295 2506 oti·

165 2537 249 2585 retur
262 2524 429 2608 Augustuss
447 2522 487 2582 ita
500 2489 583 2584 valde
602 2543 691 2584 senex
709 2523 741 2582 in
760 2523 942 2603 provinciam
961 2523 1063 2582 missus
1081 2522 1170 2582 foret.
1208 2464 1295 2581 Adde
1400 2533 1403 2550 ⁴

189 2601 248 2660 uod
275 2601 353 2660 intra
372 2612 443 2660 octo
468 2621 560 2661 annos
587 2610 715 2680 quatuor
738 2599 864 2660 Iudaeae
882 2599 1035 2662 Praesides
1060 2609 1193 2658 numerat
1217 2599 1293 2658 idem
1402 2651 1403 2656 ,

89 2751 95 2756 ,
165 2623 320 2758 Iosephus,
340 2697 430 2754 quum
442 2675 578 2750 fateatur,
589 2677 725 2756 quintum
745 2678 830 2736 annis
848 2677 984 2737 undecim
1002 2675 1176 2757 praebuisse:
1196 2675 1220 2737 is
1239 2674 1294 2735 luit

112 2773 134 2831 J
166 2752 300 2812 Valerius
321 2751 447 2825 Gratus,
480 2753 526 2812 cui
550 2739 675 2812 Pontiirs
695 2749 806 2812 Pilatus
837 2753 982 2814 successit
1031 2752 1208 2831 Quanquam
1239 2751 1293 2814 alia

188 2841 266 2889 otest
289 2827 390 2887 allerri
408 2827 535 2902 solutio,
558 2828 640 2908 quod
664 2848 784 2892 censum
811 2848 953 2910 peragere
971 2849 1032 2894 non
1052 2830 1147 2888 statim
1168 2827 1293 2903 licuerit,

79 2927 82 2936 ’
158 2853 201 2966 gs
227 2923 285 2983 quo
316 2903 428 2964 edictus
457 2903 567 2964 lucrat:
597 2914 697 2964 namat
726 2904 805 2964 enim
836 2905 994 2997 Iosephus,
1023 2905 1195 2986 Coponium
1225 2926 1292 2966 cum

165 2981 294 3048 crescito
323 2980 442 3040 missum
471 2999 551 3056 esse,
582 2981 633 3063 qui
661 2980 787 3040 ludaeos
823 2991 1041 3117 comprimeret
1094 2981 1180 3042 Unde
1207 2980 1292 3044 lacile

165 3057 467 3139 colligitur‚'censum
487 3056 590 3149 populi
611 3055 739 3116 tumultu
758 3055 847 3118 luisse
867 3079 882 3118 a

108 3205 109 3210 ἵ
164 3134 254 3195 verba
278 3133 377 3200 Lucae
400 3133 458 3194 hoc
483 3145 650 3214 patiuntur,
680 3133 760 3214 quod
785 3133 839 3194 sub
864 3146 980 3216 tempus
1005 3135 1162 3206 nativitatis
1182 3133 1293 3196 Christi

164 3212 292 3278 edictum
318 3209 419 3270 exierit
442 3210 478 3270 de
504 3209 617 3291 populo
643 3210 808 3286 censendo,
833 3211 992 3294 descriptio
1019 3225 1117 3272 autern
1140 3210 1204 3272 fieri
1229 3231 1292 3272 non

163 3288 296 3371 potnerit
314 3288 370 3346 nisi
390 3299 502 3348 mutato
521 3288 607 3369 regni
626 3299 718 3364 statu,
743 3309 832 3367 quum
856 3289 898 3349 iar
935 3301 1026 3350 artem
1050 3288 1219 3370 provInciae
1243 3307 1291 3358 ref

163 3367 248 3424 dacta
268 3375 344 3422 esset
362 3363 479 3460 Iudaep.
524 3364 570 3424 Ita
590 3363 648 3426 hoc
666 3365 812 3445 posterius
833 3307 996 3426 membrum
1015 3366 1078 3426 vice
1098 3363 1293 3426 correctionis

163 3440 295 3502 additum
315 3440 386 3499 erit:
418 3441 500 3501 Ilaec
521 3440 679 3522 descriptio
706 3443 797 3522 prima
823 3441 879 3502 tuit
903 3443 1036 3522 praeside
1054 3436 1201 3523 Cyrenio,
1234 3439 1293 3502 hoe

164 3530 223 3592 est,
241 3528 313 3576 tunc
332 3517 457 3596 primum
477 3516 514 3577 ad
533 3517 672 3593 ellectum
699 3518 840 3601 perducta
860 3531 913 3579 ests
964 3519 1140 3597 Quanquam
1160 3517 1303 3578 nondum,
1401 3535 1402 3574 ι

165 3596 260 3656 soluta
290 3605 334 3653 est
363 3604 427 3653 tota
452 3595 598 3674 quaestio,
629 3598 695 3654 nam
725 3617 814 3674 quum
837 3596 973 3656 Iudaeam
1000 3594 1134 3656 Herodes
1162 3605 1291 3670 teneret,
1401 3593 1402 3616 ¹

164 3691 303 3755 quorsum
324 3669 444 3731 attinuit
462 3691 502 3751 po
525 3671 604 3731 ulum
624 3673 755 3746 censeri,
779 3672 828 3751 qui
847 3673 989 3736 tributum
1009 3671 1145 3732 Romano
1165 3670 1291 3751 imperio

164 3749 275 3812 rrnlluru
295 3745 461 3828 pendebat?
499 3691 688 3829 llespondeo,
708 3748 780 3808 nihil
801 3769 862 3810 esse
883 3747 1012 3823 absurdi,
1031 3749 1056 3810 si
1074 3750 1239 3830 Augustus,
1257 3757 1292 3806 ut

65 3880 67 3888 ,
122 3859 124 3868 v
164 3827 236 3910 iugo
255 3811 450 3886 issuelaceret
467 3824 610 3900 Iudaeos,
634 3847 760 3904 quorum
780 3825 845 3907 plus
863 3825 930 3887 satis
951 3838 1021 3890 nota
1040 3837 1104 3890 erat
1122 3823 1292 3906 pervicacia,

132 3940 136 3972 r
163 3902 278 3966 censeri
296 3899 425 3963 vuluerit
445 3901 531 3960 etiam
550 3901 604 3962 sub
624 3903 755 4037 Heroqe.
794 3903 857 3962 Nec
868 3901 984 3962 obstitit
1002 3901 1151 3986 peculiare
1163 3899 1292 3960 Herodis

163 4001 304 4064 regnum,
329 3979 399 4057 quin
423 3977 529 4038 tributi
554 3980 675 4039 nomine
699 3978 810 4058 aiquid
835 3979 867 4040 in
897 3978 1010 4062 singula
1034 3979 1129 4058 capita
1153 3978 1290 4038 Romano

162 4057 288 4136 imperio
310 4055 476 4136 penderent
495 4053 606 4114 Iudaei,
640 4057 764 4116 Scimus
790 4057 884 4131 euim,
908 4055 1059 4115 Herodem
1082 4067 1199 4114 tantum
1223 4073 1291 4134 pre·
1336 4079 1338 4086 ι

165 4133 246 4196 cario
267 4142 296 4191 et
315 4130 691 4214 propemodumscrviliter
710 4151 856 4214 regnasse.
894 4131 1019 4206 Nescio,
1039 4131 1117 4197 unde
1136 4129 1293 4268 sumpserit
1400 4199 1401 4210 χ

82 4229 84 4241 ·
164 4206 308 4268 Eusebius
342 4207 401 4270 uod
412 4208 511 4282 docet,
530 4227 649 4270 censum
666 4208 745 4270 hunc
755 4206 1018 4270 senatusconsulto
1030 4208 1181 4268 decretum
1207 4209 1290 4267 uisse.

242 4289 270 4348 7.
341 4305 379 4344 ou
397 4298 461 4344 erut
479 4283 558 4346 loeus
576 4290 608 4346 iu
627 4285 792 4348 diversorio.
843 4285 901 4344 Hic
931 4284 1061 4346 videmus
1093 4305 1155 4345 nou
1186 4283 1290 4358 modo,

167 4369 274 4438 quauta
294 4358 383 4424 luerit
402 4361 502 4441 inopia
514 4361 632 4444 Ioseph,
652 4363 703 4424 sed
716 4363 899 4441 etiamq‘uam
919 4360 1023 4422 acerba
1043 4361 1131 4423 luerit
1145 4357 1292 4439 tyrannis,
1349 4390 1353 4404 =

923 3070 1037 3140 tempus
1055 3058 1242 3140 impeditum,
1262 3069 1292 3118 ct
