2786 4742
413 261 477 339 (82.
498 234 861 348 Grex'Gergesenorum.)
1044 323 1045 328 η
1098 217 1101 226 .
1146 265 1205 328 233
1283 301 1285 306 .

37 401 180 477 ‘'Quum
197 419 269 463 vero
293 401 403 478 scirent
428 399 553 476 diaboli,
577 395 731 464 ¹Christum
756 422 818 462 esse
841 403 942 464 mundi
964 403 1108 481 iudicem,
1139 427 1203 467 non

75 479 183 539 mirum
203 489 257 552 est,
276 479 301 540 si
320 481 382 538 eius
400 479 523 538 intuitus
542 479 684 540 tormenti
703 482 862 559 praesentis
881 493 992 544 metum
1011 483 1066 543 illis
1086 483 1202 544 incutit.

2 592 6 619 ι
78 555 172 630 Quod
192 556 308 635 quidam
325 567 479 634 quaerunt,
499 574 536 614 an
555 553 610 614 illis
631 559 765 636 cognitus
786 555 876 614 fuerit
893 556 988 617 ultimi
1008 559 1109 620 iudicii
1129 561 1202 635 dies,

37 637 38 640 ’
76 642 295 712 supervacuum
312 643 363 690 est.
419 631 500 706 Quid
526 639 598 712 ergd
624 631 680 692 sibi
705 632 768 694 vult
791 631 949 712 pertitula,
977 650 1043 694 aute
1072 645 1201 713 tempus?
1251 637 1252 652 ¹

75 727 184 788 nempe
209 709 276 786 quia
298 708 434 786 reprobis
457 710 571 790 poenae
590 706 721 786 ¹luendae
744 720 1034 788 tempus'nunquam
1058 726 1202 774 maturum

76 794 135 845 est:
156 785 282 845 libenter
302 785 378 844 enim
400 785 477 844 diem
498 805 531 844 ex
552 785 779 848 distraherent.
818 786 949 846 Nam'ut
972 808 1083 846 moram
1108 790 1202 870 depu-

74 871 140 921 tant
158 863 188 920 in
205 860 306 937 lucro,
332 861 501 942 quantisper
521 881 572 921 eos
590 862 715 922 sus'tinet
734 861 896 940 Dominus,
920 861 960 922 ita
973 864 1201 945 ,tergiversando
1259 931 1262 937 ξ
1304 927 1306 930 .

74 936 215 998 iudicium
236 939 296 999 eius
316 938 452 1020 fugitant,
473 938 543 998 licet
560 937 623 998 sine
642 940 795 1018 profectu.
1124 993 1126 998 .
1180 949 1183 954 '
1255 997 1257 1004 .

1 1081 2 1086 ἵ
152 1017 243 1075 Marc.
262 1013 290 1084 9.
329 1006 422 1090 Legio
440 1011 511 1074 mida·
527 1035 640 1076 umacus.
684 1015 772 1076 Hanc
792 1035 897 1076 vocem
922 1013 1042 1076 diabolo
1067 1015 1202 1080 Christus

1 1161 2 1164 Ἴ
65 1094 226 1170 expressit,
244 1103 277 1152 ut
295 1093 399 1152 melius
418 1091 530 1173 gratiae
548 1111 617 1152 suae
636 1092 866 1174 magnitudinem
880 1093 1107 1153 commendaret.
1132 1097 1203 1156 Non

75 1167 128 1227 abs
146 1188 179 1226 re
201 1169 313 1229 homini
332 1169 442 1230 inflicta
462 1169 558 1229 fuerat
580 1180 639 1228 tam
660 1169 753 1252 gravis
773 1170 864 1242 ultio,
890 1181 923 1234 ut
945 1169 976 1229 in
997 1189 1034 1229 eo
1059 1169 1204 1234 habitaret
1304 1223 1307 1230 .

1 1289 2 1318 3
75 1243 296 1322 quidamveluti
318 1245 458 1305 exercitus
471 1245 656 1316 daemonum,
696 1247 787 1308 Cuius
807 1257 880 1338 ergo
900 1247 1115 1306 misericordiae
1136 1248 1208 1326 fuit,

1 1343 3 1397 3
31 1361 35 1380 .
72 1317 227 1382 hominem
247 1321 311 1401 plus
330 1321 601 1401 milliesperditum
625 1322 786 1382 atotidem
805 1317 897 1384 exitiis
917 1321 1050 1402 eripere?
1087 1324 1215 1406 Magni:

1 1441 2 1446 1
75 1397 132 1456 lice
153 1398 240 1456 etiam
263 1399 296 1457 in
316 1418 353 1457 eo
373 1396 488 1460 refulsit
508 1397 747 1472 christinus,
771 1399 851 1479 quod
870 1419 1011 1476 vocefsua
1031 1421 1098 1460 uon,
1113 1421 1205 1462 unum

1 1519 3 1534 .
75 1472 268 1547 daemonem,
293 1473 343 1533 sed
363 1474 483 1533 multam
501 1474 617 1534 turbam
637 1487 760 1556 repente
777 1477 958 1559 profligavit.
994 1475 1088 1552 Legio
1107 1481 1205 1538 autem

74 1570 214 1640 nonxpro
234 1550 318 1610 finito
339 1550 495 1610 ,hominum
513 1570 654 1624 numero,
687 1552 737 1611 sed
767 1564 881 1612 tantum
908 1575 962 1634 pro
990 1573 1094 1634 magua
1117 1555 1221 1616 turba*

1 1674 2 1708 3
74 1625 139 1685 acci
160 1637 228 1684 rtur.
267 1628 347 1686 Hinc
367 1639 496 1708 apparet,
516 1648 603 1707 quam
621 1627 758 1696 miserum
779 1629 884 1690 animal
905 1631 942 1690 sit
960 1629 1061 1704 homo,
1078 1631 1204 1692 ulaiDei

74 1646 169 1762 tutela
183 1702 363 1764 destituitur:
384 1711 490 1783 nempe
506 1704 706 1783 unusquisque
725 1726 786 1766 non
807 1716 918 1766 tantum
938 1706 1060 1788 singulis
1079 1707 1204 1771 diabolis

1 1835 2 1846 ,
74 1789 172 1859 patet,
193 1780 244 1840 sed
264 1781 391 1862 ingentis
410 1781 515 1840 turbae
536 1792 580 1840 est
598 1800 665 1841 rece
683 1781 824 1841 taculum.
863 1782 958 1842 Simul
978 1783 1122 1843 refellitur
1140 1785 1205 1844 vul-
1253 1805 1281 1824 ‘-

1 1854 3 1939 ζ
74 1856 154 1938 garis
172 1855 223 1928 ille
247 1855 331 1917 error
372 1877 458 1937 quem
477 1856 580 1917 Iudaei
606 1869 636 1916 et
657 1802 815 1936 dhristiani
839 1879 856 1919 a
880 1859 1010 1940 profanis
1035 1859 1204 1922 hominibus
1282 1923 1284 1932 ,

1 1984 3 1994 ,
73 1934 200 1993 mutuati
220 1947 304 2006 sunt,
321 1901 410 2014 duod
430 1925 544 1995 lscilicet
562 1935 683 2016 singulis
703 1934 869 1996 hominihus
894 1936 993 1996 infesti
1017 1937 1077 2002 sint
1094 1939 1204 2020 singuli
1237 1959 1240 1968 ’
1304 1970 1306 1975 ’

1 2065 2 2070 ,
73 2007 243 2070 daemones.
281 2012 321 2070 At
343 2012 374 2071 ui
398 2013 541 2092 scriptura
564 2013 658 2092 palam
679 2012 818 2087 affirmat,
848 2025 939 2092 prout
957 2013 1090 2075 Domino
1109 2016 1204 2078 uisum
1264 2085 1266 2092 .

1 2088 3 2095 ’
72 2097 130 2162 est,
149 2106 228 2147 nuuc
240 2033 389 2150 diabolum
407 2111 498 2148 unum
518 2089 609 2162 mitti,
625 2090 675 2166 qui
693 2101 785 2152 totam
805 2088 931 2168 aliquam
944 2102 1063 2172 gentem
1083 2091 1205 2172 affligat,
1222 2157 1224 2165 ,

1 2219 2 2224 ,
71 2183 154 2223 nuuc
182 2162 318 2244 pluribus
348 2165 424 2224 tradi
453 2186 543 2224 unum
569 2165 717 2224 bominem
747 2167 943 2244 puniendum:
977 2168 1052 2226 sicut
1074 2167 1204 2230 uicissim

72 2260 150 2300 unus
169 2239 318 2300 interdum
339 2240 458 2324 angelus
482 2241 541 2300 toti
558 2240 670 2318 populo
690 2241 851 2321 praesidet,
876 2253 906 2301 et
928 2241 1049 2322 singulis
1074 2241 1205 2303 homini*-

1 2381 2 2384 Ἴ
56 2314 131 2383 ibus
155 2317 242 2390 multi
265 2315 373 2376 dantur
397 2316 495 2377 salutis
520 2317 673 2376 custodes.⁴
711 2315 782 2390 Quo
807 2318 897 2398 magis
917 2318 1042 2378 sollicite
1062 2319 1205 2380 excubare

1 2451 2 2454 ,
57 2393 248 2470 ἠοε,ἀεεοῑ,
269 2411 307 2450 ne
325 2404 408 2452 tanta
428 2392 554 2452 hostium
574 2391 661 2452 turba
680 2400 735 2453 nos'
755 2391 988 2466 circumveniat'

118 2525 122 2532 ,
153 2475 201 2534 10.
238 2467 480 2543 Deprecnbnutm·
498 2489 570 2527 eum.
608 2469 701 2529 Lucas
713 2468 794 2543 dicit,
816 2488 943 2550 rogasse,
963 2488 1001 2527 ne
1019 2470 1052 2526 in
1070 2467 1203 2546 abyssum

74 2543 278 2605 mitterentur:
312 2547 392 2626 quod
411 2547 452 2606 ita
467 2563 488 2606 ‘a
508 2544 679 2623 quibusdam
705 2546 876 2623 exponitur,
909 2545 990 2624 quasi
1014 2543 1205 2608 solitudinem
1391 2587 1392 2594 .

1 2683 3 2700 ζ
73 2611 231 2702 fugeritis*
253 2623 320 2713 Ego
339 2641 410 2684 vero
431 2622 620 2682 admouendi
640 2621 790 2680 libidinem
810 2621 1016 2702 referorquia
1035 2621 1093 2682 hoc
1112 2644 1204 2698 unum
1226 2641 1246 2652 '¹
1336 2611 1340 2632 ²
1391 2623 1392 2644 ¹

1 2707 2 2774 g
57 2696 201 2759 *diabolis
220 2700 348 2758 studrum
367 2713 421 2772 est,
443 2699 583 2760 oberrare
602 2698 680 2758 inter
699 2698 832 2758 homines
851 2696 970 2759 leonum
989 2697 1132 2774 instarapl
1151 2720 1204 2760 ve-

1 2783 2 2852 ,
73 2776 203 2847 nandarn
222 2776 368 2854 praedam.
406 2775 499 2842 Dolet
518 2775 573 2838 illis
597 2777 628 2835 in
653 2775 787 2856 abyssum
809 2775 955 2856 demergi,
979 2775 1009 2835 iu
1031 2797 1086 2854 qua
1106 2774 1203 2842 ablata

1 2906 3 2922 ,
73 2853 113 2913 sit
131 2849 269 2912 laedendi
290 2866 319 2913 et
337 2853 480 2935 perdendi
500 2851 630 2912 facultas.
668 2853 767 2932 Atque
786 2851 864 2911 hunc
877 2852 1038 2933 genuinum
1058 2864 1120 2912 esse
1134 2851 1217 2914 sen-‘

1 2927 3 2944 '
73 2949 139 2990 sum
160 2949 194 2988 ex
213 2929 311 2992 staret
325 2930 423 2992 verbis
448 2927 590 3012 colligere
614 2931 697 2992 licet:
722 2929 793 2988 dicit
817 2928 895 2988 enim
914 2941 1048 3008 precatos
1068 2950 1142 3006 esse,
1163 2953 1203 2992 ne

1 3001 3 3018 ¹
73 3020 164 3066 antro
180 3009 326 3082 regionem
344 3009 426 3067 abire
446 3009 633 3090 cogerentur.
670 3005 706 3066 In
727 3025 859 3080 summa,
872 3006 930 3065 hoc
949 3025 980 3065 se
1000 3007 1120 3087 ingenio
1139 3005 1203 3070 esse

1 3091 3 3147 ζ
74 3081 217 3164 produnt,
236 3095 270 3144 ut
289 3084 361 3145 nihil
382 3085 473 3166 magis
492 3095 631 3163 appetant
650 3104 737 3179 guam
757 3082 874 3142 humani
894 3083 1009 3162 generis
1029 3083 1158 3142 exitium.
1234 3145 1238 3155 Ι

152 3159 256 3220 Matth.
276 3167 323 3226 31.
368 3161 407 3219 Ut
439 3159 627 3236 dema'grenam
654 3183 686 3218 tu
713 3180 846 3242 gregem!
857 3180 1024 3234 porcorum.
1061 3159 1204 3222 Divinant

1 3217 2 3248 ³
74 3235 210 3317 quidam,
230 3249 346 3317 optasse
365 3238 479 3297 irruere
498 3239 528 3296 in
549 3256 677 3320 porcos,
699 3237 765 3373 puin
779 3236 886 3296 'infesti
910 3235 969 3296 sint
988 3234 1123 3296 omuibus
1142 3239 1202 3302 Dei

1 3321 3 3372 ζ
74 3315 224 3374 creaturis.
264 3315 332 3374 Hoc
352 3315 469 3393 quidem
488 3333 590 3374 verum
615 3333 677 3374 esse
715 3324 813 3387 ateor,
842 3321 922 3373 totos
947 3314 978 3372 in
1003 3333 1039 3373 eo
1061 3331 1140 3388 esse,
1169 3321 1213 3392 u't¹

1 3445 2 3460 ἶ
72 3399 172 3450 totum
199 3401 320 3450 naturae
340 3391 473 3450 ordinem
495 3390 630 3450 divinitus
650 3389 840 3450 constitutum
861 3389 1001 3482 dissipent
1025 3410 1058 3450 ac
1082 3410 1203 3472 pervers

1 3475 5 3502 '¹
74 3477 153 3528 tant:
174 3466 290 3548 longius
308 3479 405 3527 tamen
427 3467 584 3548 respexisse
604 3478 715 3526 certum
735 3477 796 3540 est,
823 3478 857 3524 ut
875 3465 987 3526 scilicet
1006 3465 1136 3548 regionis
1154 3470 1207 3528 iu·⁴

1 3543 2 3550 '
52 3544 156 3604 ‘colas
175 3564 334 3623 porcorum
354 3543 526 3607 iacturaiad
551 3542 781 3602 maledicendum
800 3543 869 3602 Deo
893 3543 1088 3623 impellerent.
1126 3543 1202 3609 Nam
1315 3599 1320 3608 ,

75 3620 157 3698 quod
178 3620 310 3680 diabolus
327 3620 471 3682 ,fulminat
496 3619 526 3679 in
548 3619 668 3679 domum
689 3619 761 3692 Iob,
787 3639 849 3678 non
876 3618 945 3679 facit
968 3618 1025 3680 hoc
1052 3620 1202 3696 lignorum
1276 3674 1278 3678 .
1340 3679 1342 3682 .

74 3696 122 3755 vel
141 3696 269 3777 lapidum
290 3697 376 3770 odio,
396 3698 447 3758 sed
468 3710 501 3757 ut
519 3709 635 3756 sanctus
653 3696 697 3755 vir
716 3695 905 3777 impatienter
923 3697 1057 3765 damnum
1079 3696 1202 3758 ferendo

75 3772 211 3836 adversus
230 3773 328 3834 Deum
349 3773 463 3834 fremat.
508 3772 640 3836 Christus
659 3793 729 3832 vero
757 3791 890 3832 annuens
921 3793 982 3832 nou
1008 3791 1109 3831 eorum
1135 3785 1203 3836 vota

76 3851 207 3925 exaudit,
235 3850 286 3910 sed
311 3851 365 3910 laac
389 3851 544 3912 occasione
565 3848 799 3930 probarevult,
829 3848 929 3927 quales
960 3849 1019 3908 sint
1045 3846 1203 3909 Gadareni.

75 3923 213 3986 Fortasse
233 3928 319 3986 etiam
334 3939 483 3988 uteorum
501 3925 611 3988 scelera
625 3925 754 4006 castiget,
775 3935 888 3984 tantum
902 3923 1043 3984 licentiae
1062 3926 1204 4004 permittit

78 4001 201 4064 diabolis
222 4004 253 4063 in
274 4025 376 4064 eorum
396 4024 513 4084 porcos.
554 4003 712 4082 Caeterum
731 4013 764 4061 ut
784 4001 862 4061 nulla
880 4001 975 4064 nobis·
989 4013 1105 4060 constet
1124 4015 1203 4066 certa
1271 4030 1274 4038 =

76 4080 167 4154 ratio,
193 4081 341 4142 occultum
364 4092 462 4140 tamen
482 4079 540 4154 Dei
559 4079 697 4138 iudicium
717 4075 887 4140 reverenter
905 4077 1068 4156 suspicere,
1102 4090 1132 4139 et
1175 4079 1204 4142 ia

76 4152 240 4217 humilitate
260 4158 383 4218 adorare
395 4156 542 4222 convenit.
560 4155 680 4216 ‘Docet
693 4167 790 4216 autem
811 4154 857 4213 hic
878 4153 969 4229 locus,
989 4175 1075 4232 quam
1095 4102 1204 4218 insulse

76 4246 226 4312 nugentur
248 4234 366 4316 profani
391 4233 508 4313 quidam
535 4233 683 4306 homines',
712 4232 762 4311 qui
788 4229 922 4292 diabolos
939 4251 1012 4290 ,non
1038 4232 1204 4296 essentiales

1 4337 2 4342 κ
75 4308 210 4386 spiritus,
229 4312 280 4370 s'ed
298 4322 412 4370 tantum
432 4330 536 4391 pravos
556 4309 707 4372 bominum
727 4307 849 4368 affectus
870 4325 932 4366 esse
952 4305 1076 4388 lingunt.
1116 4309 1204 4385 Quo.

1 4384 2 4399 ¹
76 4384 169 4450 modo
189 4386 268 4448 enim
286 4389 413 4468 avaritia,
429 4386 564 4468 ‘ambitim
584 4385 758 4462 crudelitas,
777 4383 914 4466 perfidia,
933 4381 963 4446 iu
982 4405 1092 4467 porcos
1111 4387 1204 4452 demi.
