2808 4748
145 202 202 266 tte
355 193 507 263 secato
527 197 564 257 V.
584 233 585 238 κ
603 197 754 260 Munnms
775 195 851 259 Irsu
871 211 1067 260 rumorum.

149 361 259 428 nempe
282 335 365 423 quod
387 342 510 406 veniens
536 318 838 424 annuntiarit'pacem
862 341 922 418 his,
948 343 999 422 qni
1023 358 1116 422 prope
1138 350 1226 400 erant
1252 351 1283 400 ct

151 423 204 502 qui
224 417 355 504 procul),
375 417 483 480 deinde
502 421 571 512 quia
589 419 669 482 solus
681 421 808 501 Spiritus
824 417 868 482 s'ui
887 421 1006 493 virtute,
1025 415 1164 498 quicquid
1185 415 1284 478 bono-

136 518 219 582 =rum
237 497 286 558 bic
304 499 502 577 promittitur,
521 495 614 558 efficit
633 509 664 558 et
682 509 816 578 praestat.

229 579 277 642 18.
307 574 437 654 &siritu
454 573 579 636 Dourion·
595 596 683 652 super
697 597 753 650 mc.
791 575 859 638 Hoc
877 571 947 632 ideo
968 571 1077 634 dictum
1097 579 1142 638 est
1160 579 1194 630 ut
1211 569 1286 630 scia·
1395 585 1396 640 j

93 667 105 702 ¹·
154 669 238 730 mm,
263 649 415 714 Christum
438 661 499 714 tam
522 655 553 712 in
578 671 610 713 se
635 673 724 732 quam
747 652 779 712 in
801 651 862 712 'suis
886 648 1024 712 ministris
1045 669 1107 708 non
1126 646 1287 708 humanum
1395 663 1396 720 ξ

154 746 213 788 nec
229 727 373 808 privatum
392 727 548 810 negotium
567 748 666 811 agere,
686 727 738 788 sed
757 719 1026 788 ad'restituendam
1037 724 1187 784 Ecclesiae
1207 721 1284 784 salu·
1395 763 1396 766 =

153 814 217 864 tem
236 803 377 868 divinitus
395 825 459 866 esse
476 805 609 866 missum:
628 815 753 866 testatur
773 805 863 878 enim,
874 801 948 862 nihil
959 823 990 861 se
1007 802 1134 862 bumano
1146 801 1287 860 instinctu
1395 855 1396 860 ,

117 941 119 946 .
154 879 204 942 vel
222 881 357 958 consilio,
376 881 428 942 sed
446 881 647 966 gubernatore
664 880 724 941 Dei
745 880 857 961 Spiritu
878 878 977 938 orbnia
996 896 1099 960 agere,
1118 888 1151 936 nt
1169 877 1287 956 piorum

155 954 229 1021 fides
253 956 286 1018 in
309 957 370 1018 Dei
394 957 569 1020 auctoritate
592 968 623 1018 et
646 958 781 1038 potentia
797 955 926 1018 'lundata
944 954 997 1032 sit.
1037 954 1130 1030 Quod
1156 951 1288 1034 proxime

157 1033 292 1127 seqnitur
309 1034 490 1109 membrum,
512 1031 577 1094 ideo
593 1036 684 1094 nouit
699 1055 761 1114 ore,
786 1033 935 1116 exegetice
958 1029 1090 1094 additum
1116 1042 1174 1090 est:
1202 1027 1288 1092 multi

156 1128 237 1180 emm
258 1109 330 1176 falso
349 1111 409 1176 Dei
428 1110 572 1192 Spiritum
591 1130 623 1188 se
643 1109 753 1174 babere
771 1113 895 1184 iactant,
921 1129 1011 1190 quum
1036 1107 1096 1170 sint
1121 1106 1183 1168 eius
1203 1106 1289 1169 donis

136 1187 249 1260 ·,vacui.
289 1187 423 1268 Christus
442 1197 539 1254 antem
558 1187 595 1250 ab
616 1187 777 1264 unctione,
801 1187 941 1273 tanquam
965 1184 1002 1248 ab
1028 1184 1155 1260 ellectu,
1181 1183 1289 1264 probat

157 1282 191 1330 te
208 1259 269 1326 Dei
295 1264 411 1362 Spiritu
435 1283 499 1328 esse
521 1263 695 1345 praeditum.
734 1264 863 1340 Subiicit
887 1259 1010 1345 deinde,
1033 1261 1065 1319 in
1090 1280 1177 1341 quem
1201 1261 1288 1318 linem

196 1341 261 1406 atiis
281 1339 304 1402 S
326 1342 409 1404 rritus
433 1354 554 1406 ornatus
574 1339 678 1402 suerit:
708 1362 816 1422 nempe
841 1352 875 1420 ut
919 1336 1075 1418 auperibus
1100 1336 1289 1420 evangelizet.

191 1416 250 1509 {lde
275 1363 454 1500 colligimus,
480 1418 650 1558 quicunqpe
673 1417 884 1500 ald-praedicam
928 1438 955 1476 rn
975 1413 1166 1497 Evangelinm
1188 1435 1204 1473 a
1223 1413 1291 1474 Deo

157 1505 331 1574 mittuntur,
350 1515 521 1560 necessarus
540 1496 603 1557 dotr
626 1519 659 1558 us
678 1495 758 1577 prius
776 1495 896 1570 instrui,
921 1503 955 1556 ut
972 1503 1057 1554 tanto
1076 1490 1191 1552 muneri
1209 1490 1290 1552 sulfi-

100 1577 104 1583 '
160 1571 248 1634 ciant
288 1569 390 1646 Quare
409 1571 497 1652 plane
515 1573 633 1636 ridiculi
653 1585 737 1649 sunt,
756 1571 807 1656 qui
827 1572 942 1634 ovinae
961 1569 1122 1634 vocationis
1143 1577 1293 1647 praetextu

160 1658 312 1729 pastorum
342 1647 442 1712 locum
471 1663 630 1743 usurpant,
660 1671 751 1732 qunm
782 1649 819 1710 ad
850 1668 955 1718 munus
982 1644 1197 1724 exsequendum
1228 1643 1294 1724 plus
1395 1673 1396 1678 ¹

161 1743 247 1815 quam
264 1723 325 1786 sint
341 1727 447 1806 inepti,
466 1738 552 1788 sicuti
570 1727 727 1808 rnPapatu
745 1725 863 1792 cornuti
879 1723 1031 1805 Episcopi,
1051 1741 1140 1802 quum
1160 1720 1295 1784 rudiores

160 1809 220 1861 smt
239 1799 422 1879 quibuslibet
439 1803 538 1878 asinis,
556 1823 588 1866 se
607 1815 707 1864 tamen
727 1801 838 1865 Christi
857 1801 981 1863 vicarios
1002 1810 1033 1858 et
1050 1796 1130 1858 solos
1146 1795 1294 1860 Ecclesiae

161 1874 311 1958 legitimos
330 1879 478 1960 praesules
497 1880 688 1960 superciliose
708 1899 774 1942 esse·
791 1877 949 1940 clamitant.
973 1873 1155 1958 Nominatim
1175 1894 1295 1954 quoqne

162 1949 270 2014 dicitur
287 1975 401 2039 ungere
419 1955 568 2018 Dominus
578 1976 688 2018 servos
706 1977 786 2029 suos,
805 1955 874 2034 quia
893 1957 963 2032 'vera
982 1962 1013 2012 et
1033 1949 1132 2011 efficax
1143 1949 1295 2032 Evangelii

163 2029 343 2112 praedicatio
364 2053 426 2096 non
445 2033 477 2092 irt
496 2045 619 2096 ventosa
639 2031 818 2112 eloquentia,
837 2030 890 2092 sed
907 2025 1033 2098 coelesti
1043 2025 1172 2108 Spiritus
1188 2028 1295 2088 virtute

162 2109 218 2170 site
238 2120 293 2185 est,
314 2104 561 2190 quemadmodum
581 2110 653 2171 dicit
669 2106 777 2170 Paulus
797 2107 835 2188 (I.
849 2107 962 2181 Cone,
982 2105 1082 2182 1..4.).
1105 2101 1295 2180 Pauperibus.
1395 2119 1396 2124 ’

83 2218 111 2268 .'
164 2181 321 2324 Spqpificat
337 2185 506 2272 Propheta,
530 2185 622 2279 qualis
641 2186 680 2250 sit
699 2185 814 2277 futurus
832 2181 984 2246 Ecclesiae
1002 2189 1094 2273 status
1112 2191 1181 2242 ante
1197 2183 1296 2272 Eran-

164 2279 190 2400 g
257 2273 400 2340 erronum,
420 2273 452 2324 et
470 2263 562 2344 qualrs
582 2274 621 2355 sit
640 2274 720 2326 extra
733 2261 884 2354 Cbrrstum
896 2258 1295 2349 nostraomnrumcondrtro.
1317 2325 1322 2336 ,

191 2358 314 2420 auperes
334 2360 424 2424 ergo,
444 2352 475 2402 et
494 2352 655 2414 contritos,
676 2351 707 2400 et
725 2351 870 2421 captivos,
890 2349 921 2397 et
939 2354 1062 2410 coecos,
1082 2345 1111 2396 et
1131 2333 1297 2398 confractos

65 2455 76 2472 .,
165 2429 263 2509 vocat,
282 2417 388 2498 quibus
407 2415 491 2480 Deus
510 2418 752 2495 instaurationem
777 2414 934 2500 promittit.
971 2411 1035 2473 Etsi
1054 2423 1153 2472 autem
1176 2423 1223 2471 tot
1241 2411 1297 2472 mi·
1345 2450 1350 2460 ·
1395 2473 1396 2476 ,

166 2495 249 2558 serris
269 2515 442 2575 oppressum
462 2507 525 2556 erat
543 2493 647 2576 populi
665 2511 789 2587 corpus,
808 2505 843 2556 ut
863 2488 984 2574 singulis
1008 2486 1146 2549 membris
1170 2486 1202 2548 hi
1221 2487 1298 2550 tituli

146 2584 379 2654 congruerent,
400 2571 467 2651 quia
484 2584 585 2634 tamen
604 2571 689 2633 multi
705 2571 764 2633 sibi
782 2572 813 2632 in
833 2591 884 2630 sua
902 2567 1012 2646 inopia,
1032 2565 1191 2642 coecitate,
1207 2566 1297 2626 servi-

141 2665 147 2700 ι
167 2655 247 2721 tute,
270 2660 369 2708 morte
393 2648 521 2728 lienique
547 2647 775 2710 blandiebantur
797 2644 844 2713 vel
868 2645 977 2725 stupidi
1002 2651 1100 2718 erant,
1118 2642 1187 2703 ideo
1213 2643 1298 2722 pauci

167 2721 205 2787 ad
225 2721 301 2800 banc
318 2723 441 2808 gratiam
459 2724 780 2804 recipiendam'idonei
800 2722 928 2801 luerunt.
966 2721 1161 2810 Acprimnm
1181 2719 1299 2797 quidem

56 2813 62 2824 ‘
111 2827 113 2834 ν
169 2797 240 2858 binc
261 2797 413 2876 docemur,
432 2820 574 2882 quorsum
593 2811 708 2881 spectet
718 2796 872 2880 Evangelii
891 2797 1135 2878 praedicnt10,·et
1155 2797 1224 2876 quid
1244 2817 1300 2856 no-

168 2871 215 2954 bis
246 2873 365 2965 afferat:
396 2895 505 2956 nempe
522 2878 628 2955 quod,
659 2898 749 2956 quum
775 2875 857 2934 omni
873 2873 1024 2936 'malorum
1070 2893 1159 2932 enere
1182 2873 1301 2952 penitus
1395 2895 1396 2902 ¹

170 2945 272 3032 obruti
296 2971 409 3028 sumus,
428 2953 489 3014 illic
512 2952 595 3014 Deus
619 2951 731 3014 vivifica
754 2973 804 3022 sua
824 2949 890 3010 luce
908 2949 996 3012 nobis
1016 2891 1155 3032 aliulget,
1173 2961 1207 3011 ut
1227 2950 1301 3009 edu-

170 3035 235 3088 ctos
266 3047 301 3088 ex
330 3030 480 3108 profunda
510 3029 613 3092 mortis
638 3030 744 3108 abysso
769 3029 800 3088 in
823 3028 941 3108 plenam
966 3027 1135 3090 felicitatem
1158 3025 1301 3088 restituat.
1395 3027 1396 3042 ¹

168 3099 240 3163 Non
258 3105 386 3241 vulgaris
406 3119 487 3168 certe
506 3105 577 3166 baec
597 3117 642 3168 est
658 3105 811 3187 Evangelii
827 3103 1054 3180 commendatio,
1073 3102 1154 3240 quod
1170 3114 1232 3165 tam
1252 3103 1301 3162 in·
1395 3105 1396 3114 ’

169 3197 309 3258 compara
332 3181 399 3242 ilem
418 3184 488 3243 inde
513 3183 641 3244 fructum
665 3182 838 3266 colligimus.
877 3181 1017 3242 Secundo
1041 3181 1070 3242 vi

1089 3200 1189 3255 emus,
1214 3201 1301 3270 quos·
1395 3197 1396 3202 ’

170 3273 239 3316 nam
258 3257 295 3316 ad
314 3280 346 3322 se
367 3259 502 3322 Christus
526 3261 647 3336 invitet,
672 3282 708 3322 ac
731 3259 902 3320 commissae
925 3257 982 3320 sibi
1008 3257 1120 3338 gratiae
1146 3257 1302 3336 participes
1395 3285 1396 3308 l

171 3327 273 3422 saciata
290 3355 399 3472 nempe
419 3335 469 3417 qui
488 3337 582 3399 modis
603 3337 739 3398 omnibus
754 3337 858 3411 'miseri
876 3347 961 3411 sunt,
982 3345 1012 3394 et
1030 3333 1111 3395 omni
1130 3353 1183 3424 spe
1202 3332 1304 3418 salutis
1395 3357 1396 3362 ¹

133 3457 136 3473 .
171 3405 312 3498 destituti.
376 3411 413 3471 ed
431 3413 557 3474 vicissim
577 3434 747 3490 monemur,
773 3434 836 3474 non
860 3413 948 3474 aliter
970 3413 1030 3472 istis
1052 3409 1163 3480 Christi
1187 3408 1305 3470 beneli-

171 3505 224 3546 cus
248 3507 336 3568 posse
355 3509 410 3548 nos
430 3488 501 3564 frui,
526 3491 581 3550 nisi
601 3491 743 3552 humiliati
766 3490 1008 3568 seriomatorum
1026 3498 1196 3551 nostrorum
1215 3505 1304 3547 sensu

171 3559 252 3622 illum
275 3561 468 3628 liberatorem
492 3578 630 3646 tanquam
655 3565 787 3632 famelici
818 3577 1001 3648 appetamus:
1038 3585 1105 3624 nam
1156 3565 1304 3642 uicunque

140 3692 143 3696 .
170 3639 308 3722 superbia
326 3652 462 3722 turgent,
482 3663 537 3704 nec
557 3643 610 3707 sub
632 3645 800 3725 captivitate
820 3665 869 3704 sua
889 3653 1028 3726 gemunt,
1048 3661 1104 3700 nec
1124 3585 1180 3700 sibi
1199 3640 1231 3698 in
1250 3661 1302 3700 sua
1395 3675 1396 3688 .

172 3717 317 3780 coecitate
338 3717 623 3798 displicent,.surdis
645 3720 762 3784 auribus
783 3729 979 3781 contemnunt
993 3717 1051 3778 boc
1067 3717 1244 3778 vaticinium.

197 3816 202 3826 ·
248 3800 295 3860 19.
338 3795 378 3854 Ut
387 3793 555 3870 praedicem
565 3820 673 3858 annum
683 3797 814 3859 Dondni.
833 3796 933 3858 Multis
944 3795 1062 3854 videtur
1073 3813 1134 3854 esse
1148 3793 1250 3853 allusio
1265 3791 1304 3852 ad
1395 3807 1396 3848 l

170 3865 347 3950 lubilaeum,
368 3893 493 3952 quorum
514 3875 689 3940 sententiam
709 3896 770 3935 non
792 3873 927 3956 repudio·
950 3871 1062 3931 Notare
1080 3881 1180 3930 tamen
1191 3887 1303 3949 operae
1395 3879 1396 3892 ¹

170 3947 301 4032 pretium
325 3960 384 4023 est,
408 3949 588 4029 Prophetam
612 3951 678 4012 data
704 3959 794 4034 opera
822 3969 979 4011 occurrere
1004 3945 1198 4022 dubitationi,
1249 3965 1304 4004 uae

171 4019 304 4108 luituros
323 4025 436 4086 animos
455 4025 576 4087 turbare
597 4040 627 4087 et
646 4039 806 4090 concutere
825 4037 958 4110 poterat,
983 4045 1072 4106 quum
1092 4034 1149 4084 tam
1170 4023 1219 4084 diu
1270 4042 1305 4080 o·

173 4113 268 4174 ,tumus
287 4102 461 4180 promissam
480 4101 601 4166 salutem
622 4105 760 4166 dillerens
784 4104 863 4197 ipsos
882 4099 1182 4192 teneret‘snspcnsos.
1211 4099 1303 4180 ‘Ergo

175 4165 398 4262 tgdemptionis·
415 4191 532 4263 tempus
562 4181 594 4242 in
617 4182 677 4244 Dei
702 4181 827 4244 consilio
854 4181 902 4243 vel
925 4174 1113 4258 beneplacito
1138 4176 1304 4256 constituit,

178 4258 263 4335 ⁸¹⁰¹!il
283 4270 345 4332 cap.
365 4261 415 4332 49,
433 4263 474 4334 8.,
499 4259 651 4340 Tempore
670 4255 1002 4338 beneplacitirexaudivi
1019 4266 1068 4328 te,
1085 4254 1117 4314 iu
1137 4255 1185 4320 die
1202 4250 1305 4314 salutis

176 4319 324 4406 auvlratps
344 4350 408 4402 sum
427 4335 491 4409 sthi,
537 4335 644 4401 Paulus
663 4336 702 4409 ad,
721 4333 816 4408 Galat.
835 4341 870 4413 4,
889 4339 918 4405 4.ῄ
942 4341 1028 4402 vocat
1046 4330 1188 4412 temporis
1207 4328 1305 4411 pleni-
