2808 4748
195 287 236 352 98
309 285 323 302 ’·
360 271 514 340 seculo
534 273 588 335 IV.
626 272 703 335 Iesu
722 257 966 336 mrmuus'er
987 225 1185 330 serrarius
1295 251 1298 257 ’

153 407 158 414 ’
200 435 254 488 aut
274 419 372 486 selum
399 417 518 500 aliquod
543 417 720 480 obtendunt.
769 417 820 478 Sic
851 435 923 499 ergo
948 415 1076 477 Ioannes
1098 410 1271 474 Pharisaeos
1294 418 1328 468 et

200 499 390 564 Sadducaeos
409 497 466 558 allo
489 496 582 570 uitur,
608 496 696 557 Nunc
714 494 813 555 durius
832 513 849 554 a
866 513 915 552 ine
939 492 1092 573 increpiti,
1115 486 1208 550 nolite
1226 485 1327 546 facere

201 577 282 661 quod
301 574 391 662 uestri
408 518 515 639 similes
534 573 642 648 solent,
661 584 695 632 nt
712 572 825 632 scilicet
842 569 1004 631 remedium
1024 590 1059 630 ex
1076 587 1152 630 rano
1172 562 1268 624 fallaci
1288 580 1327 622 ue

199 664 351 738 praetextu
370 672 403 712 ca
424 651 501 712 tetis.
538 649 661 710 Pravam
674 667 747 710 vero
766 647 910 720 fiduciam,
930 668 987 728 qua
1007 644 1139 707 fascinati
1158 651 1250 714 erant,
1268 637 1279 698 i
1302 629 1325 698 is

202 739 380 810 extorquet:¹
395 672 500 808 {bediis
525 726 605 806 quod
623 726 705 785 Deus
729 746 795 786 cuin
813 723 962 784 Abrabam
986 724 1155 805 pepigerat,
1181 717 1326 776 illiserat

200 811 293 870 instar
311 804 406 886 clypei
425 804 460 865 ad
478 804 635 885 tegendam
653 801 758 861 malam
771 801 992 873 conscientiam,
1011 821 1073 860 uon
1090 795 1170 879 quod
1190 795 1221 854 in
1239 793 1324 854 unius

200 883 329 947 bominis
376 901 481 942 ersoua
509 878 630 940 salutem
661 899 742 940 suam
765 876 913 956 locarent,
944 877 995 938 sed
1022 876 1089 956 quia
1111 883 1208 934 totum
1231 889 1323 951 geniis

200 959 339 1022 Abrabae
354 903 439 1018 lleus
458 955 673 1036 adoptaverat..
696 955 815 1015 Interea
839 974 901 1015 non
919 953 1109 1035 reputabant,
1132 947 1229 1009 nullos
1253 965 1324 1006 cen-

201 1036 315 1100 seriiu
330 1035 454 1096 'semine
476 1031 641 1104 Abrabae,
657 1030 714 1092 nisi
738 1031 788 1112 qui
812 1044 976 1111 sequuntur
1001 1032 1061 1090 eius
1084 1025 1182 1099 fidem,
1213 1033 1243 1083 et
1265 1019 1324 1080 Dei

198 1113 305 1177 foedus
322 1131 386 1173 nori
404 1110 460 1170 nisi
478 1108 536 1168 fide
554 1119 649 1176 ratum
665 1127 738 1183 esse,
757 1119 791 1168 ut
809 1109 904 1190 prosit
921 1109 952 1168 in
971 1106 1101 1168 salutem.
1138 1103 1203 1162 Nec
1222 1117 1324 1180 super·
1393 1171 1394 1182 ἵ

142 1249 147 1260 ,
199 1210 289 1256 vacua
308 1200 353 1250 est
394 1184 514 1247 articula
538 1187 571 1244 iri
589 1183 687 1247 uobis:
711 1185 841 1265 quamvis
867 1186 946 1246 enim
970 1191 1069 1270 lingna
1094 1201 1156 1240 non
1180 1179 1323 1238 iactarent
1392 1185 1394 1214 ³

200 1287 232 1329 se
250 1265 343 1326 Filios
391 1262 514 1335 brahae,
537 1260 714 1322 hortamen
732 1261 820 1322 titulo
840 1262 918 1338 intus
942 1259 999 1322 sibi
1018 1257 1190 1340 placebant,
1217 1264 1250 1315 ut
1269 1251 1322 1332 by-

199 1343 327 1426 pocritas
346 1338 419 1400 nibil
438 1337 530 1418 pudet
548 1339 667 1400 crassius
686 1338 754 1399 Deo
775 1359 861 1418 quam
881 1336 1047 1398 bominibus
1067 1332 1199 1394 illudere.
1290 1393 1296 1406 ,
1393 1381 1394 1398 2

274 1418 372 1478 Potest
383 1415 468 1474 Deus
477 1424 528 1476 etc.
551 1414 667 1476 Eodem
678 1413 741 1475 fere
751 1426 903 1496 praetextu
913 1414 970 1477 sibi
979 1409 1203 1490 blandiebantur
1212 1401 1323 1478 Iudaei,

220 1516 259 1556 no
278 1493 369 1554 hodie
387 1511 419 1551 se
438 1491 572 1572 Papistae
591 1492 755 1554 insolenter
772 1493 939 1552 venditant:
958 1509 1078 1552 necesse
1098 1498 1143 1548 est
1162 1481 1322 1544 Ecclesiam

199 1517 324 1652 :aliquam
344 1587 406 1629 esse
425 1568 458 1629 iii
481 1569 609 1646 mundo,
638 1569 706 1649 quia
723 1568 804 1630 Deris
830 1570 862 1629 in
881 1561 993 1629 mun'do
1012 1564 1075 1629 vult
1098 1561 1234 1646 agnosci,
1263 1577 1321 1618 no-

197 1665 325 1781 menppue
343 1667 427 1706 suum
447 1645 587 1706 invocari.
629 1644 722 1738 Atqui
744 1644 814 1706 alibi
839 1665 902 1712 uon
926 1655 1026 1727 potest
1052 1659 1219 1720 essequam
1244 1631 1321 1716 apud

198 1745 253 1785 nos
289 1721 403 1799 eclesia,
421 1722 498 1803 apud
508 1743 585 1801 ¹quos
596 1715 741 1793 Dominus
761 1721 866 1788 foedus
884 1743 969 1783 suum
980 1719 1124 1802 deposuit
1161 1714 1320 1792 Praecipue
1387 1731 1389 1736 ·

145 1835 146 1840 κ
197 1798 441 1880 bac¹arrogantia
461 1811 512 1859 tur
534 1797 624 1859 ebant
640 1798 819 1874 Pontifices,
848 1809 879 1860 et
903 1798 952 1862 alii
976 1817 1068 1880 penes
1092 1813 1166 1874 quos
1190 1789 1321 1873 regimen

187 1881 266 1937 ,erat
281 1895 314 1936 ac
333 1886 476 1956 potestas.
506 1817 620 1957 &ulgus
639 1875 719 1936 enim
738 1875 794 1935 illis
813 1874 972 1957 profanum
991 1895 1025 1935 ac
1043 1870 1230 1933 maledictum
1250 1874 1321 1938 erat,

197 1963 230 2012 ut
248 1950 276 2012 le
298 1950 510 2036 imusxlloannis
526 1959 545 2017 '7
568 1957 626 2026 ts,
645 1971 677 2011 se
696 1963 794 2012 sutem
812 1951 957 2034 putabant
968 1972 1067 2012 'sacras
1087 1968 1148 2021 esse
1168 1943 1321 2039 primitias:

195 2030 273 2090 sicut
311 2028 379 2088 odie
398 2028 521 2088 cornuti
533 1993 559 2086 ll
581 2027 684 2108 iscopi,
702 2026 844 2104 Abbates,
864 2027 1008 2090 Canonici
1038 2025 1187 2099 Monacbi,
1208 2019 1320 2081 Sorbo·

196 2105 299 2179 nistae,
319 2115 349 2165 et
367 2104 488 2165 sacrifici
508 2049 634 2184 quilibet
653 2104 781 2185 superbo
803 2105 873 2166 cleri
893 2105 981 2178 titulo
1001 2073 1071 2165 elati
1090 2103 1179 2163 laicos
1195 2117 1268 2180 prae
1287 2114 1318 2154 se

146 2223 147 2230 ι
195 2181 369 2272 despiciunt.
406 2182 549 2271 Errorem
567 2182 656 2240 istum
675 2182 860 2265 coarguieac
880 2183 989 2244 refellit
1006 2181 1144 2255 loannes,
1163 2173 1243 2312 ‹puod
1261 2169 1319 2231 Del

167 2324 171 2334 Ι
215 2277 420 2338 remissionem
440 2258 525 2320 nimis
545 2255 980 2341 restringantpdemonstrans,
999 2259 1127 2339 quamvis
1146 2255 1167 2314 il
1180 2257 1202 2315 is
1223 2259 1320 2312 careat

137 2384 139 2393 .
220 2355 286 2408 ¹eus,
304 2333 582 2396 Ecclesiam‘itamen
602 2332 646 2397 illi
664 2355 727 2395 nou
743 2336 918 2404 defuturam.
957 2336 1065 2396 Sensus
1077 2354 1150 2416 ergo
1161 2328 1319 2414 verborum
1393 2365 1394 2370 κ

136 2483 138 2488 Ι
179 2423 255 2488 est,
273 2411 392 2494 Pepigit
409 2411 491 2472 Deus
516 2423 669 2472 aeternum
695 2411 798 2474 foedus
818 2435 886 2474 cuin
903 2411 1050 2474 Abrabam
1069 2423 1100 2471 et
1119 2411 1180 2470 eius
1199 2406 1317 2469 senine.

192 2488 263 2550 ‘Una
282 2508 328 2549 res
348 2510 399 2550 ros
419 2487 503 2563 fallit,
543 2488 614 2564 nod,
654 2509 723 2549 uum
742 2489 803 2551 sitis
821 2489 886 2571 plus
907 2511 994 2570 quam
1014 2490 1109 2572 degen
1129 2507 1192 2558 res,
1210 2481 1317 2565 putatis

193 2585 246 2627 vos
271 2565 437 2636 solosresse
455 2565 537 2646 Abra
559 2585 593 2627 ae
617 2509 706 2627 filos:
736 2569 817 2647 atqui
840 2567 975 2628 alicunde
1000 2509 1150 2628 suscitabit
1173 2562 1318 2624 nominis

137 2684 143 2715 :.
193 2661 303 2732 norum
321 2640 457 2701 Abrabae
476 2662 592 2719 semen,
616 2643 697 2734 quod
720 2664 800 2704 nunc
824 2655 1036 2726 nomapparet.
1071 2642 1153 2703 Dicit
1171 2652 1268 2701 autem
1286 2637 1318 2696 iu

171 2715 291 2807 «datico
312 2736 391 2792 casii,
409 2716 578 2778 Abrabamo
597 2718 684 2796 filios,
703 2729 736 2778 ut
754 2721 858 2792 sciant,
879 2741 941 2780 non
958 2721 1072 2781 irritam
1091 2716 1227 2779 loreDei
1246 2734 1316 2795 pro-

193 2811 376 2881 missionem,
401 2791 499 2872 utque
518 2793 684 2871 Abraham,
716 2792 767 2874 qui
786 2795 828 2854 illi
847 2797 961 2857 iunixus
981 2809 1040 2870 est,
1069 2816 1131 2857 esse
1151 2794 1205 2855 dec
1244 2805 1317 2868 tum,

119 2884 125 2898 ‘
194 2887 323 2946 quamvis
341 2887 441 2954 semen
460 2867 559 2929 inillis
580 2870 715 2943 deficiat,
733 2869 779 2931 Ita
792 2872 829 2931 ab
841 2871 927 2933 initio
940 2874 1042 2934 mnudi
1055 2893 1138 2934 verax
1149 2871 1205 2932 tuit
1244 2871 1317 2929 oini-

94 2961 97 2966 ·
180 2964 247 3002 snus
265 2943 354 3004 servis
373 2945 442 3020 suis,
461 2963 517 3006 nec
535 2945 624 3006 fidem
643 2945 700 3008 illis
720 2946 757 3006 de
776 2969 831 3027 pro
854 2949 964 3030 agenda
981 2950 1014 3011 iu
1033 2950 1109 3015 filios
1118 2948 1209 3032 gratia
1220 2947 1316 3007 dataui

9 3053 10 3060 ,
107 3075 115 3088 ,
191 3030 337 3100 praestare
365 3041 494 3157 unpuam
520 3021 647 3099 destitit,
679 3027 807 3103 quamvis
833 2967 1002 3107 liypocritas
1032 3027 1179 3088 abiiceret.
1223 3021 1316 3099 Quod

129 3110 134 3120 ’
191 3106 297 3186 putant
315 3099 467 3174 nonnuli,
489 3097 631 3160 Ioannem
657 3098 695 3159 de
715 3097 858 3164 Gentium
882 3107 1038 3165 vocatione
1063 3104 1217 3184 loquutum
1242 3120 1339 3175 esse„

190 3170 262 3261 inibi
281 3171 395 3265 firmum
414 3195 477 3236 non
495 3175 624 3237 ridetur:
643 3175 696 3237 sed
714 3177 782 3258 quia
801 3179 976 3240 incredibile
996 3193 1059 3241 erat
1072 3181 1205 3262 superbis
1216 3177 1314 3238 borni-

189 3246 292 3324 nibus,
323 3248 380 3342 alio
406 3271 492 3332 posse
515 3249 668 3313 transferri
686 3253 874 3334 Ecclesiam,
893 3257 1034 3319 admonet
1051 3257 1182 3318 Domino
1202 3275 1264 3316 esse
1283 3255 1316 3316 in
1392 3217 1394 3312 i

187 3343 278 3414 mapii
296 3337 427 3417 rationes
443 3329 602 3389 servandae
619 3329 778 3407 Ecclesiae,
798 3353 869 3412 quas
884 3333 930 3395 illi
949 3355 1011 3395 non
1030 3333 1184 3416 putabant,
1202 3332 1261 3400 acsi
1281 3351 1315 3392 ex

189 3397 332 3480 lapidibus
351 3401 427 3464 filios
445 3404 502 3466 sibi
521 3417 651 3467 crearet:

176 3503 178 3512 ’
263 3475 367 3537 Matth·
379 3483 457 3571 .'1⁰·.
487 3479 560 3542 Luc.
583 3488 612 3547 9.
659 3482 728 3560 Iasii
757 3505 824 3546 vero
853 3500 881 3547 et
907 3490 1094 3550 senonen
1127 3487 1313 3568 ·Postqiiam

186 3571 277 3613 variae
300 3552 679 3650 iidpcpaepptegumentum
705 3561 742 3644 by
766 3563 867 3626 ocritis
894 3565 1015 3626 detraxit
1033 3565 1171 3637 loannes,
1189 3564 1314 3647 propin-

156 3718 159 3724 1
186 3649 278 3766 puum
297 3628 355 3690 Der
379 3631 520 3694 iudicium
535 3634 701 3700 denuntiat
745 3581 830 3700 l’rius
850 3641 993 3719 dixerat,s
1005 3641 1074 3703 illis
1087 3640 1226 3703 abdicatis
1250 3662 1313 3702 nou

138 3739 142 3748 ·
208 3706 378 3801 esprelleo
397 3709 555 3800 populures
581 3735 661 3780 nunc
679 3713 775 3792 addit,
798 3719 829 3776 in
848 3737 886 3779 eo
906 3736 969 3780 esse
988 3739 1067 3780 nune
1090 3720 1100 3778 i
1122 3718 1185 3780 sii‘m
1204 3717 1313 3792 Deum,

185 3793 220 3842 ut
238 3783 377 3868 indignos
401 3797 575 3849 exterminet
592 3789 629 3852 ab
648 3789 794 3868 Ecclesia,
824 3794 911 3855 sicuti
934 3795 1046 3857 steriles
1072 3739 1193 3857 arbores
1217 3795 1313 3856 excidi

136 3887 138 3893 s
185 3856 291 3920 solent
330 3859 450 3922 Summa
469 3876 530 3942 estc
542 3865 602 3956 Dei
619 3887 737 3928 manum
756 3890 812 3961 pur
831 3871 923 3933 andae
940 3871 1090 3948 Ecclesiae
1108 3872 1165 3934 iam
1185 3891 1247 3934 esse
1265 3872 1315 3931 in·

184 3945 307 4028 tentam.
345 3938 414 4030 Nun
437 3959 503 4031 uam
523 3961 652 4004 enimse
672 3957 779 4020 exserit
828 3948 856 4006 ei
880 3948 973 4031 gratia
991 3949 1022 4010 in
1041 3949 1164 4010 salutern
1183 3950 1312 4030 piorum,
1393 4011 1394 4018 χ

182 4031 257 4146 ,puin
276 4011 416 4106 simul-iu·
433 4037 521 4076 icium
541 4016 644 4080 eiusio
664 4021 766 4084 mindi
777 4022 926 4086 interitum
939 4024 1076 4117 prodeat:
1095 4025 1185 4108 idque
1200 4024 1311 4106 duplici
1349 4058 1362 4095 ς

184 4106 222 4177 ,ι
241 4108 343 4165 caiisa,
366 4112 433 4171 quia
452 4103 524 4154 tunc
542 4115 610 4158 suos
629 4093 657 4156 D
711 4097 813 4161 inusta
832 4101 966 4181 reprobis
984 4113 1135 4186 segregat,
1155 4114 1186 4169 et
1204 4123 1310 4163 novam

176 4181 255 4258 ιιιιιιιι
274 4170 538 4262 provocatmundi
555 4171 662 4254 ingrati
698 4173 746 4236 do.
766 4171 880 4251 'Quare
894 4199 961 4239 non
981 4181 1086 4242 mirum
1100 4189 1155 4256 est,
1174 4179 1199 4238 si
1210 4179 1309 4245 Evan-

181 4235 253 4324 gelu
270 4242 451 4330 praedicatio
470 4245 618 4316 ethristi
637 4272 654 4311 a
711 4262 778 4315 ntus
796 4255 921 4317 securim
940 4256 1124 4318 admoverint
1142 4254 1309 4316 resecandis
1393 4247 1394 4256 ¹

90 4392 96 4407 .
179 4311 292 4450 pgssleoptis
311 4317 479 4400 arboribus,
500 4336 531 4387 et
550 4329 663 4409 quotidi
696 4340 702 4388 .·
732 4327 760 4390 ei
784 4329 1066 4395 vindictam-contra
1091 4331 1196 4413 impios
1221 4351 1306 4396 acce-
