2786 4742
406 153 930 279 (innammabant
1157 201 1222 264 ³⁰3:
1271 162 1291 232 4

83 350 119 411 in·
135 344 231 410 media
250 341 354 427 populi
378 340 465 404 narba
484 361 654 404 sermonem-
668 339 816 419 habente,
841 342 956 404 venisse
978 343 1083 404 fratres
1104 340 1165 418 einr
1185 354 1216 404 et

86 436 224 486 matrem:
249 417 469 501 proculdubio
484 417 531 478 vel
555 419 622 511 guia
643 416 767 498 deipso
795 428 879 480 erant
897 417 1037 493 solliciti,
1055 417 1109 482 rel¹
1129 418 1218 480 etiam
1240 427 1243 432 “

88 500 220 562 disc'endi
240 495 348 582 studio3
387 497 491 574 Neque
519 516 597 554 enim
625 495 731 568 lrustra
751 495 873 557 adeum
900 497 1039 555 accedere
1059 509 1216 574 conantur,

87 580 146 637 nec
165 575 319 658 probabile
341 585 393 647 est,
414 573 463 652 qui
483 585 610 632 sanctam
623 573 751 631 matrem
766 571 896 632 comitati
914 584 992 645 sunt,
1014 572 1098 631 luisse
1119 573 1215 634 incre-

88 654 182 715 dulos.
224 649 317 728 Quod
336 648 509 709 Ambrosius
530 661 560 708 et
580 649 808 741 ‘chrysostomus
835 647 957 709 Mariam
978 648 1151 719 ¹ambitionis
1168 652 1218 712 in·

87 731 242 803 simulant,
263 727 338 788 nihil
357 725 445 789 habet
464 726 587 788 colotis:
608 725 775 805 quidecim
798 724 850 785 hac
871 726 1050 786 divinatione
1069 745 1142 806 opus
1162 741 1222 810 est,

88 826 180 888 quum
205 806 314 886 ubique
338 823 447 866 summa
473 803 534 866 eius
574 804 651 880 ietas
678 815 709 881 et
731 801 874 878 modestia
896 801 1021 884 Spiritus
1046 802 1217 868 testimonio

89 881 330 954 commendetur?
368 879 460 939 Forte
479 824 594 959 impulit
614 900 665 939 eos
683 878 807 940 ‘earnalis
828 878 951 938 aflectus
970 877 1166 949 vehementia,
1184 889 1221 940 ut

110 960 154 1020 lus
173 961 250 1020 iusto
270 967 453 1038 satagerent:
482 956 540 1016 hoc
561 972 622 1016 non
643 973 740 1036 nego,
771 955 824 1016 sed
863 956 900 1016 io·
912 954 1010 1024 studio
1031 974 1094 1014 non
1114 955 1219 1016 dubito

87 983 177 1097 luisse
197 1034 349 1106 adductos,
368 1043 402 1093 nt
421 1032 448 1092 ei
468 1051 499 1104 se
519 1031 722 1112 adiungerent
764 974 861 1108 Quod
876 1025 1039 1106 Matthaeus
1059 1031 1160 1105 refert,
1180 1033 1223 1100 ab,

89 1133 152 1172 uno
172 1113 300 1192 quodam
324 1107 444 1170 allatum
468 1108 556 1169 luisse
577 1108 710 1180 nuntium
730 1108 768 1168 de
793 1107 910 1169 illomm
930 1107 1081 1184 adventu,
1102 1109 1219 1194 Illarcus
1278 1155 1280 1158 -

89 1200 189 1248 antem
209 1200 239 1248 et
258 1187 351 1246 Lucas
370 1184 504 1264 pluribus
529 1187 700 1254 sermoaerri
715 1183 865 1259 tribuunt,
889 1185 919 1244 in
945 1203 981 1244 eo
1008 1183 1082 1244 nihil
1102 1196 1147 1244 est
1159 1184 1220 1244 ‘ab-

89 1265 184 1326 sordi:
218 1281 320 1326 verum
345 1265 391 1336 (ut
408 1261 473 1320 fieri
492 1261 582 1338 solet)
605 1259 789 1336 mandatum,
837 1261 896 1321 uod
917 1261 953 1322 de
977 1261 1040 1342 ipso
1068 1261 1222 1338 evocando

7 1375 8 1380 κ
90 1340 179 1402 dabat
197 1352 302 1415 mater,
322 1359 339 1400 a
358 1337 491 1420 pluribus
510 1337 641 1402 subinde
648 1348 799 1418 exceptum
816 1283 885 1416 init,
902 1338 1001 1404 ‚donec
1019 1338 1139 1402 tandem
1151 1358 1221 1418 per-

7 1453 9 1460 ,
90 1417 182 1488 latum
203 1429 255 1478 est.
277 1435 280 1440 ·

7 1991 9 2008 ³
105 1966 214 2014 ratrum
234 1951 333 2012 locum
357 1953 514 2018 substituit.
542 1948 606 2008 Pen

8 2529 10 2539 ,
91 2489 134 2547 les

128 1544 141 1562 ,
168 1489 273 1554 Matth.
292 1479 344 1558 48.Ι
409 1492 463 1550 ime
481 1501 522 1550 est
539 1503 631 1550 mater·
648 1467 722 1550 need.
768 1489 837 1549 Non
859 1487 978 1550 dubium
999 1501 1059 1566 est,
1083 1465 1237 1570 'quintili‘

7 1583 9 1614 ÷
90 1571 189 1633 verbis
209 1581 376 1651 carpatur„
399 1569 475 1628 ariae
493 1565 720 1648 importunitas,
733 1577 776 1626 ·et
795 1577 878 1626 certe
895 1579 1085 1645 praepostere
1105 1582 1221 1628 cursum

7 1661 9 1694 ὲ
92 1647 248 1707 doctrinae
269 1647 330 1706 eius
350 1645 525 1724 abrumpere
544 1643 685 1705 tentabat.
726 1642 786 1702 Sed
806 1644 922 1708 interea·
940 1645 1034 1702 carnis
1054 1656 1085 1714 et
1103 1645 1224 1722 sanguia

90 1725 137 1784 nis
157 1723 408 1802 propinquitatem
429 1733 586 1793 extenuans
600 1721 763 1780 doctrinam
782 1718 866 1778 valde
887 1717 994 1778 utilem*
1009 1720 1222 1814 prolertvdpm

8 1815 10 1825 ’
89 1821 159 1861 suos
180 1811 282 1860 omnes
303 1797 459 1880 discipulos
479 1816 512 1858 ac
532 1795 632 1856 fideles
658 1795 836 1858 inveundem
856 1795 978 1856 honoris
1004 1796 1126 1877 gradum
1146 1798 1222 1859 reei-

7 1895 11 1928 ;
89 1877 150 2013 pit,
180 1876 240 1936 acsi
259 1877 337 1937 inter
356 1873 591 1956 consanguineos
609 1871 705 2008 1prtirui
719 1883 836 2007 tessenlp:
869 1871 936 1934 imo,
947 1872 1052 2006 dobin
1073 1874 1226 2011 magiliset

629 1969 643 2008 e
682 1969 782 2008 auem
822 1966 874 2006 aec
893 1966 1038 2008 senenra
1059 1968 1093 2008 ex
1161 1963 1212 2010 rt

8 2077 9 2082 η
91 2030 210 2090 officior
232 2026 375 2106 signifieat
395 2025 485 2096 enim,
504 2043 565 2081 non
587 2025 686 2103 paucis
707 2022 879 2100 quibusdam
900 2042 931 2082 se
951 2023 1050 2082 datum
1072 2044 1149 2102 esse,
1170 1974 1224 2088 ised

7 2153 8 2164 ,
87 2105 146 2188 piis
167 2100 315 2182 omnihus,
334 2101 383 2178 qui
403 2099 435 2157 in
455 2119 547 2157 unum
567 2098 716 2176 cumtpso
738 2097 911 2176 corpusfide
923 2100 1225 2172 coaluerintsdeInde
1288 2133 1289 2143 ¹

8 2208 13 2240 ι
91 2178 205 2242 nullum
226 2196 300 2241 esse¹
314 2174 446 2242 sanctius,
467 2175 653 2253 cognationis
677 2173 824 2234 vinculum
850 2196 944 2254 quarn.
962 2177 1127 2256 spirituale,
1154 2181 1224 2259 quia

7 2288 10 2320 ι
91 2255 254 2320 secuudum
275 2253 525 2322 caruemcenseri
545 2271 606 2309 non
628 2250 744 2324 debeat,
766 2251 816 2310 sed
838 2271 879 2323 exx
892 2251 1019 2330 Spiritus
1038 2253 1083 2313 sui
1103 2256 1224 2332 virtute,
1289 2289 1292 2314 r

7 2371 8 2397 ;
92 2353 153 2415 quo
175 2331 299 2391 donatus
320 2338 363 2388 est
387 2349 402 2386 a
422 2328 510 2386 Patre
535 2327 570 2386 ad
591 2328 777 2387 renovandos
799 2325 949 2404 homines,
974 2342 1023 2403 ut,
1049 2331 1099 2410 qui
1120 2345 1223 2394 natura

90 2412 240 2544 impurum
252 2417 282 2466 et
300 2403 486 2464 maledictum
499 2403 726 2463 eranthbrahae
747 2401 970 2561 seluemssglratia
990 2408 1081 2466 sancti
1092 2421 1132 2471 'et
1151 2429 1223 2470 coe-

150 2505 179 2546 es
198 2481 424 2544 Deialt'iliiesse
444 2481 595 2560 incipiant.
634 2481 707 2542 ldeo
726 2479 835 2540 Paulus
923 2482 1035 2558 Cor.5‚
1052 2488 1113 2558 16.)
1134 2486 1223 2549 Chri.

91 2575 171 2625 stum
189 2580 258 2622 vere
279 2558 418 2640 cognosci
439 2570 528 2638 negat
547 2558 706 2618 secundum
727 2578 863 2632 earnem,
881 2559 948 2640 quia
969 2561 1067 2640 potius
1087 2563 1224 2623 conside-

7 2673 12 2711 ς
91 2638 183 2700 randa
202 2638 240 2697 sit
259 2632 307 2695 illa
328 2634 429 2694 mundi
442 2634 598 2727 reparatio,
619 2654 692 2714 quae
712 2634 848 2717 longesu
872 2657 903 2696 ra
923 2636 1075 2708 humanam
1086 2638 1225 2708 virtutem

92 2715 220 2790 eminet,
246 2713 314 2772 dum
334 2733 389 2772 nos
410 2711 520 2791 Spiritu
540 2732 593 2770 suo
618 2709 653 2770 ad
675 2711 832 2792 imaginem
851 2657 911 2772 bei
930 2715 1081 2774 reformat.
1121 2714 1224 2790 Quare

8 2825 14 2864 :
56 2796 60 2802 '
91 2812 205 2854 summa
227 2789 292 2850 hue
320 2790 428 2862 tendit,
459 2799 494 2848 ut
513 2787 663 2850 Christum
686 2788 827 2850 discamus
851 2789 920 2848 fidei
936 2789 1037 2852 oculis
1062 2793 1224 2873 inspicere:

93 2867 202 2929 deinde
222 2866 353 2939 sciamus,
373 2877 406 2926 ut
426 2865 549 2945 quisque
564 2865 674 2957 Spiritu
695 2866 845 2946 regenitus
865 2877 967 2936 totum,
981 2886 1012 2932 se
1024 2867 1100 2936 ,Deo
1120 2867 1226 2948 ip.ve-'

7 2978 16 3014 v
91 2966 156 3006 ram
175 2943 313 3004 iustitiam
334 2942 452 3014 addicit,
471 2942 511 3001 ita
524 2941 644 3002 Christo
656 2943 777 3000 maxime
789 2942 979 3000 coniunctum
996 2963 1068 3018 esse,
1088 2947 1222 3026 adeoque

11 3079 15 3093 ,
90 3042 184 3080 unum
205 3041 271 3079 cum
291 3019 355 3099 ipso
376 3019 464 3077 effici.
501 3018 598 3078 Porro
620 3038 671 3078 eos
691 3017 784 3077 intelli
807 3018 831 3077 it
856 3017 953 3078 facere
973 3019 1067 3080 Patris
1086 3021 1223 3096 volunta-

7 3138 16 3178 ,r
89 3111 169 3169 tem,
200 3115 262 3155 non
282 3094 333 3174 qui
358 3105 456 3154 exacte
481 3094 683 3176 totam'Legis
707 3095 845 3157 iustitiam
875 3094 1000 3188 implent
1023 3097 1105 3176 (nam
1129 3098 1169 3158 ita
1190 3099 1222 3162 in

7 3197 9 3232 1
91 3172 242 3234 neminem
263 3191 327 3231 com
352 3181 446 3230 eteret
470 3170 630 3230 fraternum
652 3191 778 3245 nomen,
810 3171 942 3252 quolam
968 3193 1037 3232 suos
1064 3175 1242 3255 discipulos

10 3287 16 3305 .
90 3249 240 3332 insignit),
259 3248 310 3309 sed
330 3191 417 3308 idem
436 3248 593 3342 praecipue
603 3247 799 3322 commendat,
819 3261 1020 3329 quoesauctae
1032 3249 1223 3313 obedientiae
1275 3240 1278 3251 ’

90 3327 160 3388 fons
180 3336 225 3386 est
245 3337 275 3384 et
295 3326 396 3406 origo,
421 3323 564 3404 simulque
584 3323 715 3384 desectus
735 3335 764 3383 et
788 3326 882 3386 carnis
903 3326 970 3385 vitia
990 3328 1084 3410 tegit,
1108 3351 1147 3388 ne
1165 3331 1222 3388 im-

7 3431 9 3442 ·
114 3405 242 3464 utentur.
290 3401 369 3463 Nota
390 3413 435 3462 est
465 3402 542 3461 enim
570 3401 681 3461 Christi
711 3404 873 3476 sententia,
905 3403 987 3463 Haec
1020 3417 1064 3464 est
1087 3405 1221 3466 voluntas

10 3495 12 3502 ⁴
88 3425 187 3542 iatris
205 3477 274 3553 mei,
293 3489 326 3539 ut
346 3479 474 3559 quisquis
489 3475 570 3538 videt
581 3477 698 3553 Filium,
719 3489 751 3536 et·
769 3476 863 3540 credit
881 3479 910 3538 in
932 3500 1008 3564 eom,
1028 3501 1089 3540 noo
1109 3492 1221 3565 pereat,

90 3554 144 3618 sed
164 3555 272 3616 haheat
295 3556 382 3616 vitam
406 3567 571 3627 aeternam,
604 3555 724 3615 loannis
744 3561 779 3631 6,
799 3562 847 3620 40,
873 3555 1026 3616 r'l'am'etsi
1050 3568 1147 3616 autem
1161 3555 1223 3618 hie

7 3664 12 3712 ¹,
90 3631 206 3695 nullum
225 3633 373 3713 sanguinis
394 3644 559 3714 respectum
579 3630 688 3692 habere
707 3629 976 3708 rideturChristua,
995 3631 1101 3692 scimus
1120 3644 1223 3698 tamen

90 3727 125 3771 re
145 3708 206 3789 ips'a
226 3720 325 3768 sancto
344 3709 469 3770 coluisse
478 3708 646 3789 ‚humanum
657 3708 802 3783 ordinem,
823 3721 853 3767 et
872 3709 1008 3803 legitimis
1023 3725 1093 3790 erga
1112 3728 1220 3790 pareo-

11 3835 15 3849 .
89 3798 137 3845 tes
157 3784 262 3844 ciliciis
283 3785 453 3847 defunctum
475 3805 547 3861 esse,
566 3805 668 3846 verum
686 3804 758 3865 prae
778 3785 918 3866 spirituali
938 3784 1133 3866 cognatione,
1151 3786 1221 3846 aul·

11 3856 15 3871 ⁹
90 3861 147 3922 lius
178 3861 225 3922 vel
257 3861 354 3942 exigui
385 3863 529 3923 momenti
553 3861 699 3923 carnalem
725 3881 787 3922 esre
811 3862 958 3924 admonet.
1003 3860 1106 3921 Valeat
1129 3863 1224 3945 igitur

7 3927 16 4012 ’,
91 3937 169 4018 apud
190 3957 244 3997 nos
264 3936 334 3997 haec
354 3939 550 4019 comparatio,
571 3950 602 3999 ut
613 3942 749 4000 naturae
763 3939 881 4019 quidem
900 3939 975 3998 iusta
994 3937 1147 4014 solvamur,
1167 3941 1252 4014 sed„

7 4013 10 4088 ἶ
92 4013 174 4073 carni
203 4025 233 4074 et
263 4015 397 4096 sanguini
429 4037 491 4088 non
521 4015 618 4080 simus,
637 4017 757 4076 nimium
789 4016 874 4076 aldai.
919 4013 1075 4074 Caeterum
1091 4017 1220 4095 Jquando

91 4088 245 4172 Evangelii
268 4086 312 4163 siri
338 4091 494 4173 discipulos
523 4092 746 4172 incomparabili
774 4092 891 4158 honore
914 4090 1051 4186 dignatur
1075 4091 1220 4166 Christus,

12 4215 18 4235 ,
91 4177 126 4226 nt
146 4183 196 4224 eos
215 4187 270 4260 pro
291 4167 428 4228 lratrihus
448 4169 564 4246 habeat,
584 4169 752 4230 detestanda
769 4181 813 4231 est
832 4179 932 4228 nostra
951 4169 1141 4252 ingratitudo,
1161 4169 1218 4252 nisi

14 4297 17 4334 :
91 4239 268 4380 ppsphahrtrr
287 4243 433 4337 ‚omnihus
459 4246 554 4309 carnit
573 4247 650 4312 rotis
673 4263 776 4309 omuea
801 4256 920 4308 nostros
946 4257 1068 4309 conatus
1092 4245 1149 4307 huc
1174 4248 1220 4306 in-

125 4337 144 4378 n
165 4339 265 4384 rmus„
853 4353 855 4358 ·
885 4349 904 4360 Η
