2786 4742
202 169 263 261 n}
463 187 619 256 stello
638 189 676 256 X.
709 151 807 264 xlusrrs
825 205 868 254 rr
886 157 1075 256 rhium

203 349 285 404 textu
302 335 378 402 taho
397 347 429 398 et
446 335 556 402 ioanlae
567 337 692 418 noidant
705 335 911 417 praetendunt,
929 340 1097 420 promiscue
1115 347 1182 402 e'un
1194 340 1318 403 omuibus

104 463 114 486 .
203 415 359 480 tenendam
380 433 443 474 esee
462 413 730 488 mansuetudinem,
749 414 913 474 notaudnrlt
929 427 973 476 est
993 415 1163 493 discrimen,
1186 419 1263 497 quod
1282 419 1319 478 di·

203 505 281 558 atrte
298 492 400 552 statuit
419 491 570 572 Propheta
595 491 681 551 iuter
698 489 829 552 infirmos
849 503 879 550 et
897 491 1060 572 improbos.
1097 495 1173 554 Nam
1194 496 1244 573 qui
1264 495 1318 575 plus

203 571 271 632 satis
290 569 405 629 robusti
424 580 509 642 sunt,
534 588 638 629 eorum
665 567 801 626 duritiem
825 566 929 628 malleo
948 569 1095 630 violenter
1114 572 1257 630 contundi
1275 593 1318 651 par

182 643 1274 785 'ttldllltllttll‘dllltt‘stlttlt?llllltttl
1289 648 1320 739 ²⁶·

201 821 323 862 necesse
342 809 395 861 est
433 763 521 879 Ergo,
533 797 619 858 sicuti
639 740 797 858 dandagest
816 817 906 877 opera
924 797 1056 861 fidelibus
1067 799 1160 860 Verbi
1178 746 1321 876 ministiisu:

201 891 238 938 ut
255 877 376 939 inhroris
395 873 543 956 parcendo
563 875 684 956 gratiam
704 873 762 932 Dei
787 877 876 953 (quae
901 874 995 936 adhuc
1017 876 1048 934 iu
1072 875 1130 936 illis
1149 879 1251 958 exigna
1270 877 1320 954 est)

202 957 324 1018 foveant
347 963 377 1014 at
399 971 435 1010 ue
459 962 600 1032 augeant,
631 951 673 1012 ita
702 951 864 1030 prudenter
894 952 1070 1019 cavendum,
1100 972 1140 1012 ue
1164 953 1321 1014 obstinatae

203 1053 307 1094 eorum
335 973 462 1090 mabiliae
490 1027 678 1109 indulgeant,
710 1027 760 1106 qui
790 1025 866 1088 nibil
894 1026 1006 1100 habent
1034 1027 1123 1089 affine
1153 1051 1220 1090 eum
1243 1030 1321 1092 basso

203 1107 350 1191 ellychnio
370 1103 418 1167 vel
436 1105 578 1166 arundine
599 1116 739 1182 quassata.

278 1191 327 1251 20.
345 1177 897 1244 Doneeea‘r'cr'otndnieton'anludr'oiam.
917 1180 1011 1242 Paulo
1022 1181 1107 1243 aliter
1116 1181 1228 1242 hahent
1239 1183 1322 1244 verba

201 1263 385 1344 Prophetae,
410 1259 489 1339 qnod
509 1256 623 1319 seilicet
640 1257 780 1318 iudicium
800 1258 832 1318 in
850 1257 973 1318 veritate
993 1259 1124 1338 proferet
1141 1259 1190 1320 vel
1213 1260 1321 1320 educet

200 1340 351 1422 Loquutio
370 1349 487 1410 tameo,
510 1357 566 1416 qna
583 1355 652 1395 usus
672 1347 718 1396 eat
728 1335 913 1410 Matthaeus,
926 1335 1014 1416 ualde
1035 1334 1197 1416 emphatica
1216 1348 1275 1396 est:
1292 1347 1322 1395 ut

201 1419 341 1490 sciamus,
359 1434 422 1474 uon
434 1413 504 1472 sihe
523 1433 568 1471 roa
612 1411 812 1473 o'eertamioe
831 1422 862 1471 et
881 1423 989 1472 conato
1009 1411 1146 1472 constitui
1164 1413 1197 1472 in
1216 1414 1320 1474 muodo

200 1495 349 1556 iustitiam.
366 1535 370 1544 .
386 1491 461 1550 Naro
479 1487 569 1548 diabo
583 1509 615 1548 us
629 1507 819 1568 quascunque
839 1499 937 1568 potest
955 1487 1138 1548 difficultates
1150 1488 1277 1580 ingerit,
1294 1500 1322 1548 ut

199 1571 250 1634 illa
268 1591 330 1630 uon
350 1567 407 1628 nisi
425 1564 562 1627 luctando
584 1569 734 1645 erumpat,
759 1566 847 1646 idque
862 1563 1028 1625 'coufirmat
1046 1585 1155 1624 nomen
1174 1569 1322 1638 rectoriae,

199 1642 806 1800 littlllplltlttttltldlllts
825 1641 1321 1798 sfissicbluluffdohlhthistid

452 1763 461 1793 ἱ
858 1785 860 1790 ,

198 1811 259 1860 tem
279 1797 443 1858 Matthaeus
461 1794 550 1855 verba
570 1795 748 1868 mutaverit,
760 1795 791 1852 in
810 1814 899 1858 sensu
917 1806 1016 1856 tamen
1035 1796 1189 1874 convenit,
1216 1796 1319 1859 Christi

199 1874 323 1960 gratiam
342 1869 479 1954 gentibus
499 1888 685 1930 communem
704 1869 781 1932 tore.
863 1920 867 1928 .

207 2228 211 2238 ¹
242 2138 344 2227 (101.)
385 2135 557 2206 ΜΑΤΤΗ.
577 2137 659 2213 ΧΠ.,
692 2139 744 2206 22
770 2137 866 2230 Tune
900 2137 1056 2208 adductus
1089 2149 1138 2204 est
1170 2125 1214 2204 ad
1243 2161 1319 2216 eum,

198 2248 257 2336 qui
277 2243 451 2312 daemonio
467 2238 652 2328 'agitabatur
678 2262 795 2338 coenus
823 2251 856 2306 et
881 2240 1001 2320 mutus,
1028 2251 1061 2306 et
1081 2245 1206 2308 sanavit
1224 2238 1321 2317 illum,

197 2353 243 2418 ite
268 2358 304 2414 ut
331 2365 449 2414 coecus
476 2366 515 2408 ao
538 2351 643 2407 mutus
669 2339 859 2433 loqueretur
879 2355 912 2409 et
937 2355 1091 2410 cerneret.
1131 2343 1184 2407 23.
1204 2340 1246 2404 Et
1268 2339 1321 2406 oh-

196 2455 390 2537 stupue'runt
418 2465 529 2512 omues
556 2430 684 2524 turbae,
699 2425 943 2542 dicebantque,
949 2471 953 2479 ¹
973 2437 1059 2511 Num
1077 2442 1135 2510 'hic
1162 2453 1215 2507 est
1237 2441 1319 2506 filius

197 2550 328 2618 David?
369 2549 421 2616 24.
443 2549 486 2614 ht
511 2537 691 2629 Pharisaei,
707 2566 809 2632 quom
838 2546 1019 2630 audissent,
1057 2543 1220 2624 dicebaut,
1263 2547 1320 2609 Hie

196 2671 266 2720 unu
287 2653 375 2715 eiieit
396 2649 582 2728 doemonia,
602 2649 664 2714 uisi
688 2667 748 2732 per
768 2645 972 2727 Beelzebub,
992 2650 1171 2742 principem
1194 2647 1321 2713 daemo·
1358 2683 1359 2724 ,

195 2773 335 2820 urorum.
1358 2771 1359 2820 l

251 2919 254 2927 ·
278 2879 419 2952 Mose.
439 2883 492 2960 111.
511 2935 514 2942 .
532 2883 585 2948 20.
609 2881 651 2946 Et
670 2883 806 2970 veniunt
825 2883 859 2946 in
880 2874 1019 2960 domum,
1039 2891 1073 2946 et
1093 2884 1248 2948 convenit
1268 2883 1321 2949 ite·

196 3011 266 3054 rum
288 2983 397 3064 turba,
418 2987 466 3049 sie
484 2994 519 3068 ut
538 2976 740 3050 uon'lioeret
760 2982 825 3048 illis
846 2981 900 3047 vel
921 3004 1036 3069 panem
1060 2982 1165 3048 edere.
1207 2983 1263 3048 21.
1282 2983 1320 3047 Et
1358 2965 1359 2996 ³

128 3161 140 3174 .
197 3073 293 3173 quium
318 3087 496 3164 audissent,
517 3089 573 3171 qui
593 3083 636 3150 ed
656 3083 748 3150 illum
770 3082 962 3162 attinebant,
985 3085 1129 3148 exierunt
1149 3093 1186 3148 ut
1209 3105 1320 3149 manus

131 3213 134 3220 ·
194 3188 366 3252 iniicerent
392 3191 426 3269 in
452 3206 539 3252 eum:
572 3181 728 3252 dicebant
754 3191 856 3265 enim,
889 3186 926 3250 lu
956 3185 1098 3250 furorem
1124 3205 1250 3274 versus⁸
1270 3194 1321 3250 est.

64 3330 69 3339 ·
194 3286 245 3352 22.
267 3287 309 3350 Et
330 3283 473 3366 Serihae,
486 3289 552 3374 ¹qui
574 3285 615 3352 ah
637 3286 875 3372 Hierosolymis
897 3285 1139 3365 descenderant,
1160 3283 1321 3364 dicebant,

192 3382 384 3453 Beelzebub
406 3384 516 3466 habet,
539 3399 571 3453 et
591 3411 652 3475 por
671 3373 850 3479 principem
872 3385 1114 3456 daemoniorum
1136 3389 1226 3456 eiieit
1250 3389 1323 3455 dae·

193 3511 316 3558 moure.¹
408 3513 438 3541 ω
698 3519 714 3528 *-

165 3643 168 3646 ·
276 3617 379 3690 LUC·
399 3621 467 3685 XL.
496 3622 546 3690 lt.
568 3623 692 3690 Eterat
709 3625 844 3708 eiicien's
866 3622 1078 3700 daemonium,
1100 3632 1132 3687 et
1150 3621 1237 3690 illud
1257 3634 1323 3690 erat

191 3735 321 3790 mutum.
364 3723 539 3810 Quomque
554 3728 710 3806 ¹eiecisset
731 3725 943 3804 daemonium,
963 3723 1115 3810 loquutus
1137 3731 1186 3788 est
1207 3737 1322 3802 mutus,
1358 3759 1359 3850 p

89 3859 90 3864 κ
192 3835 226 3888 et
254 3824 425 3890 admiratae
452 3836 526 3908 sont
550 3825 684 3914 turbae.¹
722 3826 770 3916 15.
799 3825 941 3912 Quidam
970 3835 1075 3888 autem
1105 3831 1143 3887 e'x
1164 3826 1212 3890 eis
1234 3825 1324 3890 dixe·
1358 3861 1359 3908 j

190 3935 279 4002 runt,
333 3925 396 3990 Per
443 3925 650 4006 Beelzebub,
696 3930 876 4014 principem
925 3925 1182 4007 daemoniorum,
1234 3928 1323 3992 eiicit
1358 3985 1359 3990 ,

190 4022 377 4090 daemonia,
432 4067 464 4100 ι,
565 4068 568 4078 ·
808 4105 811 4110 Ι

155 4167 159 4172 ’
264 4178 356 4268 Mare.
374 4187 422 4262 m
460 4183 503 4243 Et
520 4185 634 4243 neniam
651 4183 827 4246 indotatam.
866 4185 1135 4260 Nondubinnrest,
1155 4184 1227 4266 quin
1239 4185 1321 4246 Mar-

84 4314 87 4323 ·
186 4259 1320 4422 {seruisset‘seueherentur“laussur

121 4413 133 4437 ad
526 4381 527 4384 Ἴ
868 4387 869 4390 ¹
1029 4380 1040 4417 ,
1087 4391 1089 4394 Ι
1203 4423 1207 4440 'r

465 3487 469 3496 a
