<?xml version="1.0" encoding="UTF-8"?>
<!DOCTYPE html PUBLIC "-//W3C//DTD XHTML 1.0 Transitional//EN"
    "http://www.w3.org/TR/xhtml1/DTD/xhtml1-transitional.dtd">
<html xmlns="http://www.w3.org/1999/xhtml" xml:lang="en" lang="en">
 <head>
  <title>
</title>
<meta http-equiv="Content-Type" content="text/html;charset=utf-8" />
  <meta name='ocr-system' content='tesseract 3.04.00' />
  <meta name='ocr-capabilities' content='ocr_page ocr_carea ocr_par ocr_line ocrx_word'/>
</head>
<body>
  <div class='ocr_page' id='page_1' title='image "./innovumtestamen01tholgoog_0033.png"; bbox 0 0 2816 4746; ppageno 0'>
   <div class='ocr_carea' id='block_1_1' title="bbox 176 206 1102 371">
    <p class='ocr_par' dir='ltr' id='par_1_1' title="bbox 176 206 1102 371">
     <span class='ocr_line' id='line_1_1' title="bbox 176 206 1102 371; baseline -0.01 -30"><span class='ocrx_word' id='word_1_1' title='bbox 176 280 216 342; x_wconf 81' lang='lat'>10</span> <span class='ocrx_word' id='word_1_2' title='bbox 565 270 811 334; x_wconf 78' lang='lat' dir='ltr'>10.cn1.le1</span> <span class='ocrx_word' id='word_1_3' title='bbox 830 206 962 333; x_wconf 70' lang='lat' dir='ltr'>VITA¹</span> <span class='ocrx_word' id='word_1_4' title='bbox 1005 360 1007 371; x_wconf 30' lang='grc' dir='ltr'>Ι</span> <span class='ocrx_word' id='word_1_5' title='bbox 1096 269 1102 282; x_wconf 84' lang='grc'><em>“</em></span> 
     </span>
    </p>
   </div>
   <div class='ocr_carea' id='block_1_2' title="bbox 177 415 1306 727">
    <p class='ocr_par' dir='ltr' id='par_1_2' title="bbox 177 415 1306 727">
     <span class='ocr_line' id='line_1_2' title="bbox 180 415 1306 498; baseline 0 -20"><span class='ocrx_word' id='word_1_6' title='bbox 180 417 300 479; x_wconf 84' lang='lat' dir='ltr'>diximus</span> <span class='ocrx_word' id='word_1_7' title='bbox 338 425 458 478; x_wconf 84' lang='lat' dir='ltr'>strenue</span> <span class='ocrx_word' id='word_1_8' title='bbox 495 416 630 478; x_wconf 75' lang='lat' dir='ltr'>Lutetiae</span> <span class='ocrx_word' id='word_1_9' title='bbox 658 439 724 498; x_wconf 89' lang='lat' dir='ltr'>pro</span> <span class='ocrx_word' id='word_1_10' title='bbox 757 417 881 478; x_wconf 87' lang='lat' dir='ltr'>veritate</span> <span class='ocrx_word' id='word_1_11' title='bbox 900 415 1129 498; x_wconf 83' lang='lat' dir='ltr'>depugnasset,</span> <span class='ocrx_word' id='word_1_12' title='bbox 1166 415 1306 478; x_wconf 78' lang='lat' dir='ltr'>Calvinus</span> 
     </span>
     <span class='ocr_line' id='line_1_3' title="bbox 177 491 1305 574; baseline -0.002 -20"><span class='ocrx_word' id='word_1_13' title='bbox 177 495 321 556; x_wconf 88' lang='lat' dir='ltr'>Basileam</span> <span class='ocrx_word' id='word_1_14' title='bbox 341 495 470 574; x_wconf 83' lang='lat' dir='ltr'>indeque</span> <span class='ocrx_word' id='word_1_15' title='bbox 491 491 658 570; x_wconf 77' lang='lat' dir='ltr'>Generum,</span> <span class='ocrx_word' id='word_1_16' title='bbox 681 507 836 574; x_wconf 86' lang='lat' dir='ltr'>postquam</span> <span class='ocrx_word' id='word_1_17' title='bbox 856 492 916 553; x_wconf 90' lang='lat' dir='ltr'>illic</span> <span class='ocrx_word' id='word_1_18' title='bbox 936 495 1000 572; x_wconf 92' lang='lat' dir='ltr'>ipse</span> <span class='ocrx_word' id='word_1_19' title='bbox 1019 493 1211 566; x_wconf 78' lang='lat' dir='ltr'>constitisset,</span> <span class='ocrx_word' id='word_1_20' title='bbox 1236 513 1305 573; x_wconf 88' lang='lat' dir='ltr'>per-</span> 
     </span>
     <span class='ocr_line' id='line_1_4' title="bbox 180 569 1304 651; baseline -0.002 -19"><span class='ocrx_word' id='word_1_21' title='bbox 180 571 315 645; x_wconf 83' lang='lat' dir='ltr'>duxerat)</span> <span class='ocrx_word' id='word_1_22' title='bbox 343 582 443 651; x_wconf 89' lang='lat' dir='ltr'>aperte</span> <span class='ocrx_word' id='word_1_23' title='bbox 466 583 663 643; x_wconf 89' lang='lat' dir='ltr'>testarentur,</span> <span class='ocrx_word' id='word_1_24' title='bbox 688 591 751 630; x_wconf 92' lang='lat' dir='ltr'>sese</span> <span class='ocrx_word' id='word_1_25' title='bbox 772 571 904 632; x_wconf 83' lang='lat' dir='ltr'>Coenam</span> <span class='ocrx_word' id='word_1_26' title='bbox 927 570 1050 642; x_wconf 79' lang='lat' dir='ltr'>Domini</span> <span class='ocrx_word' id='word_1_27' title='bbox 1081 581 1140 630; x_wconf 68' lang='lat' dir='ltr'>mm</span> <span class='ocrx_word' id='word_1_28' title='bbox 1169 569 1248 630; x_wconf 91' lang='lat' dir='ltr'>iuter</span> <span class='ocrx_word' id='word_1_29' title='bbox 1271 591 1304 630; x_wconf 88' lang='lat' dir='ltr'>se</span> 
     </span>
     <span class='ocr_line' id='line_1_5' title="bbox 179 643 1305 727; baseline -0.001 -20"><span class='ocrx_word' id='word_1_30' title='bbox 179 647 378 722; x_wconf 85' lang='lat' dir='ltr'>discordibus,</span> <span class='ocrx_word' id='word_1_31' title='bbox 398 659 428 707; x_wconf 82' lang='lat' dir='ltr'>et</span> <span class='ocrx_word' id='word_1_32' title='bbox 447 647 483 708; x_wconf 96' lang='lat' dir='ltr'>ab</span> <span class='ocrx_word' id='word_1_33' title='bbox 503 649 586 708; x_wconf 89' lang='lat' dir='ltr'>omni</span> <span class='ocrx_word' id='word_1_34' title='bbox 605 645 798 708; x_wconf 88' lang='lat' dir='ltr'>ecclesiastica</span> <span class='ocrx_word' id='word_1_35' title='bbox 819 647 968 727; x_wconf 82' lang='lat' dir='ltr'>disciplina</span> <span class='ocrx_word' id='word_1_36' title='bbox 988 643 1088 706; x_wconf 87' lang='lat' dir='ltr'>alienis</span> <span class='ocrx_word' id='word_1_37' title='bbox 1114 647 1222 706; x_wconf 88' lang='lat' dir='ltr'>civibus</span> <span class='ocrx_word' id='word_1_38' title='bbox 1247 647 1305 707; x_wconf 89' lang='lat' dir='ltr'>rite</span> 
     </span>
    </p>
   </div>
   <div class='ocr_carea' id='block_1_3' title="bbox 179 722 1403 803">
    <p class='ocr_par' dir='ltr' id='par_1_3' title="bbox 179 722 1403 803">
     <span class='ocr_line' id='line_1_6' title="bbox 179 722 1403 803; baseline -0.003 -17"><span class='ocrx_word' id='word_1_39' title='bbox 179 723 329 786; x_wconf 88' lang='lat' dir='ltr'>celebrare</span> <span class='ocrx_word' id='word_1_40' title='bbox 348 745 411 785; x_wconf 94' lang='lat' dir='ltr'>non</span> <span class='ocrx_word' id='word_1_41' title='bbox 430 745 525 803; x_wconf 88' lang='lat' dir='ltr'>posse.</span> <span class='ocrx_word' id='word_1_42' title='bbox 563 722 732 784; x_wconf 82' lang='lat' dir='ltr'>Accedebat</span> <span class='ocrx_word' id='word_1_43' title='bbox 761 736 791 783; x_wconf 92' lang='lat' dir='ltr'>et</span> <span class='ocrx_word' id='word_1_44' title='bbox 814 724 891 783; x_wconf 91' lang='lat' dir='ltr'>aliud</span> <span class='ocrx_word' id='word_1_45' title='bbox 910 723 1035 797; x_wconf 88' lang='lat' dir='ltr'>malum,</span> <span class='ocrx_word' id='word_1_46' title='bbox 1063 723 1142 802; x_wconf 90' lang='lat' dir='ltr'>quod</span> <span class='ocrx_word' id='word_1_47' title='bbox 1167 722 1305 783; x_wconf 86' lang='lat' dir='ltr'>videlicet</span> <span class='ocrx_word' id='word_1_48' title='bbox 1402 773 1403 800; x_wconf 22' lang='grc' dir='ltr'>ἶ</span> 
     </span>
    </p>
   </div>
   <div class='ocr_carea' id='block_1_4' title="bbox 89 799 1303 1092">
    <p class='ocr_par' dir='ltr' id='par_1_4' title="bbox 89 799 1303 1092">
     <span class='ocr_line' id='line_1_7' title="bbox 178 799 1303 879; baseline -0.004 -17"><span class='ocrx_word' id='word_1_49' title='bbox 178 803 208 862; x_wconf 89' lang='lat' dir='ltr'>in</span> <span class='ocrx_word' id='word_1_50' title='bbox 251 801 401 862; x_wconf 90' lang='lat' dir='ltr'>uibusdam</span> <span class='ocrx_word' id='word_1_51' title='bbox 426 801 530 860; x_wconf 88' lang='lat' dir='ltr'>ritibus</span> <span class='ocrx_word' id='word_1_52' title='bbox 558 799 679 860; x_wconf 86' lang='lat' dir='ltr'>eeclesia</span> <span class='ocrx_word' id='word_1_53' title='bbox 699 799 880 861; x_wconf 86' lang='lat' dir='ltr'>Genevensis</span> <span class='ocrx_word' id='word_1_54' title='bbox 906 823 922 860; x_wconf 91' lang='lat' dir='ltr'>a</span> <span class='ocrx_word' id='word_1_55' title='bbox 946 800 1089 860; x_wconf 89' lang='lat' dir='ltr'>Beroensi</span> <span class='ocrx_word' id='word_1_56' title='bbox 1116 799 1303 879; x_wconf 78' lang='lat' dir='ltr'>discreparet.</span> 
     </span>
     <span class='ocr_line' id='line_1_8' title="bbox 151 875 1303 968; baseline -0.001 -32"><span class='ocrx_word' id='word_1_57' title='bbox 151 879 238 938; x_wconf 59' lang='lat' dir='ltr'>,Ute</span> <span class='ocrx_word' id='word_1_58' title='bbox 262 891 348 938; x_wconf 90' lang='lat' dir='ltr'>antur</span> <span class='ocrx_word' id='word_1_59' title='bbox 371 881 448 938; x_wconf 91' lang='lat' dir='ltr'>enim</span> <span class='ocrx_word' id='word_1_60' title='bbox 477 875 665 936; x_wconf 85' lang='lat' dir='ltr'>Genevenses</span> <span class='ocrx_word' id='word_1_61' title='bbox 696 897 773 968; x_wconf 88' lang='lat' dir='ltr'>pane</span> <span class='ocrx_word' id='word_1_62' title='bbox 802 877 967 951; x_wconf 90' lang='lat' dir='ltr'>communi,</span> <span class='ocrx_word' id='word_1_63' title='bbox 998 888 1028 936; x_wconf 94' lang='lat' dir='ltr'>et</span> <span class='ocrx_word' id='word_1_64' title='bbox 1052 875 1228 957; x_wconf 86' lang='lat' dir='ltr'>Baptisteria</span> <span class='ocrx_word' id='word_1_65' title='bbox 1253 875 1303 935; x_wconf 88' lang='lat' dir='ltr'>illa</span> 
     </span>
     <span class='ocr_line' id='line_1_9' title="bbox 89 953 1301 1092; baseline -0.002 -78"><span class='ocrx_word' id='word_1_66' title='bbox 89 1021 93 1030; x_wconf 31' lang='lat'>¹</span> <span class='ocrx_word' id='word_1_67' title='bbox 177 971 253 1034; x_wconf 83' lang='lat' dir='ltr'>quae</span> <span class='ocrx_word' id='word_1_68' title='bbox 276 966 383 1016; x_wconf 82' lang='lat' dir='ltr'>vocant</span> <span class='ocrx_word' id='word_1_69' title='bbox 405 966 543 1033; x_wconf 89' lang='lat' dir='ltr'>tanquam</span> <span class='ocrx_word' id='word_1_70' title='bbox 569 953 604 1012; x_wconf 92' lang='lat' dir='ltr'>ad</span> <span class='ocrx_word' id='word_1_71' title='bbox 623 954 767 1092; x_wconf 75' lang='lat' dir='ltr'>Baptismi</span> <span class='ocrx_word' id='word_1_72' title='bbox 791 955 984 1018; x_wconf 88' lang='lat' dir='ltr'>ministerium</span> <span class='ocrx_word' id='word_1_73' title='bbox 1008 953 1103 1013; x_wconf 89' lang='lat' dir='ltr'>minus</span> <span class='ocrx_word' id='word_1_74' title='bbox 1128 953 1301 1030; x_wconf 87' lang='lat' dir='ltr'>necessaria,</span> 
     </span>
    </p>
   </div>
   <div class='ocr_carea' id='block_1_5' title="bbox 176 1024 1399 1111">
    <p class='ocr_par' dir='ltr' id='par_1_5' title="bbox 176 1024 1399 1111">
     <span class='ocr_line' id='line_1_10' title="bbox 176 1024 1399 1111; baseline -0.003 -19"><span class='ocrx_word' id='word_1_75' title='bbox 176 1033 307 1111; x_wconf 85' lang='lat' dir='ltr'>itemque</span> <span class='ocrx_word' id='word_1_76' title='bbox 327 1033 388 1091; x_wconf 82' lang='lat' dir='ltr'>dies</span> <span class='ocrx_word' id='word_1_77' title='bbox 408 1031 499 1090; x_wconf 80' lang='lat' dir='ltr'>festos</span> <span class='ocrx_word' id='word_1_78' title='bbox 518 1042 640 1110; x_wconf 79' lang='lat' dir='ltr'>excepto</span> <span class='ocrx_word' id='word_1_79' title='bbox 681 1033 707 1090; x_wconf 93' lang='lat' dir='ltr'>ie</span> <span class='ocrx_word' id='word_1_80' title='bbox 727 1024 886 1090; x_wconf 81' lang='lat' dir='ltr'>Dominico</span> <span class='ocrx_word' id='word_1_81' title='bbox 906 1029 1090 1091; x_wconf 88' lang='lat' dir='ltr'>sustulerant.</span> <span class='ocrx_word' id='word_1_82' title='bbox 1131 1028 1247 1101; x_wconf 87' lang='lat' dir='ltr'>Quibus</span> <span class='ocrx_word' id='word_1_83' title='bbox 1266 1029 1303 1088; x_wconf 92' lang='lat' dir='ltr'>de</span> <span class='ocrx_word' id='word_1_84' title='bbox 1397 1032 1399 1045; x_wconf 87' lang='grc'><em>“</em></span> 
     </span>
    </p>
   </div>
   <div class='ocr_carea' id='block_1_6' title="bbox 147 1105 1393 1802">
    <p class='ocr_par' dir='ltr' id='par_1_6' title="bbox 147 1105 1393 1802">
     <span class='ocr_line' id='line_1_11' title="bbox 175 1105 1303 1188; baseline -0.004 -20"><span class='ocrx_word' id='word_1_85' title='bbox 175 1109 264 1171; x_wconf 90' lang='lat' dir='ltr'>rebus</span> <span class='ocrx_word' id='word_1_86' title='bbox 284 1129 373 1188; x_wconf 90' lang='lat' dir='ltr'>quum</span> <span class='ocrx_word' id='word_1_87' title='bbox 392 1106 521 1188; x_wconf 85' lang='lat' dir='ltr'>synodus</span> <span class='ocrx_word' id='word_1_88' title='bbox 528 1107 698 1168; x_wconf 86' lang='lat' dir='ltr'>Lausannae</span> <span class='ocrx_word' id='word_1_89' title='bbox 711 1129 726 1168; x_wconf 90' lang='lat' dir='ltr'>a</span> <span class='ocrx_word' id='word_1_90' title='bbox 737 1107 935 1168; x_wconf 87' lang='lat' dir='ltr'>Beroensibus</span> <span class='ocrx_word' id='word_1_91' title='bbox 956 1116 1065 1168; x_wconf 72' lang='lat' dir='ltr'>coacta·</span> <span class='ocrx_word' id='word_1_92' title='bbox 1076 1105 1118 1166; x_wconf 86' lang='lat' dir='ltr'>sic</span> <span class='ocrx_word' id='word_1_93' title='bbox 1137 1105 1303 1180; x_wconf 86' lang='lat' dir='ltr'>decidisset,</span> 
     </span>
     <span class='ocr_line' id='line_1_12' title="bbox 176 1181 1328 1266; baseline -0.003 -22"><span class='ocrx_word' id='word_1_94' title='bbox 176 1195 211 1244; x_wconf 91' lang='lat' dir='ltr'>ut</span> <span class='ocrx_word' id='word_1_95' title='bbox 229 1205 362 1266; x_wconf 80' lang='lat' dir='ltr'>azymum</span> <span class='ocrx_word' id='word_1_96' title='bbox 384 1203 489 1263; x_wconf 90' lang='lat' dir='ltr'>panem</span> <span class='ocrx_word' id='word_1_97' title='bbox 512 1182 621 1263; x_wconf 88' lang='lat' dir='ltr'>illaque</span> <span class='ocrx_word' id='word_1_98' title='bbox 646 1186 760 1245; x_wconf 84' lang='lat' dir='ltr'>restitui</span> <span class='ocrx_word' id='word_1_99' title='bbox 781 1183 920 1245; x_wconf 83' lang='lat' dir='ltr'>Genevae</span> <span class='ocrx_word' id='word_1_100' title='bbox 965 1183 1122 1256; x_wconf 86' lang='lat' dir='ltr'>ostularet,</span> <span class='ocrx_word' id='word_1_101' title='bbox 1146 1181 1303 1262; x_wconf 85' lang='lat' dir='ltr'>collegium</span> <span class='ocrx_word' id='word_1_102' title='bbox 1325 1258 1328 1264; x_wconf 25' lang='grc' dir='ltr'><strong><em>Ι</em></strong></span> 
     </span>
     <span class='ocr_line' id='line_1_13' title="bbox 175 1205 1302 1341; baseline -0.005 -19"><span class='ocrx_word' id='word_1_103' title='bbox 175 1273 272 1322; x_wconf 84' lang='lat' dir='ltr'>autem</span> <span class='ocrx_word' id='word_1_104' title='bbox 291 1260 490 1322; x_wconf 85' lang='lat' dir='ltr'>ministrorum</span> <span class='ocrx_word' id='word_1_105' title='bbox 504 1258 730 1324; x_wconf 73' lang='lat' dir='ltr'>,Genevensium</span> <span class='ocrx_word' id='word_1_106' title='bbox 752 1262 882 1341; x_wconf 90' lang='lat' dir='ltr'>seprius</span> <span class='ocrx_word' id='word_1_107' title='bbox 908 1205 1001 1320; x_wconf 69' lang='lat' dir='ltr'>audiri</span> <span class='ocrx_word' id='word_1_108' title='bbox 1025 1279 1150 1338; x_wconf 86' lang='lat' dir='ltr'>aequum</span> <span class='ocrx_word' id='word_1_109' title='bbox 1170 1259 1302 1330; x_wconf 89' lang='lat' dir='ltr'>duceret,</span> 
     </span>
     <span class='ocr_line' id='line_1_14' title="bbox 176 1328 1302 1422; baseline -0.002 -25"><span class='ocrx_word' id='word_1_110' title='bbox 176 1345 307 1418; x_wconf 77' lang='lat' dir='ltr'>eamque</span> <span class='ocrx_word' id='word_1_111' title='bbox 320 1336 359 1397; x_wconf 93' lang='lat' dir='ltr'>ob</span> <span class='ocrx_word' id='word_1_112' title='bbox 373 1328 487 1396; x_wconf 72' lang='lat' dir='ltr'>calisam</span> <span class='ocrx_word' id='word_1_113' title='bbox 498 1335 587 1396; x_wconf 85' lang='lat' dir='ltr'>altera</span> <span class='ocrx_word' id='word_1_114' title='bbox 600 1339 746 1422; x_wconf 86' lang='lat' dir='ltr'>Tigurum</span> <span class='ocrx_word' id='word_1_115' title='bbox 758 1338 886 1419; x_wconf 87' lang='lat' dir='ltr'>synodus</span> <span class='ocrx_word' id='word_1_116' title='bbox 899 1350 975 1398; x_wconf 89' lang='lat' dir='ltr'>esset</span> <span class='ocrx_word' id='word_1_117' title='bbox 993 1337 1112 1409; x_wconf 87' lang='lat' dir='ltr'>indicta,</span> <span class='ocrx_word' id='word_1_118' title='bbox 1132 1334 1175 1396; x_wconf 91' lang='lat' dir='ltr'>bis</span> <span class='ocrx_word' id='word_1_119' title='bbox 1196 1334 1302 1395; x_wconf 85' lang='lat' dir='ltr'>oblatis</span> 
     </span>
     <span class='ocr_line' id='line_1_15' title="bbox 175 1411 1302 1496; baseline -0.004 -21"><span class='ocrx_word' id='word_1_120' title='bbox 175 1411 393 1484; x_wconf 81' lang='lat' dir='ltr'>occasionibus,</span> <span class='ocrx_word' id='word_1_121' title='bbox 417 1414 469 1492; x_wconf 91' lang='lat' dir='ltr'>qui</span> <span class='ocrx_word' id='word_1_122' title='bbox 489 1425 552 1474; x_wconf 87' lang='lat' dir='ltr'>tum</span> <span class='ocrx_word' id='word_1_123' title='bbox 572 1414 689 1475; x_wconf 75' lang='lat' dir='ltr'>subeant</span> <span class='ocrx_word' id='word_1_124' title='bbox 708 1415 799 1476; x_wconf 89' lang='lat' dir='ltr'>creati</span> <span class='ocrx_word' id='word_1_125' title='bbox 818 1415 930 1496; x_wconf 86' lang='lat' dir='ltr'>syndici</span> <span class='ocrx_word' id='word_1_126' title='bbox 948 1417 1074 1493; x_wconf 84' lang='lat' dir='ltr'>(annuus</span> <span class='ocrx_word' id='word_1_127' title='bbox 1094 1413 1141 1473; x_wconf 87' lang='lat' dir='ltr'>bie</span> <span class='ocrx_word' id='word_1_128' title='bbox 1161 1423 1204 1471; x_wconf 86' lang='lat' dir='ltr'>est</span> <span class='ocrx_word' id='word_1_129' title='bbox 1223 1433 1302 1471; x_wconf 77' lang='lat' dir='ltr'>sum·</span> 
     </span>
     <span class='ocr_line' id='line_1_16' title="bbox 174 1489 1302 1573; baseline -0.003 -24"><span class='ocrx_word' id='word_1_130' title='bbox 174 1509 297 1570; x_wconf 90' lang='lat' dir='ltr'>musque</span> <span class='ocrx_word' id='word_1_131' title='bbox 316 1490 347 1548; x_wconf 93' lang='lat' dir='ltr'>in</span> <span class='ocrx_word' id='word_1_132' title='bbox 367 1489 531 1570; x_wconf 87' lang='lat' dir='ltr'>Republica</span> <span class='ocrx_word' id='word_1_133' title='bbox 552 1489 722 1552; x_wconf 91' lang='lat' dir='ltr'>Genevensi</span> <span class='ocrx_word' id='word_1_134' title='bbox 740 1491 936 1573; x_wconf 77' lang='lat' dir='ltr'>magistratus)</span> <span class='ocrx_word' id='word_1_135' title='bbox 956 1490 1116 1552; x_wconf 86' lang='lat' dir='ltr'>lactionum</span> <span class='ocrx_word' id='word_1_136' title='bbox 1136 1511 1170 1548; x_wconf 89' lang='lat' dir='ltr'>ac</span> <span class='ocrx_word' id='word_1_137' title='bbox 1190 1489 1302 1559; x_wconf 85' lang='lat' dir='ltr'>discor-</span> 
     </span>
     <span class='ocr_line' id='line_1_17' title="bbox 175 1565 1393 1660; baseline -0.001 -34"><span class='ocrx_word' id='word_1_138' title='bbox 175 1566 286 1626; x_wconf 86' lang='lat' dir='ltr'>diarum</span> <span class='ocrx_word' id='word_1_139' title='bbox 306 1565 394 1627; x_wconf 90' lang='lat' dir='ltr'>duces</span> <span class='ocrx_word' id='word_1_140' title='bbox 414 1568 556 1647; x_wconf 91' lang='lat' dir='ltr'>populum</span> <span class='ocrx_word' id='word_1_141' title='bbox 577 1581 756 1643; x_wconf 87' lang='lat' dir='ltr'>convocant,</span> <span class='ocrx_word' id='word_1_142' title='bbox 780 1589 877 1660; x_wconf 88' lang='lat' dir='ltr'>eoque</span> <span class='ocrx_word' id='word_1_143' title='bbox 901 1579 975 1628; x_wconf 88' lang='lat' dir='ltr'>rem¹</span> <span class='ocrx_word' id='word_1_144' title='bbox 989 1566 1170 1646; x_wconf 88' lang='lat' dir='ltr'>perducunt,</span> <span class='ocrx_word' id='word_1_145' title='bbox 1195 1565 1302 1625; x_wconf 83' lang='lat' dir='ltr'>frustra</span> <span class='ocrx_word' id='word_1_146' title='bbox 1392 1571 1393 1574; x_wconf 74' lang='grc'>’</span> 
     </span>
     <span class='ocr_line' id='line_1_18' title="bbox 176 1641 1301 1726; baseline -0.004 -23"><span class='ocrx_word' id='word_1_147' title='bbox 176 1660 239 1703; x_wconf 89' lang='lat' dir='ltr'>sese</span> <span class='ocrx_word' id='word_1_148' title='bbox 273 1641 397 1703; x_wconf 86' lang='lat' dir='ltr'>Calvino</span> <span class='ocrx_word' id='word_1_149' title='bbox 435 1665 502 1704; x_wconf 91' lang='lat' dir='ltr'>cum</span> <span class='ocrx_word' id='word_1_150' title='bbox 542 1645 672 1707; x_wconf 89' lang='lat' dir='ltr'>eiusdem</span> <span class='ocrx_word' id='word_1_151' title='bbox 709 1654 873 1724; x_wconf 67' lang='lat' dir='ltr'>sententiae</span> <span class='ocrx_word' id='word_1_152' title='bbox 904 1643 1024 1726; x_wconf 90' lang='lat' dir='ltr'>collegis</span> <span class='ocrx_word' id='word_1_153' title='bbox 1055 1643 1099 1702; x_wconf 54' lang='lat' dir='ltr'>ad.</span> <span class='ocrx_word' id='word_1_154' title='bbox 1122 1642 1301 1716; x_wconf 82' lang='lat' dir='ltr'>reddendam</span> 
     </span>
     <span class='ocr_line' id='line_1_19' title="bbox 147 1719 1302 1802; baseline -0.003 -22"><span class='ocrx_word' id='word_1_155' title='bbox 147 1731 148 1736; x_wconf 78' lang='grc'>’</span> <span class='ocrx_word' id='word_1_156' title='bbox 173 1719 304 1780; x_wconf 88' lang='lat' dir='ltr'>omnium</span> <span class='ocrx_word' id='word_1_157' title='bbox 324 1721 468 1781; x_wconf 89' lang='lat' dir='ltr'>rationem</span> <span class='ocrx_word' id='word_1_158' title='bbox 489 1719 656 1798; x_wconf 82' lang='lat' dir='ltr'>offerente,</span> <span class='ocrx_word' id='word_1_159' title='bbox 682 1735 717 1782; x_wconf 93' lang='lat' dir='ltr'>ut</span> <span class='ocrx_word' id='word_1_160' title='bbox 735 1723 846 1782; x_wconf 89' lang='lat' dir='ltr'>maiore</span> <span class='ocrx_word' id='word_1_161' title='bbox 865 1733 948 1802; x_wconf 86' lang='lat' dir='ltr'>parte</span> <span class='ocrx_word' id='word_1_162' title='bbox 972 1719 1125 1780; x_wconf 87' lang='lat' dir='ltr'>meliorem</span> <span class='ocrx_word' id='word_1_163' title='bbox 1133 1727 1302 1798; x_wconf 71' lang='lat' dir='ltr'>superante</span> 
     </span>
    </p>
   </div>
   <div class='ocr_carea' id='block_1_7' title="bbox 87 1795 1300 1875">
    <p class='ocr_par' dir='ltr' id='par_1_7' title="bbox 87 1795 1300 1875">
     <span class='ocr_line' id='line_1_20' title="bbox 87 1795 1300 1875; baseline -0.003 -19"><span class='ocrx_word' id='word_1_164' title='bbox 87 1869 91 1875; x_wconf 19' lang='grc' dir='ltr'>ἱ</span> <span class='ocrx_word' id='word_1_165' title='bbox 173 1807 234 1856; x_wconf 90' lang='lat' dir='ltr'>tres</span> <span class='ocrx_word' id='word_1_166' title='bbox 258 1795 306 1855; x_wconf 91' lang='lat' dir='ltr'>isti</span> <span class='ocrx_word' id='word_1_167' title='bbox 335 1796 385 1858; x_wconf 87' lang='lat' dir='ltr'>lidi</span> <span class='ocrx_word' id='word_1_168' title='bbox 408 1798 466 1856; x_wconf 91' lang='lat' dir='ltr'>Dei</span> <span class='ocrx_word' id='word_1_169' title='bbox 492 1800 567 1860; x_wconf 89' lang='lat' dir='ltr'>servi</span> <span class='ocrx_word' id='word_1_170' title='bbox 597 1801 673 1860; x_wconf 89' lang='lat' dir='ltr'>intra</span> <span class='ocrx_word' id='word_1_171' title='bbox 699 1799 819 1861; x_wconf 90' lang='lat' dir='ltr'>biduum</span> <span class='ocrx_word' id='word_1_172' title='bbox 844 1798 984 1859; x_wconf 85' lang='lat' dir='ltr'>excedere</span> <span class='ocrx_word' id='word_1_173' title='bbox 1014 1796 1088 1856; x_wconf 89' lang='lat' dir='ltr'>urbe</span> <span class='ocrx_word' id='word_1_174' title='bbox 1119 1796 1300 1867; x_wconf 89' lang='lat' dir='ltr'>iuberentur,</span> 
     </span>
    </p>
   </div>
   <div class='ocr_carea' id='block_1_8' title="bbox 105 1872 1334 2726">
    <p class='ocr_par' dir='ltr' id='par_1_8' title="bbox 105 1872 1334 2726">
     <span class='ocr_line' id='line_1_21' title="bbox 105 1872 1300 1952; baseline -0.003 -20"><span class='ocrx_word' id='word_1_175' title='bbox 105 1913 107 1926; x_wconf 80' lang='lat'><em>-</em></span> <span class='ocrx_word' id='word_1_176' title='bbox 173 1873 254 1952; x_wconf 90' lang='lat' dir='ltr'>quod</span> <span class='ocrx_word' id='word_1_177' title='bbox 269 1872 401 1934; x_wconf 89' lang='lat' dir='ltr'>Coenam</span> <span class='ocrx_word' id='word_1_178' title='bbox 417 1875 541 1934; x_wconf 90' lang='lat' dir='ltr'>Domini</span> <span class='ocrx_word' id='word_1_179' title='bbox 559 1874 710 1936; x_wconf 89' lang='lat' dir='ltr'>celebrare</span> <span class='ocrx_word' id='word_1_180' title='bbox 728 1887 916 1935; x_wconf 86' lang='lat' dir='ltr'>recusassent.</span> <span class='ocrx_word' id='word_1_181' title='bbox 955 1876 1023 1933; x_wconf 84' lang='lat' dir='ltr'>Hoc</span> <span class='ocrx_word' id='word_1_182' title='bbox 1042 1873 1191 1933; x_wconf 86' lang='lat' dir='ltr'>decretum</span> <span class='ocrx_word' id='word_1_183' title='bbox 1212 1893 1300 1950; x_wconf 88' lang='lat' dir='ltr'>quum</span> 
     </span>
     <span class='ocr_line' id='line_1_22' title="bbox 172 1948 1300 2033; baseline -0.004 -23"><span class='ocrx_word' id='word_1_184' title='bbox 172 1961 248 2010; x_wconf 86' lang='lat' dir='ltr'>esset</span> <span class='ocrx_word' id='word_1_185' title='bbox 261 1948 383 2012; x_wconf 87' lang='lat' dir='ltr'>Calvino</span> <span class='ocrx_word' id='word_1_186' title='bbox 395 1954 603 2026; x_wconf 84' lang='lat' dir='ltr'>renuntiatum,</span> <span class='ocrx_word' id='word_1_187' title='bbox 623 1954 734 2028; x_wconf 87' lang='lat' dir='ltr'>„Certe</span> <span class='ocrx_word' id='word_1_188' title='bbox 744 1955 821 2033; x_wconf 89' lang='lat' dir='ltr'>(inq</span> <span class='ocrx_word' id='word_1_189' title='bbox 831 1953 896 2027; x_wconf 89' lang='lat' dir='ltr'>uit)</span> <span class='ocrx_word' id='word_1_190' title='bbox 916 1953 940 2012; x_wconf 91' lang='lat' dir='ltr'>si</span> <span class='ocrx_word' id='word_1_191' title='bbox 953 1948 1120 2011; x_wconf 89' lang='lat' dir='ltr'>hominibus</span> <span class='ocrx_word' id='word_1_192' title='bbox 1129 1949 1300 2020; x_wconf 87' lang='lat' dir='ltr'>serviissem,</span> 
     </span>
     <span class='ocr_line' id='line_1_23' title="bbox 173 2024 1299 2110; baseline -0.004 -24"><span class='ocrx_word' id='word_1_193' title='bbox 173 2025 266 2102; x_wconf 86' lang='lat' dir='ltr'>„mala</span> <span class='ocrx_word' id='word_1_194' title='bbox 292 2027 364 2086; x_wconf 88' lang='lat' dir='ltr'>mibi</span> <span class='ocrx_word' id='word_1_195' title='bbox 388 2049 500 2089; x_wconf 85' lang='lat' dir='ltr'>merces</span> <span class='ocrx_word' id='word_1_196' title='bbox 522 2030 755 2110; x_wconf 83' lang='lat' dir='ltr'>persolveretur,</span> <span class='ocrx_word' id='word_1_197' title='bbox 778 2030 828 2090; x_wconf 90' lang='lat' dir='ltr'>sed</span> <span class='ocrx_word' id='word_1_198' title='bbox 854 2029 931 2089; x_wconf 89' lang='lat' dir='ltr'>bene</span> <span class='ocrx_word' id='word_1_199' title='bbox 955 2039 999 2088; x_wconf 90' lang='lat' dir='ltr'>est</span> <span class='ocrx_word' id='word_1_200' title='bbox 1024 2026 1104 2104; x_wconf 91' lang='lat' dir='ltr'>quod</span> <span class='ocrx_word' id='word_1_201' title='bbox 1125 2027 1152 2086; x_wconf 90' lang='lat' dir='ltr'>ei</span> <span class='ocrx_word' id='word_1_202' title='bbox 1170 2024 1299 2096; x_wconf 88' lang='lat' dir='ltr'>inservii,</span> 
     </span>
     <span class='ocr_line' id='line_1_24' title="bbox 172 2101 1300 2186; baseline -0.001 -25"><span class='ocrx_word' id='word_1_203' title='bbox 172 2103 250 2182; x_wconf 85' lang='lat' dir='ltr'>„qui</span> <span class='ocrx_word' id='word_1_204' title='bbox 264 2125 414 2185; x_wconf 89' lang='lat' dir='ltr'>nunquam</span> <span class='ocrx_word' id='word_1_205' title='bbox 434 2127 496 2165; x_wconf 90' lang='lat' dir='ltr'>non</span> <span class='ocrx_word' id='word_1_206' title='bbox 516 2107 606 2170; x_wconf 87' lang='lat' dir='ltr'>servis</span> <span class='ocrx_word' id='word_1_207' title='bbox 625 2109 683 2168; x_wconf 90' lang='lat' dir='ltr'>suis</span> <span class='ocrx_word' id='word_1_208' title='bbox 702 2107 840 2186; x_wconf 89' lang='lat' dir='ltr'>rependit</span> <span class='ocrx_word' id='word_1_209' title='bbox 849 2106 929 2185; x_wconf 88' lang='lat' dir='ltr'>quod</span> <span class='ocrx_word' id='word_1_210' title='bbox 948 2105 1039 2165; x_wconf 87' lang='lat' dir='ltr'>semel</span> <span class='ocrx_word' id='word_1_211' title='bbox 1058 2103 1222 2183; x_wconf 86' lang='lat' dir='ltr'>promisit.“</span> <span class='ocrx_word' id='word_1_212' title='bbox 1260 2101 1300 2160; x_wconf 85' lang='lat' dir='ltr'>Et</span> 
     </span>
     <span class='ocr_line' id='line_1_25' title="bbox 173 2177 1300 2262; baseline -0.003 -24"><span class='ocrx_word' id='word_1_213' title='bbox 173 2179 237 2260; x_wconf 86' lang='lat' dir='ltr'>quis</span> <span class='ocrx_word' id='word_1_214' title='bbox 257 2201 328 2240; x_wconf 89' lang='lat' dir='ltr'>vero</span> <span class='ocrx_word' id='word_1_215' title='bbox 353 2203 415 2242; x_wconf 90' lang='lat' dir='ltr'>non</span> <span class='ocrx_word' id='word_1_216' title='bbox 435 2183 622 2244; x_wconf 84' lang='lat' dir='ltr'>existimasset</span> <span class='ocrx_word' id='word_1_217' title='bbox 644 2186 698 2245; x_wconf 88' lang='lat' dir='ltr'>ista</span> <span class='ocrx_word' id='word_1_218' title='bbox 721 2197 831 2244; x_wconf 84' lang='lat' dir='ltr'>certam</span> <span class='ocrx_word' id='word_1_219' title='bbox 854 2183 1013 2262; x_wconf 89' lang='lat' dir='ltr'>perniciem</span> <span class='ocrx_word' id='word_1_220' title='bbox 1034 2179 1173 2240; x_wconf 87' lang='lat' dir='ltr'>ecclesiae</span> <span class='ocrx_word' id='word_1_221' title='bbox 1198 2177 1300 2238; x_wconf 86' lang='lat' dir='ltr'>Gene-</span> 
     </span>
     <span class='ocr_line' id='line_1_26' title="bbox 172 2252 1299 2336; baseline -0.004 -18"><span class='ocrx_word' id='word_1_222' title='bbox 172 2256 254 2318; x_wconf 76' lang='lat' dir='ltr'>‘vensi</span> <span class='ocrx_word' id='word_1_223' title='bbox 277 2257 415 2319; x_wconf 79' lang='lat' dir='ltr'>allatura?</span> <span class='ocrx_word' id='word_1_224' title='bbox 444 2259 574 2320; x_wconf 84' lang='lat' dir='ltr'>Eventus</span> <span class='ocrx_word' id='word_1_225' title='bbox 594 2273 695 2320; x_wconf 84' lang='lat' dir='ltr'>tamen</span> <span class='ocrx_word' id='word_1_226' title='bbox 720 2272 822 2322; x_wconf 90' lang='lat' dir='ltr'>contra</span> <span class='ocrx_word' id='word_1_227' title='bbox 843 2259 972 2320; x_wconf 86' lang='lat' dir='ltr'>ostendit</span> <span class='ocrx_word' id='word_1_228' title='bbox 996 2258 1091 2320; x_wconf 87' lang='lat' dir='ltr'>divina</span> <span class='ocrx_word' id='word_1_229' title='bbox 1117 2252 1299 2336; x_wconf 88' lang='lat' dir='ltr'>providentia</span> 
     </span>
     <span class='ocr_line' id='line_1_27' title="bbox 171 2332 1300 2418; baseline -0.002 -26"><span class='ocrx_word' id='word_1_230' title='bbox 171 2332 203 2392; x_wconf 92' lang='lat' dir='ltr'>id</span> <span class='ocrx_word' id='word_1_231' title='bbox 224 2333 348 2411; x_wconf 86' lang='lat' dir='ltr'>factum,</span> <span class='ocrx_word' id='word_1_232' title='bbox 371 2337 476 2416; x_wconf 87' lang='lat' dir='ltr'>partim</span> <span class='ocrx_word' id='word_1_233' title='bbox 501 2349 535 2396; x_wconf 88' lang='lat' dir='ltr'>ut</span> <span class='ocrx_word' id='word_1_234' title='bbox 553 2337 623 2404; x_wconf 91' lang='lat' dir='ltr'>alibi</span> <span class='ocrx_word' id='word_1_235' title='bbox 643 2357 733 2418; x_wconf 89' lang='lat' dir='ltr'>opera</span> <span class='ocrx_word' id='word_1_236' title='bbox 757 2337 850 2397; x_wconf 87' lang='lat' dir='ltr'>fidelis</span> <span class='ocrx_word' id='word_1_237' title='bbox 869 2337 944 2397; x_wconf 89' lang='lat' dir='ltr'>servi</span> <span class='ocrx_word' id='word_1_238' title='bbox 964 2337 1008 2396; x_wconf 92' lang='lat' dir='ltr'>sui</span> <span class='ocrx_word' id='word_1_239' title='bbox 1030 2355 1098 2394; x_wconf 88' lang='lat' dir='ltr'>usus</span> <span class='ocrx_word' id='word_1_240' title='bbox 1122 2333 1207 2392; x_wconf 84' lang='lat' dir='ltr'>variis</span> <span class='ocrx_word' id='word_1_241' title='bbox 1233 2349 1300 2390; x_wconf 90' lang='lat' dir='ltr'>eum</span> 
     </span>
     <span class='ocr_line' id='line_1_28' title="bbox 174 2405 1299 2494; baseline -0.002 -26"><span class='ocrx_word' id='word_1_242' title='bbox 174 2412 379 2490; x_wconf 85' lang='lat' dir='ltr'>experimentis</span> <span class='ocrx_word' id='word_1_243' title='bbox 410 2413 447 2472; x_wconf 91' lang='lat' dir='ltr'>ad</span> <span class='ocrx_word' id='word_1_244' title='bbox 473 2435 519 2474; x_wconf 91' lang='lat' dir='ltr'>res</span> <span class='ocrx_word' id='word_1_245' title='bbox 543 2414 668 2475; x_wconf 89' lang='lat' dir='ltr'>maiores</span> <span class='ocrx_word' id='word_1_246' title='bbox 691 2415 865 2486; x_wconf 89' lang='lat' dir='ltr'>instrueret,</span> <span class='ocrx_word' id='word_1_247' title='bbox 889 2414 995 2494; x_wconf 89' lang='lat' dir='ltr'>partim</span> <span class='ocrx_word' id='word_1_248' title='bbox 1019 2423 1052 2470; x_wconf 94' lang='lat' dir='ltr'>ut</span> <span class='ocrx_word' id='word_1_249' title='bbox 1074 2408 1219 2471; x_wconf 83' lang='lat' dir='ltr'>seditiosis</span> <span class='ocrx_word' id='word_1_250' title='bbox 1240 2405 1299 2467; x_wconf 86' lang='lat' dir='ltr'>illis</span> 
     </span>
     <span class='ocr_line' id='line_1_29' title="bbox 172 2485 1298 2571; baseline -0.003 -25"><span class='ocrx_word' id='word_1_251' title='bbox 172 2507 226 2547; x_wconf 88' lang='lat' dir='ltr'>suo</span> <span class='ocrx_word' id='word_1_252' title='bbox 246 2485 376 2567; x_wconf 81' lang='lat' dir='ltr'>ipsorum</span> <span class='ocrx_word' id='word_1_253' title='bbox 396 2491 508 2571; x_wconf 88' lang='lat' dir='ltr'>impetu</span> <span class='ocrx_word' id='word_1_254' title='bbox 526 2492 670 2552; x_wconf 89' lang='lat' dir='ltr'>subversis</span> <span class='ocrx_word' id='word_1_255' title='bbox 690 2491 843 2552; x_wconf 86' lang='lat' dir='ltr'>ecclesiam</span> <span class='ocrx_word' id='word_1_256' title='bbox 858 2489 1062 2550; x_wconf 88' lang='lat' dir='ltr'>Genevensem</span> <span class='ocrx_word' id='word_1_257' title='bbox 1083 2509 1098 2546; x_wconf 92' lang='lat' dir='ltr'>a</span> <span class='ocrx_word' id='word_1_258' title='bbox 1119 2485 1215 2545; x_wconf 91' lang='lat' dir='ltr'>multis</span> <span class='ocrx_word' id='word_1_259' title='bbox 1235 2506 1298 2546; x_wconf 90' lang='lat' dir='ltr'>sor-</span> 
     </span>
     <span class='ocr_line' id='line_1_30' title="bbox 173 2562 1334 2648; baseline -0.002 -26"><span class='ocrx_word' id='word_1_260' title='bbox 173 2563 257 2624; x_wconf 90' lang='lat' dir='ltr'>dibus</span> <span class='ocrx_word' id='word_1_261' title='bbox 277 2580 458 2648; x_wconf 88' lang='lat' dir='ltr'>repurgaret.</span> <span class='ocrx_word' id='word_1_262' title='bbox 497 2567 599 2648; x_wconf 90' lang='lat' dir='ltr'>Usque</span> <span class='ocrx_word' id='word_1_263' title='bbox 611 2570 685 2629; x_wconf 89' lang='lat' dir='ltr'>adeo</span> <span class='ocrx_word' id='word_1_264' title='bbox 706 2589 769 2630; x_wconf 88' lang='lat' dir='ltr'>sese</span> <span class='ocrx_word' id='word_1_265' title='bbox 779 2568 924 2629; x_wconf 89' lang='lat' dir='ltr'>Dominus</span> <span class='ocrx_word' id='word_1_266' title='bbox 944 2569 974 2626; x_wconf 92' lang='lat' dir='ltr'>in</span> <span class='ocrx_word' id='word_1_267' title='bbox 995 2565 1106 2627; x_wconf 74' lang='lat' dir='ltr'>cunctis</span> <span class='ocrx_word' id='word_1_268' title='bbox 1127 2564 1185 2623; x_wconf 92' lang='lat' dir='ltr'>suis</span> <span class='ocrx_word' id='word_1_269' title='bbox 1201 2562 1299 2643; x_wconf 90' lang='lat' dir='ltr'>operi-</span> <span class='ocrx_word' id='word_1_270' title='bbox 1329 2603 1334 2621; x_wconf 90' lang='lat'>.</span> 
     </span>
     <span class='ocr_line' id='line_1_31' title="bbox 171 2638 1299 2726; baseline 0 -29"><span class='ocrx_word' id='word_1_271' title='bbox 171 2638 261 2699; x_wconf 77' lang='lat' dir='ltr'>ribus·</span> <span class='ocrx_word' id='word_1_272' title='bbox 276 2661 310 2700; x_wconf 87' lang='lat' dir='ltr'>ac</span> <span class='ocrx_word' id='word_1_273' title='bbox 334 2642 505 2722; x_wconf 87' lang='lat' dir='ltr'>praesertim</span> <span class='ocrx_word' id='word_1_274' title='bbox 530 2645 562 2703; x_wconf 92' lang='lat' dir='ltr'>in</span> <span class='ocrx_word' id='word_1_275' title='bbox 585 2645 733 2706; x_wconf 80' lang='lat' dir='ltr'>Ecclesiae</span> <span class='ocrx_word' id='word_1_276' title='bbox 763 2665 832 2706; x_wconf 88' lang='lat' dir='ltr'>suae</span> <span class='ocrx_word' id='word_1_277' title='bbox 860 2643 1075 2726; x_wconf 84' lang='lat' dir='ltr'>gubernatione</span> <span class='ocrx_word' id='word_1_278' title='bbox 1100 2639 1299 2702; x_wconf 88' lang='lat' dir='ltr'>admirandum</span> 
     </span>
    </p>
   </div>
   <div class='ocr_carea' id='block_1_9' title="bbox 172 2716 1399 2804">
    <p class='ocr_par' dir='ltr' id='par_1_9' title="bbox 172 2716 1399 2804">
     <span class='ocr_line' id='line_1_32' title="bbox 172 2716 1399 2804; baseline 0 -30"><span class='ocrx_word' id='word_1_279' title='bbox 172 2716 305 2794; x_wconf 77' lang='lat' dir='ltr'>praebet.</span> <span class='ocrx_word' id='word_1_280' title='bbox 345 2718 406 2777; x_wconf 88' lang='lat' dir='ltr'>Sed</span> <span class='ocrx_word' id='word_1_281' title='bbox 429 2719 502 2778; x_wconf 89' lang='lat' dir='ltr'>baec</span> <span class='ocrx_word' id='word_1_282' title='bbox 528 2723 627 2780; x_wconf 89' lang='lat' dir='ltr'>omnia</span> <span class='ocrx_word' id='word_1_283' title='bbox 651 2721 752 2801; x_wconf 90' lang='lat' dir='ltr'>postea</span> <span class='ocrx_word' id='word_1_284' title='bbox 777 2741 824 2780; x_wconf 89' lang='lat' dir='ltr'>res</span> <span class='ocrx_word' id='word_1_285' title='bbox 854 2723 915 2802; x_wconf 89' lang='lat' dir='ltr'>ipsa</span> <span class='ocrx_word' id='word_1_286' title='bbox 940 2718 1086 2799; x_wconf 84' lang='lat' dir='ltr'>patefecit.</span> <span class='ocrx_word' id='word_1_287' title='bbox 1119 2717 1203 2776; x_wconf 82' lang='lat' dir='ltr'>&#39;Tum</span> <span class='ocrx_word' id='word_1_288' title='bbox 1226 2735 1298 2775; x_wconf 87' lang='lat' dir='ltr'>vero</span> <span class='ocrx_word' id='word_1_289' title='bbox 1398 2787 1399 2804; x_wconf 13' lang='grc' dir='ltr'><strong>Χ</strong></span> 
     </span>
    </p>
   </div>
   <div class='ocr_carea' id='block_1_10' title="bbox 142 2794 1368 4499">
    <p class='ocr_par' dir='ltr' id='par_1_10' title="bbox 142 2794 1368 4499">
     <span class='ocr_line' id='line_1_33' title="bbox 172 2794 1299 2874; baseline 0.008 -25"><span class='ocrx_word' id='word_1_290' title='bbox 172 2797 377 2872; x_wconf 86' lang='lat' dir='ltr'>magno&#39;cum</span> <span class='ocrx_word' id='word_1_291' title='bbox 407 2794 555 2855; x_wconf 89' lang='lat' dir='ltr'>bonorum</span> <span class='ocrx_word' id='word_1_292' title='bbox 588 2801 717 2858; x_wconf 90' lang='lat' dir='ltr'>omnium</span> <span class='ocrx_word' id='word_1_293' title='bbox 743 2797 848 2856; x_wconf 89' lang='lat' dir='ltr'>dolore</span> <span class='ocrx_word' id='word_1_294' title='bbox 880 2809 940 2858; x_wconf 89' lang='lat' dir='ltr'>tres</span> <span class='ocrx_word' id='word_1_295' title='bbox 970 2795 1014 2855; x_wconf 89' lang='lat' dir='ltr'>illi</span> <span class='ocrx_word' id='word_1_296' title='bbox 1039 2794 1136 2856; x_wconf 88' lang='lat' dir='ltr'>edicto</span> <span class='ocrx_word' id='word_1_297' title='bbox 1162 2797 1299 2874; x_wconf 82' lang='lat' dir='ltr'>parentes</span> 
     </span>
     <span class='ocr_line' id='line_1_34' title="bbox 142 2867 1298 2954; baseline 0.002 -28"><span class='ocrx_word' id='word_1_298' title='bbox 142 2870 147 2881; x_wconf 78' lang='grc'><em>“</em></span> <span class='ocrx_word' id='word_1_299' title='bbox 174 2889 262 2948; x_wconf 87' lang='lat' dir='ltr'>quum</span> <span class='ocrx_word' id='word_1_300' title='bbox 295 2869 438 2952; x_wconf 85' lang='lat' dir='ltr'>Tigurum</span> <span class='ocrx_word' id='word_1_301' title='bbox 471 2872 597 2952; x_wconf 88' lang='lat' dir='ltr'>primum</span> <span class='ocrx_word' id='word_1_302' title='bbox 627 2873 790 2948; x_wconf 87' lang='lat' dir='ltr'>venissent,</span> <span class='ocrx_word' id='word_1_303' title='bbox 822 2875 922 2954; x_wconf 90' lang='lat' dir='ltr'>ibique</span> <span class='ocrx_word' id='word_1_304' title='bbox 954 2867 1056 2932; x_wconf 77' lang='lat' dir='ltr'>coacta</span> <span class='ocrx_word' id='word_1_305' title='bbox 1079 2871 1298 2930; x_wconf 91' lang='lat' dir='ltr'>Helveticarum</span> 
     </span>
     <span class='ocr_line' id='line_1_35' title="bbox 173 2944 1299 3044; baseline 0 -40"><span class='ocrx_word' id='word_1_306' title='bbox 173 2944 359 3035; x_wconf 69' lang='lat' dir='ltr'>ecelesiarum</span> <span class='ocrx_word' id='word_1_307' title='bbox 379 2946 492 3028; x_wconf 88' lang='lat' dir='ltr'>aliquot</span> <span class='ocrx_word' id='word_1_308' title='bbox 510 2950 642 3030; x_wconf 84' lang='lat' dir='ltr'>synodo,</span> <span class='ocrx_word' id='word_1_309' title='bbox 667 2964 754 3032; x_wconf 89' lang='lat' dir='ltr'>atque</span> <span class='ocrx_word' id='word_1_310' title='bbox 774 2971 808 3010; x_wconf 83' lang='lat' dir='ltr'>ex</span> <span class='ocrx_word' id='word_1_311' title='bbox 827 2949 932 3044; x_wconf 63' lang='lat' dir='ltr'>synodi</span> <span class='ocrx_word' id='word_1_312' title='bbox 951 2951 1073 3010; x_wconf 90' lang='lat' dir='ltr'>decreto</span> <span class='ocrx_word' id='word_1_313' title='bbox 1093 2968 1148 3027; x_wconf 88' lang='lat' dir='ltr'>per</span> <span class='ocrx_word' id='word_1_314' title='bbox 1163 2947 1299 3006; x_wconf 85' lang='lat' dir='ltr'>Beroen-</span> 
     </span>
     <span class='ocr_line' id='line_1_36' title="bbox 171 3022 1298 3096; baseline 0 -14"><span class='ocrx_word' id='word_1_315' title='bbox 171 3043 248 3083; x_wconf 87' lang='lat' dir='ltr'>smm</span> <span class='ocrx_word' id='word_1_316' title='bbox 271 3023 513 3085; x_wconf 89' lang='lat' dir='ltr'>intercessionem</span> <span class='ocrx_word' id='word_1_317' title='bbox 538 3029 646 3088; x_wconf 88' lang='lat' dir='ltr'>tentati</span> <span class='ocrx_word' id='word_1_318' title='bbox 670 3029 777 3088; x_wconf 83' lang='lat' dir='ltr'>frustra</span> <span class='ocrx_word' id='word_1_319' title='bbox 802 3027 926 3088; x_wconf 77' lang='lat' dir='ltr'>fuissent</span> <span class='ocrx_word' id='word_1_320' title='bbox 952 3025 1169 3087; x_wconf 90' lang='lat' dir='ltr'>Genevensium</span> <span class='ocrx_word' id='word_1_321' title='bbox 1196 3022 1298 3096; x_wconf 87' lang='lat' dir='ltr'>animi,</span> 
     </span>
     <span class='ocr_line' id='line_1_37' title="bbox 173 3097 1296 3193; baseline 0 -35"><span class='ocrx_word' id='word_1_322' title='bbox 173 3097 309 3160; x_wconf 88' lang='lat' dir='ltr'>Calvinus</span> <span class='ocrx_word' id='word_1_323' title='bbox 330 3101 448 3181; x_wconf 87' lang='lat' dir='ltr'>quidem</span> <span class='ocrx_word' id='word_1_324' title='bbox 467 3102 564 3193; x_wconf 90' lang='lat' dir='ltr'>primo</span> <span class='ocrx_word' id='word_1_325' title='bbox 582 3123 645 3164; x_wconf 91' lang='lat' dir='ltr'>sese</span> <span class='ocrx_word' id='word_1_326' title='bbox 656 3104 804 3166; x_wconf 74' lang='lat' dir='ltr'>basileam·</span> <span class='ocrx_word' id='word_1_327' title='bbox 820 3127 852 3166; x_wconf 88' lang='lat' dir='ltr'>ac</span> <span class='ocrx_word' id='word_1_328' title='bbox 872 3105 1141 3186; x_wconf 87' lang='lat' dir='ltr'>moxArgentinam</span> <span class='ocrx_word' id='word_1_329' title='bbox 1162 3100 1296 3160; x_wconf 90' lang='lat' dir='ltr'>contulit.</span> 
     </span>
     <span class='ocr_line' id='line_1_38' title="bbox 171 3174 1297 3258; baseline 0.02 -27"><span class='ocrx_word' id='word_1_330' title='bbox 171 3174 236 3239; x_wconf 88' lang='lat' dir='ltr'>Illic</span> <span class='ocrx_word' id='word_1_331' title='bbox 260 3177 350 3258; x_wconf 88' lang='lat' dir='ltr'>igitur</span> <span class='ocrx_word' id='word_1_332' title='bbox 376 3199 410 3238; x_wconf 85' lang='lat' dir='ltr'>er</span> <span class='ocrx_word' id='word_1_333' title='bbox 433 3177 510 3239; x_wconf 79' lang='lat' dir='ltr'>illius</span> <span class='ocrx_word' id='word_1_334' title='bbox 535 3181 615 3242; x_wconf 92' lang='lat' dir='ltr'>urbis</span> <span class='ocrx_word' id='word_1_335' title='bbox 641 3183 766 3244; x_wconf 85' lang='lat' dir='ltr'>Senatus</span> <span class='ocrx_word' id='word_1_336' title='bbox 791 3181 943 3257; x_wconf 70' lang='lat' dir='ltr'>voluntate</span> <span class='ocrx_word' id='word_1_337' title='bbox 967 3204 983 3242; x_wconf 93' lang='lat' dir='ltr'>a</span> <span class='ocrx_word' id='word_1_338' title='bbox 1006 3179 1122 3246; x_wconf 73' lang='lat' dir='ltr'>summis</span> <span class='ocrx_word' id='word_1_339' title='bbox 1142 3177 1198 3238; x_wconf 68' lang='lat' dir='ltr'>illis</span> <span class='ocrx_word' id='word_1_340' title='bbox 1217 3177 1297 3252; x_wconf 68' lang='lat' dir='ltr'>Vlrlsa</span> 
     </span>
     <span class='ocr_line' id='line_1_39' title="bbox 171 3251 1299 3390; baseline 0.002 -80"><span class='ocrx_word' id='word_1_341' title='bbox 171 3251 276 3390; x_wconf 65' lang='lat' dir='ltr'>grillus</span> <span class='ocrx_word' id='word_1_342' title='bbox 295 3267 344 3314; x_wconf 89' lang='lat' dir='ltr'>tan</span> <span class='ocrx_word' id='word_1_343' title='bbox 367 3277 432 3315; x_wconf 90' lang='lat' dir='ltr'>uam</span> <span class='ocrx_word' id='word_1_344' title='bbox 451 3257 554 3318; x_wconf 87' lang='lat' dir='ltr'>lucidis</span> <span class='ocrx_word' id='word_1_345' title='bbox 575 3255 695 3342; x_wconf 78' lang='lat' dir='ltr'>gdmmis</span> <span class='ocrx_word' id='word_1_346' title='bbox 714 3260 843 3320; x_wconf 83' lang='lat' dir='ltr'>illatum</span> <span class='ocrx_word' id='word_1_347' title='bbox 865 3260 987 3320; x_wconf 88' lang='lat' dir='ltr'>ecclesia</span> <span class='ocrx_word' id='word_1_348' title='bbox 1004 3255 1150 3337; x_wconf 81' lang='lat' dir='ltr'>fulgebat,</span> <span class='ocrx_word' id='word_1_349' title='bbox 1170 3255 1299 3329; x_wconf 87' lang='lat' dir='ltr'>Bucero,</span> 
     </span>
     <span class='ocr_line' id='line_1_40' title="bbox 200 3277 1298 3418; baseline 0.003 -28"><span class='ocrx_word' id='word_1_350' title='bbox 200 3329 335 3408; x_wconf 77' lang='lat' dir='ltr'>spitone,¹</span> <span class='ocrx_word' id='word_1_351' title='bbox 348 3277 503 3410; x_wconf 70' lang='lat' dir='ltr'>iledione,</span> <span class='ocrx_word' id='word_1_352' title='bbox 528 3337 622 3418; x_wconf 83' lang='lat' dir='ltr'>Nigro</span> <span class='ocrx_word' id='word_1_353' title='bbox 644 3351 673 3397; x_wconf 91' lang='lat' dir='ltr'>et</span> <span class='ocrx_word' id='word_1_354' title='bbox 693 3338 755 3404; x_wconf 90' lang='lat' dir='ltr'>aliis</span> <span class='ocrx_word' id='word_1_355' title='bbox 775 3340 878 3398; x_wconf 85' lang='lat' dir='ltr'>eorum</span> <span class='ocrx_word' id='word_1_356' title='bbox 898 3335 1018 3418; x_wconf 87' lang='lat' dir='ltr'>collegis</span> <span class='ocrx_word' id='word_1_357' title='bbox 1044 3333 1080 3392; x_wconf 91' lang='lat' dir='ltr'>&#39;ad</span> <span class='ocrx_word' id='word_1_358' title='bbox 1098 3331 1298 3412; x_wconf 81' lang='lat' dir='ltr'>theologicam</span> 
     </span>
     <span class='ocr_line' id='line_1_41' title="bbox 170 3407 1368 3542; baseline 0.003 -80"><span class='ocrx_word' id='word_1_359' title='bbox 170 3407 383 3542; x_wconf 61' lang='lat' dir='ltr'>professionem</span> <span class='ocrx_word' id='word_1_360' title='bbox 413 3411 538 3491; x_wconf 87' lang='lat' dir='ltr'>honesto</span> <span class='ocrx_word' id='word_1_361' title='bbox 570 3416 724 3498; x_wconf 88' lang='lat' dir='ltr'>proposito</span> <span class='ocrx_word' id='word_1_362' title='bbox 752 3415 900 3496; x_wconf 90' lang='lat' dir='ltr'>stipendio</span> <span class='ocrx_word' id='word_1_363' title='bbox 930 3422 1081 3482; x_wconf 86' lang='lat' dir='ltr'>evocatus,</span> <span class='ocrx_word' id='word_1_364' title='bbox 1112 3430 1174 3468; x_wconf 89' lang='lat' dir='ltr'>non</span> <span class='ocrx_word' id='word_1_365' title='bbox 1205 3407 1296 3466; x_wconf 90' lang='lat' dir='ltr'>modo</span> <span class='ocrx_word' id='word_1_366' title='bbox 1366 3475 1368 3480; x_wconf 15' lang='lat' dir='ltr'>y</span> 
     </span>
     <span class='ocr_line' id='line_1_42' title="bbox 201 3481 1298 3576; baseline 0.003 -36"><span class='ocrx_word' id='word_1_367' title='bbox 201 3481 367 3564; x_wconf 86' lang='lat' dir='ltr'>beologiam</span> <span class='ocrx_word' id='word_1_368' title='bbox 386 3487 447 3548; x_wconf 92' lang='lat' dir='ltr'>illic</span> <span class='ocrx_word' id='word_1_369' title='bbox 468 3490 570 3570; x_wconf 83' lang='lat' dir='ltr'>docuit</span> <span class='ocrx_word' id='word_1_370' title='bbox 592 3512 695 3576; x_wconf 88' lang='lat' dir='ltr'>magna</span> <span class='ocrx_word' id='word_1_371' title='bbox 720 3515 785 3554; x_wconf 91' lang='lat' dir='ltr'>cum</span> <span class='ocrx_word' id='word_1_372' title='bbox 813 3493 968 3552; x_wconf 85' lang='lat' dir='ltr'>doctorum</span> <span class='ocrx_word' id='word_1_373' title='bbox 994 3489 1123 3570; x_wconf 80' lang='lat' dir='ltr'>omnium</span> <span class='ocrx_word' id='word_1_374' title='bbox 1148 3485 1298 3565; x_wconf 86' lang='lat' dir='ltr'>applausu,</span> 
     </span>
     <span class='ocr_line' id='line_1_43' title="bbox 171 3557 1297 3649; baseline 0.009 -32"><span class='ocrx_word' id='word_1_375' title='bbox 171 3557 223 3649; x_wconf 79' lang='lat' dir='ltr'>sed</span> <span class='ocrx_word' id='word_1_376' title='bbox 255 3563 342 3621; x_wconf 89' lang='lat' dir='ltr'>etiam</span> <span class='ocrx_word' id='word_1_377' title='bbox 374 3584 408 3623; x_wconf 86' lang='lat' dir='ltr'>ex</span> <span class='ocrx_word' id='word_1_378' title='bbox 438 3567 561 3628; x_wconf 89' lang='lat' dir='ltr'>Senatus</span> <span class='ocrx_word' id='word_1_379' title='bbox 594 3568 740 3632; x_wconf 85' lang='lat' dir='ltr'>consensu</span> <span class='ocrx_word' id='word_1_380' title='bbox 772 3569 912 3629; x_wconf 89' lang='lat' dir='ltr'>Gallicam</span> <span class='ocrx_word' id='word_1_381' title='bbox 940 3565 1105 3638; x_wconf 89' lang='lat' dir='ltr'>ecclesiam,</span> <span class='ocrx_word' id='word_1_382' title='bbox 1139 3563 1297 3622; x_wconf 73' lang='lat' dir='ltr'>constituta</span> 
     </span>
     <span class='ocr_line' id='line_1_44' title="bbox 172 3638 1298 3729; baseline 0.006 -35"><span class='ocrx_word' id='word_1_383' title='bbox 172 3647 259 3696; x_wconf 79' lang='lat' dir='ltr'>etiarn</span> <span class='ocrx_word' id='word_1_384' title='bbox 292 3638 483 3704; x_wconf 87' lang='lat' dir='ltr'>ecelesiastica</span> <span class='ocrx_word' id='word_1_385' title='bbox 520 3647 687 3729; x_wconf 86' lang='lat' dir='ltr'>disciplina,</span> <span class='ocrx_word' id='word_1_386' title='bbox 720 3646 870 3728; x_wconf 83' lang='lat' dir='ltr'>plantavit.</span> <span class='ocrx_word' id='word_1_387' title='bbox 915 3647 966 3707; x_wconf 91' lang='lat' dir='ltr'>Sic</span> <span class='ocrx_word' id='word_1_388' title='bbox 997 3643 1221 3722; x_wconf 83' lang='lat' dir='ltr'>exspectatione.</span> <span class='ocrx_word' id='word_1_389' title='bbox 1247 3661 1298 3707; x_wconf 82' lang='lat' dir='ltr'>sua</span> 
     </span>
     <span class='ocr_line' id='line_1_45' title="bbox 169 3705 1298 3806; baseline 0.004 -35"><span class='ocrx_word' id='word_1_390' title='bbox 169 3713 323 3806; x_wconf 69' lang='lat' dir='ltr'>frustratus</span> <span class='ocrx_word' id='word_1_391' title='bbox 343 3716 432 3780; x_wconf 85' lang='lat' dir='ltr'>Satan</span> <span class='ocrx_word' id='word_1_392' title='bbox 458 3743 514 3802; x_wconf 92' lang='lat' dir='ltr'>pro</span> <span class='ocrx_word' id='word_1_393' title='bbox 536 3723 704 3786; x_wconf 87' lang='lat' dir='ltr'>Genevensi</span> <span class='ocrx_word' id='word_1_394' title='bbox 729 3725 850 3784; x_wconf 89' lang='lat' dir='ltr'>ecclesia</span> <span class='ocrx_word' id='word_1_395' title='bbox 870 3705 1023 3785; x_wconf 75' lang='lat' dir='ltr'>Calvinum</span> <span class='ocrx_word' id='word_1_396' title='bbox 1053 3719 1123 3781; x_wconf 87' lang='lat' dir='ltr'>alibi</span> <span class='ocrx_word' id='word_1_397' title='bbox 1144 3730 1298 3798; x_wconf 84' lang='lat' dir='ltr'>exceptum</span> 
     </span>
     <span class='ocr_line' id='line_1_46' title="bbox 171 3792 1297 3880; baseline 0.005 -30"><span class='ocrx_word' id='word_1_398' title='bbox 171 3801 202 3850; x_wconf 90' lang='lat' dir='ltr'>et</span> <span class='ocrx_word' id='word_1_399' title='bbox 213 3792 297 3851; x_wconf 80' lang='lat' dir='ltr'>alsam</span> <span class='ocrx_word' id='word_1_400' title='bbox 317 3815 385 3854; x_wconf 81' lang='lat' dir='ltr'>mox</span> <span class='ocrx_word' id='word_1_401' title='bbox 404 3797 478 3859; x_wconf 91' lang='lat' dir='ltr'>alibi</span> <span class='ocrx_word' id='word_1_402' title='bbox 488 3813 584 3862; x_wconf 86' lang='lat' dir='ltr'>natam</span> <span class='ocrx_word' id='word_1_403' title='bbox 599 3802 749 3864; x_wconf 87' lang='lat' dir='ltr'>ecclesiam</span> <span class='ocrx_word' id='word_1_404' title='bbox 762 3801 922 3880; x_wconf 78' lang='lat' dir='ltr'>conspexit,</span> <span class='ocrx_word' id='word_1_405' title='bbox 943 3800 1035 3858; x_wconf 86' lang='lat' dir='ltr'>nihilo</span> <span class='ocrx_word' id='word_1_406' title='bbox 1047 3798 1159 3856; x_wconf 89' lang='lat' dir='ltr'>interea</span> <span class='ocrx_word' id='word_1_407' title='bbox 1178 3799 1297 3878; x_wconf 87' lang='lat' dir='ltr'>segnius</span> 
     </span>
     <span class='ocr_line' id='line_1_47' title="bbox 169 3866 1298 3956; baseline 0.011 -31"><span class='ocrx_word' id='word_1_408' title='bbox 169 3866 324 3945; x_wconf 88' lang='lat' dir='ltr'>laborans,</span> <span class='ocrx_word' id='word_1_409' title='bbox 358 3883 398 3930; x_wconf 80' lang='lat' dir='ltr'>ut</span> <span class='ocrx_word' id='word_1_410' title='bbox 427 3877 589 3940; x_wconf 88' lang='lat' dir='ltr'>aedilicium</span> <span class='ocrx_word' id='word_1_411' title='bbox 622 3880 798 3941; x_wconf 85' lang='lat' dir='ltr'>Genevense</span> <span class='ocrx_word' id='word_1_412' title='bbox 848 3898 945 3956; x_wconf 74' lang='lat' dir='ltr'>rursus</span> <span class='ocrx_word' id='word_1_413' title='bbox 977 3897 1150 3936; x_wconf 90' lang='lat' dir='ltr'>concussum</span> <span class='ocrx_word' id='word_1_414' title='bbox 1179 3876 1298 3956; x_wconf 84' lang='lat' dir='ltr'>penitus</span> 
     </span>
     <span class='ocr_line' id='line_1_48' title="bbox 171 3899 1300 4038; baseline 0.008 -35"><span class='ocrx_word' id='word_1_415' title='bbox 171 3957 336 4038; x_wconf 66' lang='lat' dir='ltr'>euerteret&#39;</span> <span class='ocrx_word' id='word_1_416' title='bbox 362 3948 472 4030; x_wconf 81' lang='lat' dir='ltr'>Itaque¹</span> <span class='ocrx_word' id='word_1_417' title='bbox 492 3977 560 4016; x_wconf 85' lang='lat' dir='ltr'>mox</span> <span class='ocrx_word' id='word_1_418' title='bbox 584 3959 694 4038; x_wconf 89' lang='lat' dir='ltr'>reperit</span> <span class='ocrx_word' id='word_1_419' title='bbox 717 3957 794 4016; x_wconf 88' lang='lat' dir='ltr'>male</span> <span class='ocrx_word' id='word_1_420' title='bbox 820 3899 938 4014; x_wconf 67' lang='lat' dir='ltr'>idriatos</span> <span class='ocrx_word' id='word_1_421' title='bbox 965 3952 1137 4026; x_wconf 89' lang='lat' dir='ltr'>nonnullos,</span> <span class='ocrx_word' id='word_1_422' title='bbox 1170 3953 1234 4032; x_wconf 91' lang='lat' dir='ltr'>qui,</span> <span class='ocrx_word' id='word_1_423' title='bbox 1265 3964 1300 4013; x_wconf 90' lang='lat' dir='ltr'>ut</span> 
     </span>
     <span class='ocr_line' id='line_1_49' title="bbox 169 4025 1298 4114; baseline 0.01 -37"><span class='ocrx_word' id='word_1_424' title='bbox 169 4032 285 4098; x_wconf 79' lang='lat' dir='ltr'>pretatis</span> <span class='ocrx_word' id='word_1_425' title='bbox 305 4025 405 4086; x_wconf 88' lang='lat' dir='ltr'>nescio</span> <span class='ocrx_word' id='word_1_426' title='bbox 427 4031 508 4090; x_wconf 90' lang='lat' dir='ltr'>cuius</span> <span class='ocrx_word' id='word_1_427' title='bbox 528 4034 653 4093; x_wconf 90' lang='lat' dir='ltr'>obtentu</span> <span class='ocrx_word' id='word_1_428' title='bbox 673 4033 885 4114; x_wconf 89' lang='lat' dir='ltr'>iniquissimum</span> <span class='ocrx_word' id='word_1_429' title='bbox 901 4031 1140 4090; x_wconf 80' lang='lat' dir='ltr'>illuddecretum·</span> <span class='ocrx_word' id='word_1_430' title='bbox 1150 4041 1298 4111; x_wconf 86' lang='lat' dir='ltr'>tegerent,</span> 
     </span>
     <span class='ocr_line' id='line_1_50' title="bbox 160 4097 1334 4189; baseline 0.015 -37"><span class='ocrx_word' id='word_1_431' title='bbox 160 4113 277 4174; x_wconf 63' lang='lat' dir='ltr'>‘panem</span> <span class='ocrx_word' id='word_1_432' title='bbox 305 4123 506 4176; x_wconf 84' lang='lat' dir='ltr'>communem,</span> <span class='ocrx_word' id='word_1_433' title='bbox 533 4131 591 4189; x_wconf 93' lang='lat' dir='ltr'>quo</span> <span class='ocrx_word' id='word_1_434' title='bbox 612 4115 751 4172; x_wconf 79' lang='lat' dir='ltr'>anteain</span> <span class='ocrx_word' id='word_1_435' title='bbox 777 4111 879 4171; x_wconf 88' lang='lat' dir='ltr'>Coena</span> <span class='ocrx_word' id='word_1_436' title='bbox 903 4109 1075 4182; x_wconf 88' lang='lat' dir='ltr'>utebantur,</span> <span class='ocrx_word' id='word_1_437' title='bbox 1107 4109 1137 4166; x_wconf 93' lang='lat' dir='ltr'>in</span> <span class='ocrx_word' id='word_1_438' title='bbox 1164 4127 1297 4189; x_wconf 86' lang='lat' dir='ltr'>azymum</span> <span class='ocrx_word' id='word_1_439' title='bbox 1328 4097 1334 4118; x_wconf 65' lang='lat'>¹</span> 
     </span>
     <span class='ocr_line' id='line_1_51' title="bbox 172 4185 1300 4266; baseline 0.011 -37"><span class='ocrx_word' id='word_1_440' title='bbox 172 4190 327 4236; x_wconf 87' lang='lat' dir='ltr'>censerent</span> <span class='ocrx_word' id='word_1_441' title='bbox 345 4185 479 4242; x_wconf 89' lang='lat' dir='ltr'>converti</span> <span class='ocrx_word' id='word_1_442' title='bbox 498 4200 648 4266; x_wconf 85' lang='lat' dir='ltr'>oportere,</span> <span class='ocrx_word' id='word_1_443' title='bbox 667 4189 779 4248; x_wconf 88' lang='lat' dir='ltr'>scilicet</span> <span class='ocrx_word' id='word_1_444' title='bbox 798 4199 831 4245; x_wconf 89' lang='lat' dir='ltr'>ut</span> <span class='ocrx_word' id='word_1_445' title='bbox 852 4187 933 4244; x_wconf 85' lang='lat' dir='ltr'>novis</span> <span class='ocrx_word' id='word_1_446' title='bbox 954 4185 1075 4244; x_wconf 91' lang='lat' dir='ltr'>dissidiis</span> <span class='ocrx_word' id='word_1_447' title='bbox 1096 4205 1192 4244; x_wconf 88' lang='lat' dir='ltr'>ansam</span> <span class='ocrx_word' id='word_1_448' title='bbox 1213 4203 1300 4262; x_wconf 85' lang='lat' dir='ltr'>prae-</span> 
     </span>
     <span class='ocr_line' id='line_1_52' title="bbox 171 4245 1299 4336; baseline 0.011 -28"><span class='ocrx_word' id='word_1_449' title='bbox 171 4245 287 4310; x_wconf 86' lang='lat' dir='ltr'>berent.</span> <span class='ocrx_word' id='word_1_450' title='bbox 325 4256 433 4336; x_wconf 90' lang='lat' dir='ltr'>Neque</span> <span class='ocrx_word' id='word_1_451' title='bbox 456 4261 512 4321; x_wconf 93' lang='lat' dir='ltr'>hoc</span> <span class='ocrx_word' id='word_1_452' title='bbox 539 4264 692 4324; x_wconf 90' lang='lat' dir='ltr'>consilium</span> <span class='ocrx_word' id='word_1_453' title='bbox 717 4265 853 4324; x_wconf 84' lang='lat' dir='ltr'>satanam</span> <span class='ocrx_word' id='word_1_454' title='bbox 885 4263 1050 4335; x_wconf 82' lang='lat' dir='ltr'>fefellisset,</span> <span class='ocrx_word' id='word_1_455' title='bbox 1081 4260 1135 4321; x_wconf 89' lang='lat' dir='ltr'>nisi</span> <span class='ocrx_word' id='word_1_456' title='bbox 1161 4260 1299 4322; x_wconf 86' lang='lat' dir='ltr'>Calvinus</span> 
     </span>
     <span class='ocr_line' id='line_1_53' title="bbox 173 4319 1299 4420; baseline 0.016 -38"><span class='ocrx_word' id='word_1_457' title='bbox 173 4319 270 4386; x_wconf 88' lang='lat' dir='ltr'>bonos</span> <span class='ocrx_word' id='word_1_458' title='bbox 294 4334 454 4420; x_wconf 79' lang='lat' dir='ltr'>nonnullos</span> <span class='ocrx_word' id='word_1_459' title='bbox 472 4340 531 4398; x_wconf 77' lang='lat' dir='ltr'>&#39;ista</span> <span class='ocrx_word' id='word_1_460' title='bbox 556 4342 717 4400; x_wconf 89' lang='lat' dir='ltr'>mutatione</span> <span class='ocrx_word' id='word_1_461' title='bbox 744 4340 930 4419; x_wconf 85' lang='lat' dir='ltr'>usqueadeo</span> <span class='ocrx_word' id='word_1_462' title='bbox 951 4337 1099 4412; x_wconf 79' lang='lat' dir='ltr'>offensos,</span> <span class='ocrx_word' id='word_1_463' title='bbox 1122 4351 1157 4398; x_wconf 89' lang='lat' dir='ltr'>ut</span> <span class='ocrx_word' id='word_1_464' title='bbox 1176 4339 1260 4398; x_wconf 82' lang='lat' dir='ltr'>etiam</span> <span class='ocrx_word' id='word_1_465' title='bbox 1282 4357 1299 4396; x_wconf 79' lang='lat' dir='ltr'>a</span> 
     </span>
     <span class='ocr_line' id='line_1_54' title="bbox 174 4398 1299 4499; baseline 0.012 -38"><span class='ocrx_word' id='word_1_466' title='bbox 174 4398 278 4464; x_wconf 81' lang='lat' dir='ltr'>coena</span> <span class='ocrx_word' id='word_1_467' title='bbox 302 4407 357 4468; x_wconf 79' lang='lat' dir='ltr'>sni</span> <span class='ocrx_word' id='word_1_468' title='bbox 381 4411 587 4479; x_wconf 73' lang='lat' dir='ltr'>abstinendum</span> <span class='ocrx_word' id='word_1_469' title='bbox 601 4411 764 4499; x_wconf 69' lang='lat' dir='ltr'>putarent,</span> <span class='ocrx_word' id='word_1_470' title='bbox 790 4418 866 4478; x_wconf 90' lang='lat' dir='ltr'>serio</span> <span class='ocrx_word' id='word_1_471' title='bbox 894 4416 1069 4492; x_wconf 83' lang='lat' dir='ltr'>monuisset,</span> <span class='ocrx_word' id='word_1_472' title='bbox 1094 4434 1133 4475; x_wconf 89' lang='lat' dir='ltr'>ne</span> <span class='ocrx_word' id='word_1_473' title='bbox 1158 4413 1197 4476; x_wconf 82' lang='lat' dir='ltr'>ob</span> <span class='ocrx_word' id='word_1_474' title='bbox 1219 4413 1299 4474; x_wconf 89' lang='lat' dir='ltr'>istud</span> 
     </span>
    </p>
   </div>
   <div class='ocr_carea' id='block_1_11' title="bbox 0 0 1412 4746">
    <p class='ocr_par' dir='ltr' id='par_1_11' title="bbox 0 0 1412 4746">
     <span class='ocr_line' id='line_1_55' title="bbox 0 0 1412 4746; baseline 0 3"><span class='ocrx_word' id='word_1_475' title='bbox 0 0 1412 4746; x_wconf 95' lang='lat' dir='ltr'> </span> 
     </span>
    </p>
   </div>
  </div>
 </body>
</html>
