2824 4756
430 289 434 296 .
473 245 585 343 (60¹7.
604 241 735 325 Angelus
756 244 892 322 Mariae.)
1205 251 1243 312 2‘3

116 407 177 446 non
208 385 275 456 sine
294 383 360 444 eD'ei
390 381 516 448 ludibrio
529 451 534 462 ,
547 385 711 474 sprevisset.
759 386 933 461 ‚Quamlibet
958 387 1081 452 barbara
1109 391 1241 469 tyrannis

116 473 245 545 grassata
270 460 311 522 sit
333 461 363 520 in
387 460 442 522 hac
464 473 546 542 parte
570 461 624 522 sub
650 463 782 542 Papatu,
808 483 956 543 nunquam
987 478 1084 529 tamen
1110 486 1240 547 eousque

114 537 263 675 prggredi
280 537 347 674 3Βέἰο
359 549 436 674 spot,
454 549 487 600 nt
503 539 710 674 permitterent
727 539 810 599 uxori
830 540 1039 675 effluentiam
1057 563 1166 604 vovere
1184 565 1239 606 suo
1266 627 1270 638 k

115 618 1240 783 {gterprrloddmsmn§effiSmcppmtffinopsiammorirffil‘uluffldfiggpgrg

114 788 147 828 ru
168 767 300 827 futurum
317 778 431 846 tempus
453 769 758 849 respiciat,·-1deoque
776 767 936 851 significet,
953 768 1069 831 -uullam
1092 773 1147 832 sibi
1173 773 1239 834 lore

117 841 364 904 cohabitationem
385 865 451 904 cnm
471 846 544 906 viro.
583 846 665 906 llaec
683 865 755 906 vero
775 845 946 928 coniectura
965 856 996 905 et
1034 846 1174 910 robabilis
1193 863 1238 910 est

118 931 152 978 et
170 920 297 1000 simplex,
310 919 396 999 guod
416 921 460 1004 rei
479 921 649 1002 magnitudo
667 920 712 980 rel
732 919 830 1002 potius
849 922 980 983 maiestas
1029 923 1151 1004 irginem
1171 945 1239 1004 per-

119 994 233 1070 culerit,
252 1006 284 1056 ut
302 1017 406 1056 sensus
423 1017 525 1058 omnes
544 998 736 1070 admiratione
756 998 863 1080 ligatos
880 996 1003 1058 haberet
1014 1001 1239 1062 accoustrictoa.

120 1071 221 1146 Quum
230 1073 319 1147 andit,
340 1073 517 1155 nasciturum
538 1093 600 1134 esse
611 1074 669 1134 Dei
680 1073 796 1148 Filium,
816 1074 926 1155 aliquid
947 1095 1008 1136 nou
1028 1075 1149 1157 vulgare
1169 1097 1240 1137 con-

1 1164 2 1168 ’
116 1148 206 1228 cipit,
224 1161 312 1229 atque
331 1149 404 1209 baec
424 1151 500 1210 ratio
521 1163 565 1210 est
584 1172 637 1212 cur
656 1151 765 1212 eoimm
785 1151 896 1212 virilem
918 1150 1060 1212 excludat
1098 1151 1178 1212 Hinc
1196 1164 1239 1212 at-

112 1225 211 1290 tonita
234 1225 391 1300 exclamat,
421 1225 584 1301 Quomodo
610 1227 665 1288 'erit
693 1227 790 1300 istud?
828 1227 902 1288 ldeo
926 1239 986 1288 tam
1011 1227 1173 1289 clementer
1198 1227 1240 1288 illi

1 1368 2 1374 χ
113 1301 198 1364 Deus
217 1302 356 1386 ignoscit,
377 1313 407 1362 et
418 1323 473 1382 per
485 1302 631 1385 Angelum
652 1303 722 1363 beni
744 1324 780 1367 ne
800 1315 831 1364 et
849 1305 973 1366 comiter
984 1304 1153 1385 respondet,
1172 1303 1241 1384 quia

111 1391 286 1440 reverenter
310 1389 341 1438 et
364 1378 482 1454 sobrie,
513 1400 575 1439 nou
606 1379 669 1440 siue
695 1322 888 1441 admiratione
912 1380 1003 1441 divini
1030 1382 1132 1461 operis,
1149 1400 1239 1460 quae-

70 1463 95 1512 s
113 1455 217 1530 eierat,
245 1454 397 1535 quomodo
418 1455 548 1516 futurum
568 1467 661 1530 esset,
712 1457 772 1516 nod
795 1455 852 1528 sihi
877 1469 1058 1536 persuaserat
1077 1456 1189 1538 vulgari
1209 1468 1240 1517 et

112 1544 254 1593 consueta
278 1543 400 1592 naturae
424 1533 539 1593 ratione
559 1551 621 1593 esse
640 1478 802 1594 sublimius.
843 1532 985 1614 Denique,
1007 1534 1078 1595 baec
1107 1533 1238 1614 quaestio

113 1607 182 1668 fidei
201 1608 321 1669 adversa
340 1607 408 1669 ideo
429 1621 490 1670 uon
508 1607 595 1686 suit,
610 1609 677 1690 quia
704 1629 738 1670 ex
764 1609 956 1672 admiratione
981 1611 1184 1691 potiusquam
1205 1630 1240 1671 cx
1295 1651 1300 1662 ·

42 1702 46 1710 ’
113 1681 277 1746 diffidenda
297 1684 458 1746 oriebatur.

186 1767 239 1828 36.
276 1758 542 1840 spasmeam
563 1723 740 1840 mpewsasist
760 1765 792 1823 ias
815 1777 850 1824 ts.
898 1763 1022 1826 Modum
1050 1784 1111 1825 uon
1136 1761 1238 1824 definit

113 1837 258 1930 Angelps,
277 1839 326 1930 qui
346 1839 508 1904 curiositati
527 1841 663 1913 sufficiat,
682 1842 767 1902 sicuti
788 1861 862 1922 opus
881 1861 943 1902 nou
964 1841 1028 1901 suit.
1067 1840 1127 1901 Sed
1138 1839 1238 1922 Virgi-

113 1934 183 1974 uem
202 1915 374 1997 simpliciter
391 1917 424 1978 ad
445 1917 686 1980 considerandam
698 1917 824 1999 Spiritus
842 1918 1090 1982 sanem-virtutem
1110 1927 1239 1992 revocat,

114 2004 149 2078 ut
169 2011 234 2052 cum
260 1992 377 2055 silentio
404 2006 435 2054 et
451 1996 555 2074 quiete
576 2014 608 2062 se
632 1993 675 2063 illi
693 2007 787 2055 totam
804 1996 946 2078 resignet
985 1993 1118 2054 Verbum
1136 2013 1239 2068 super·

112 2069 1126 2208 titul⁰bttttl‘ltd”altaloetttutllttlt‘
1144 2069 1239 2221 'salt
1274 2111 1278 2116 ’

114 2221 205 2282 virtus
228 2222 368 2314 blussimi
392 2243 455 2312 eam
479 2223 677 2314 obumbrabit.
721 2223 847 2357 Spiritus
867 2169 950 2284 {nim
971 2223 1051 2312 quasi
1080 2189 1239 2312 esieutialls

115 2310 161 2364 est
176 2298 237 2359 ·Der
255 2309 361 2370 virtus,
385 2319 465 2359 curus
485 2299 616 2388 efficacia
632 2317 665 2358 se
685 2319 739 2378 pro
755 2310 801 2357 ert
818 2310 906 2378 atque
925 2309 1030 2358 exserat
1048 2310 1107 2356 tam
1127 2319 1157 2356 m
1176 2308 1239 2357 totu

113 2375 218 2437 mundi
247 2373 463 2456 gubernatione
490 2396 576 2454 quam
604 2395 637 2434 m
664 2373 819 2434 miraculis.
871 2374 907 2432 ln
931 2372 1024 2435 verbo
1053 2368 1241 2430 membran&
1337 2433 1348 2442 ,

113 2450 264 2512 concinna
284 2460 328 2508 est
346 2448 533 2528 metaphora:
554 2453 686 2524 matun
704 2447 781 2522 Dei,
808 2471 864 2526 qua
882 2469 950 2508 suos
967 2460 1070 2528 tuetur
1089 2458 1119 2504 et
1139 2457 1240 2525 prote-

136 2527 171 2600 it,
191 2525 343 2604 Scriptura
362 2524 534 2604 frequenter
552 2523 675 2584 umbrae
694 2536 853 2603 comparat.
893 2523 953 2583 Sed
972 2521 1161 2598 alimuidetur
1180 2540 1241 2582 esse

112 2549 202 2670 lutus
221 2600 281 2662 loci
302 2599 454 2682 peculiaris
474 2600 559 2674 ratio,
580 2619 686 2678 nempe
706 2620 838 2666 arcanam
859 2600 927 2670 lore
944 2597 1071 2680 Spiritus
1091 2600 1241 2678 operatio-

114 2702 197 2753 nem,
216 2679 274 2742 acsi
295 2677 388 2738 nubes
408 2699 427 2738 o
449 2677 544 2758 posita
563 2675 713 2736 hominum
735 2675 837 2737 oculos
856 2676 892 2737 ah
913 2676 1019 2736 intuitu
1035 2685 1241 2736 summoveret.

116 2757 212 2821 Sicuti
232 2767 327 2816 autem
348 2755 379 2814 in
402 2697 524 2814 edendis
543 2753 690 2814 miraculis
709 2753 792 2813 Deus
812 2774 936 2834 operum
954 2773 1074 2816 auorum
1093 2750 1239 2812 rationem

116 2835 203 2897 nohis
222 2831 381 2910 subtrabit,
409 2832 450 2892 ita
469 2841 603 2890 nostrum
624 2842 682 2906 est,
712 2829 812 2891 sobrie
830 2832 953 2892 adorare
973 2829 1054 2910 quod
1072 2827 1159 2892 nohis
1177 2827 1241 2889 vult

116 2931 179 2976 esse
199 2909 355 2972 occultum.
392 2908 554 2983 Propterea
566 2905 647 2988 pund
661 2921 794 2966 nocemur
810 2922 949 2968 summ.
988 2904 1182 2975 Confirmatio
1196 2916 1240 2965 est

114 2988 263 3072 proximae
293 2989 466 3046 sententiae.
501 2981 600 3044 Docet
628 2987 707 3044 euim
737 2983 886 3068 Angelus,
919 2983 1067 3048 Christum
1099 2992 1240 3060 oportere
1297 3023 1304 3038 ,

114 3068 225 3146 absque
244 3062 300 3124 viri
319 3076 350 3125 et
375 3060 504 3122 mulieris
523 3061 606 3122 coitu
628 3060 725 3140 nasci,
751 3071 783 3120 ut
801 3072 917 3120 sauctus
937 3059 989 3133 sit,
1009 3070 1039 3118 et
1057 3058 1114 3118 Dei
1134 3056 1239 3118 Filius:
1263 3126 1271 3134 Ι

72 3197 79 3221 ,
116 3147 174 3203 hoc
194 3152 247 3214 est,
266 3151 300 3199 ut
317 3139 469 3220 sanctitate
490 3149 520 3197 et
538 3137 632 3218 gloria
649 3159 737 3216 supra
753 3157 855 3198 omues
874 3147 1020 3196 creaturas
1035 3133 1167 3206 excellat,
1186 3152 1240 3194 ne-

116 3237 176 3301 que
196 3227 296 3276 teneat
305 3233 489 3292 communem
509 3214 589 3274 inter
607 3213 740 3275 homines
760 3214 890 3294 gradum.
928 3211 1090 3281 Haeretici,
1131 3211 1159 3268 ui
1179 3209 1236 3270 iin-

116 3307 192 3379 gunt
215 3294 225 3352 i
245 3313 325 3366 sum,
353 3312 387 3350 ex
412 3311 471 3372 quo
497 3292 614 3384 genitus
634 3301 678 3350 est
698 3290 802 3364 homo,
832 3287 941 3353 iactum
962 3303 1024 3347 esse
1042 3231 1239 3376 Deiliilium
1282 3353 1287 3364 ἱ

116 3315 287 3453 particulam
299 3366 440 3428 causalem
456 3369 610 3448 arripiunt,
629 3367 697 3426 ideo
710 3367 873 3432 vocandum
891 3383 952 3424 csse
962 3363 1020 3432 Dei
1030 3362 1149 3437 Filium,
1170 3364 1238 3442 quia

114 3447 291 3512 mirabiliter
310 3445 436 3525 Spiritus
454 3443 545 3504 sancti
555 3444 660 3506 virtute
680 3455 841 3522 conceptus
861 3441 929 3500 erit:
947 3439 999 3502 sed
1039 3458 1172 3520 erperam
1190 3460 1239 3499 ra-

114 3523 305 3587 tiocinantur.
350 3520 501 3595 Quamvis.
515 3520 591 3578 enim
617 3518 815 3578 manifestatus
839 3518 877 3578 sit
894 3515 985 3577 Filius
1035 3516 1062 3576 ei
1085 3516 1116 3574 iu
1141 3535 1240 3588 carue,

115 3621 181 3662 nnn
205 3602 356 3678 sequitur,
384 3598 455 3677 quin
480 3595 570 3656 luerit
589 3595 694 3654 Sermo
720 3605 788 3654 ante
810 3593 925 3654 saecula
950 3612 984 3650 ex
1002 3593 1093 3653 Patre
1113 3593 1239 3673 genitus.

118 3677 202 3752 Quin
224 3675 323 3756 potius
341 3672 389 3733 ille
409 3673 503 3747 idem,
527 3671 577 3752 qni
597 3671 688 3731 Filius
706 3669 765 3730 Dei
785 3679 847 3730 e'rat
865 3668 896 3728 in
916 3689 967 3728 sua
986 3681 1105 3728 aeterna
1123 3667 1240 3729 Dirini-
1338 3741 1341 3748 Δ

116 3765 189 3826 tate,
208 3750 341 3835 apparuit
360 3753 447 3810 etiarn
466 3751 496 3807 in
518 3749 640 3818 bumana
659 3765 747 3807 carne
765 3746 824 3806 Dei
842 3745 942 3808 Filius.
981 3744 1138 3806 Caeterum
1157 3741 1239 3802 locus

119 3831 166 3892 hic
185 3851 248 3890 non
268 3827 357 3887 modo
378 3845 523 3907 personae
536 3829 680 3885 unitatem
695 3822 863 3890 incuriam
877 3822 1073 3894 commendat,
1091 3815 1240 3906 aedvsimul

117 3906 250 3968 ostendit
270 3903 436 3973 Christum,
487 3913 607 3967 uatenus
632 3899 789 3966 humanam
811 3911 942 3960 naturam
967 3897 1079 3970 induit,
1100 3913 1162 3954 esse
1181 3891 1239 3951 Dea

118 3977 250 4044 Filium
272 3981 353 4076 Ergo
374 3978 440 4038 Filii
460 3923 518 4038 llei
543 3996 652 4038 nomeu
671 3976 755 4037 sicuti
776 3976 890 4044 divinae
909 3973 1021 4036 Christi
1039 3968 1182 4060 essentiae
1201 3967 1239 4028 ab

67 4089 71 4096 ·
117 4061 203 4122 initio
223 4079 375 4140 proprium
394 4055 460 4130 fuit,
479 4055 518 4114 ita
538 4075 617 4113 nuuc
636 4051 818 4118 coniunctim
835 4053 865 4112 in
885 4062 1038 4125 utramque
1056 4043 1142 4136 simul
1160 4063 1241 4104 com-

118 4137 195 4218 petit
219 4147 367 4207 naturam,
390 4134 457 4212 quia
481 4151 584 4192 arcana
603 4141 640 4192 et
658 4128 792 4192 coelestia
815 4127 1013 4212 generationis
1037 4133 1111 4181 ratm
1137 4141 1241 4182 euma

116 4211 402 4295 vulgarihnminum
422 4209 526 4270 ordine
546 4208 659 4268 exemit.
697 4207 778 4282 Alibi
798 4205 915 4284 quidem
934 4219 1058 4279 saeptus,
1077 4209 1111 4257 ut
1128 4217 1159 4257 se
1171 4217 1241 4259 rere

118 4288 269 4350 homiuem
288 4306 351 4348 esse
370 4285 509 4360 affirmet,
533 4285 642 4344 Filium
660 4303 692 4344 se
710 4283 838 4344 hominis
856 4288 956 4340 vocat:
984 4276 1036 4336 aed
1061 4297 1122 4336 non
1142 4274 1241 4366 obstat

119 4365 263 4427 humanae
282 4373 402 4428 naturas
419 4361 542 4436 veritas,
566 4359 637 4439 quin
655 4357 834 4440 peculiarem
857 4353 901 4414 illi
925 4351 1074 4420 honorem¹
1088 4369 1158 4434 prae
1176 4350 1241 4412 abrs
1292 4438 1295 4445 Ι
