2816 4746
179 729 205 942 s
303 745 452 915 -··'n-n
488 743 888 971 aerari
926 809 988 914 o·

491 1107 494 1116 “
552 1116 751 1130 a-s-u—-n-u-*u-

95 1313 293 1482 Videmus
314 1375 399 1454 hoo
398 1374 625 1482 plerumque
636 1355 848 1466 usuvenire,
872 1387 911 1448 ut
931 1386 1054 1475 coepta
1067 1307 1217 1448 salubria

94 1467 304 1598 saeculoque
335 1513 565 1600 consentanea
605 1493 709 1600 apud
737 1493 926 1600 plerosque
954 1486 1110 1568 imitandi
1147 1509 1217 1566 stn-

94 1610 189 1716 diurp
217 1609 374 1692 excitent
395 1613 577 1722 Vixdum
593 1614 763 1692 Calvini
751 1643 788 1690 ιιι
788 1611 972 1740 epistolas
993 1616 1038 1688 N.
1053 1617 1094 1687 Τ.
1118 1639 1216 1688 corn-

92 1733 252 1844 mentarii
288 1717 465 1844 publici'
455 1736 538 1812 ruris
576 1736 656 1812 sacti
688 1752 800 1824 erant,
834 1763 913 1812 curn
942 1729 986 1807 de
998 1723 1216 1810 recudendis
1326 1757 1329 1771 ¹
1385 1729 1386 1760 ³

91 1851 126 1926 in
154 1853 334 1958 reliquos
342 1857 386 1932 Ν.
420 1861 462 1931 Τ.
490 1853 599 1932 libros
638 1853 893 1931 commentariis
921 1851 1114 1970 cogitarent
1151 1854 1217 1946 alii,
1308 1895 1310 1904 ·

92 1969 146 2047 alii
171 1971 221 2050 ad
254 2001 382 2050 novant
405 1974 572 2078 praeclari
599 1967 854 2054 Institutionum
886 1974 1001 2080 operis
1024 1971 1216 2112 parandam

91 2089 280 2169 editionem
317 2094 471 2170 animum
505 2094 700 2183 adiicerent
764 2101 821 2172 De
856 2095 1041 2202 posteriori
1071 2095 1216 2172 consilio

90 2212 313 2318 exsequendo
343 2203 428 2292 dum
462 2199 577 2292 adhue
610 2214 706 2293 dubii
728 2216 872 2292 haerent
904 2233 1078 2306 auctores,
1109 2217 1219 2320 priori

90 2347 268 2417 strenuam
294 2362 439 2410 manum
472 2317 629 2430 admonit
654 2335 833 2412 Eichlerus
862 2332 1055 2472 bibliopola
1080 2336 1216 2411 Beroli-
1271 2363 1276 2380 ·

88 2453 225 2544 nensis,
266 2455 326 2556 qui
357 2483 598 2580 quamquam
612 2453 793 2531 destitutus
832 2451 975 2528 eximiae
1008 2449 1217 2544 liberalitatis

89 2569 268 2660 subsidio,
299 2601 370 2673 quo
397 2557 577 2646 adiutus
566 2561 835 2671 commentarios
859 2567 894 2644 in
920 2567 1081 2672 epistolas
1104 2576 1148 2648 N.
1175 2581 1219 2652 Τι

89 2692 239 2768 ιιιιιιιιιιο
246 2690 378 2802 pretio
398 2689 585 2794 divendere
613 2691 707 2770 licuit
730 2665 943 2794 bibliopolae
966 2687 1116 2784 Halensi,
1138 2658 1218 2774 nula

89 2813 143 2888 lus
174 2829 291 2888 tamen
327 2809 498 2888 dubitavit
528 2822 655 2889 nov'am
672 2845 673 2853 ¹
693 2812 860 2890 omnium.
881 2813 915 2887 in
942 2815 987 2888 N.
1014 2817 1056 2888 Τ.
1082 2815 1215 2896 Calvini

89 2931 418 3019 commentariorum
450 2930 638 3015 editionem
668 2951 802 3038 septem
834 2930 1071 3010 voluminibus
1102 2938 1216 3038 consi-

91 3067 236 3128 stentem
264 3050 364 3156 prelo
396 3053 614 3144 submittere,
641 3053 793 3156 ,eiusque
823 3049 988 3144 volu‘men
1025 3056 1215 3146 111et1v,

90 3199 179 3276 quae
200 3172 308 3248 Acta
333 3171 609 3274 Apostolorum
640 3192 742 3277 atque
771 3173 959 3274 Evangel'
943 3200 1023 3273 rum
1053 3172 1216 3254 Ioannes
1291 3271 1296 3288 Ι

90 3290 384 3440 complectuntur,
413 3289 519 3366 nitide
550 3291 606 3366 illa
632 3294 721 3398 typis
747 3310 850 3397 atque
878 3264 1042 3396 singulari
1065 3292 1135 3370 fide
1159 3327 1216 3372 ex·

91 3440 220 3513 pressa,
239 3393 382 3521 pretib,
390 3441 416 3484 ει
408 3411 615 3514 ambitum
635 3412 714 3489 libri
730 3415 897 3504 aestimas,
921 3409 1114 3488 admodum
1138 3447 1216 3494 mo-

91 3523 170 3606 dico
201 3559 313 3632 nuper
345 3528 558 3632 evulgavit
582 3531 764 3629 Prioribus
798 3531 936 3607 duobus
969 3532 1216 3648 uoluminibus,

91 3679 181 3754 quae
214 3669 309 3727 nunc
339 3649 537 3727 offeruntur
568 3651 746 3730 Ιιιιιιειοιιι
781 3649 984 3741 lectoribus,
1024 3669 1065 3728 ut
1097 3658 1215 3758 paucis
1275 3747 1277 3751 .
1385 3665 1386 3670 ’

90 3769 266 3874 praefarer
291 3768 406 3852 suasit,
421 3771 550 3876 negotii
574 3765 713 3868 auctor,
742 3769 944 3850 adhortatus
967 3771 1084 3862 simul,
1107 3791 1164 3864 ut,
1186 3777 1215 3852 si

90 3889 164 3966 fieri
185 3907 314 3994 posset,
340 3889 616 3968 lucubrationem
644 3876 687 3966 de
712 3890 918 3994 praestantia
934 3887 1111 3990 librorum
1137 3893 1216 3970 Cal-

85 4010 158 4085 vini
184 4008 436 4114 exegeticorum
467 4009 541 4085 toti.
561 4011 658 4117 operi
689 4010 922 4116 adiungerem.
972 4010 1101 4088 Nobile
1132 4042 1215 4118 pro·
1250 4061 1259 4111 ι
1385 4019 1386 4052 ³

92 4129 181 4205 secto
208 4129 417 4220 consilium,
453 4129 561 4234 quod*
583 4127 776 4210 admodum
814 4131 900 4206 mihi
939 4130 1059 4205 arrisit.
1118 4133 1215 4232 Quid

92 4251 180 4324 enim
207 4249 315 4351 magis
339 4239 626 4341 consentaneum,
657 4278 762 4354 quam
783 4269 823 4326 ut
848 4249 1010 4354 operibus
1035 4279 1214 4330 commen-

93 4370 208 4456 tatoris
238 4367 457 4460 immortalis,
495 4397 584 4472 quae
621 4399 700 4446 curn
732 4388 898 4472 perpetua
931 4371 1003 4446 lere
1037 4363 1214 4472 oblivione
1260 4442 1263 4448 ,
1385 4355 1386 4408 fi

743 4501 747 4508 ’
898 4505 914 4546 ἃ

1156 4662 1198 4738 sal
