2816 4746
143 206 183 268 ee
238 269 257 288 ,¹
534 200 590 263 10.
603 198 781 308 ⁸canvnu
803 198 904 262 mna

145 347 180 406 in
198 363 346 408 carcerem
363 343 499 409 Viennae
518 348 679 424 coniectus,
698 369 732 410 ae
750 345 819 406 inde
837 366 905 406 mox
923 341 1141 424 nescioquibns
1153 343 1273 406 'artibus

148 422 261 516 elapsus
290 403 442 484 lienevam
474 423 535 484 lato
563 424 689 504 quodam
714 433 844 498 venerat,
873 421 932 484 alio
962 421 1067 500 procul
1091 423 1285 497 transiturum

120 515 123 523 ’
148 500 206 560 niu
220 499 280 558 Dei
299 499 483 580 providentia
503 499 610 562 sactum
629 512 715 576 esset,
734 511 767 560 ut
784 519 854 560 mox
874 518 891 556 a
910 497 1036 578 quodam
1056 498 1182 580 agnitus,
1201 499 1274 560 Cat·

149 576 222 646 vino
249 577 451 658 Magistratum
477 577 668 650 admonente,
699 573 810 636 carceri
834 573 935 634 fuisset
952 574 1147 654 mancipatus.
1187 575 1283 650 Quae:

150 653 309 716 certamina
329 665 395 714 tum
431 655 604 733 quantisque
629 653 666 712 de
696 651 784 714 rebus
807 663 941 730 suscepta
973 651 1096 726 luerint,
1128 671 1163 712 ex
1188 652 1284 712 odito-

150 727 228 788 libro
254 729 365 808 percipi
389 729 554 810 plenissime
579 739 686 808 potest.
723 727 795 788 Fuit
818 739 915 788 autem
939 727 1044 788 borum
1071 729 1201 788 omnium
1220 729 1285 788 iste*

152 803 259 878 exitus,
284 817 318 864 nt
342 805 459 869 tandem
482 806 614 886 perditus
643 805 692 866 ille
719 807 780 882 (cui
798 803 992 864 ,factiosorum
1013 804 1100 873 etiam
1120 827 1194 866 unus
1213 815 1276 864 tum

150 881 301 946 Praetoris
320 882 457 948 Assessor
476 883 506 940 in
526 901 625 942 aurem
644 881 839 942 insusurrasse
876 881 992 940 uiddam
1013 880 1196 957 credebatur,
1216 901 1285 960 quo.

150 955 259 1018 malum
279 959 387 1038 perditi
405 959 530 1020 hominis
549 959 676 1020 animum
696 903 924 1034 obfirmarelba
942 979 1012 1018 vana
1036 955 1083 1016 illa
1109 967 1159 1018 sua
1184 958 1278 1018 confi·

153 1023 251 1095 dantia
280 1035 429 1113 proditus,
452 1045 488 1092 ct
517 1033 674 1126 impietatit
705 1055 739 1098 ac
768 1035 947 1094 infinitarum
964 1033 1279 1112 blasphemumne:

154 1111 286 1171 omnium
327 1111 413 1168 etiam
453 1111 670 1172 Heluettcarum
687 1149 691 1156 ,
709 1111 896 1172 ecclesiarum
933 1111 1077 1174 sententia
1116 1111 1285 1184 damnatus,-

152 1186 277 1246 XXVll.
304 1186 429 1246 Octobr.
455 1187 537 1247 nullo
559 1188 643 1248 edito
658 1187 871 1268 ,poenitentiae
891 1187 992 1268 signo,
1018 1186 1124 1258 frustra
1143 1187 1279 1268 supplicii

152 1264 326 1400 gravitatem
344 1263 521 1342 deprecante
540 1263 853 1346 pastorumcollegio,
869 1263 975 1325 infelix*
987 1263 1068 1324 vivus
1089 1259 1278 1325 dremaretnr.

178 1338 285 1405 ,arelius
309 1349 405 1398 autem
431 1340 536 1400 eodem
562 1361 791 1420 ann0·cousquc
812 1339 954 1406 vinorhi
976 1339 1099 1416 fractus,
1119 1349 1187 1400 uta
1208 1340 1281 1402 Cal-

152 1418 239 1489 uino,
267 1415 316 1494 qui
335 1415 524 1484 Neocomnm,
541 1417 577 1484 ad
599 1439 669 1480 cum
688 1417 840 1478 visendum
858 1427 994 1490 venerat,
1018 1436 1072 1509 pro
1093 1427 1211 1477 mortno
1230 1421 1290 1478 real

153 1492 352 1570 linqueretur,
372 1492 445 1552 vitae
465 1505 568 1574 postea
586 1507 704 1576 praeter
719 1514 803 1574 ¹spem
823 1513 940 1555 omnem
960 1504 1109 1562 restrtutus
1130 1493 1292 1554 eeclesiam*

154 1589 223 1628 mox
241 1568 391 1644 recreavit·
430 1569 476 1630 Ita
496 1571 581 1650 plane
601 1572 678 1634 inter
696 1589 778 1652 spem
798 1581 828 1630 et
846 1581 967 1644 metum,
987 1569 1163 1631 terminante
1177 1574 1294 1630 tumn·

155 1643 290 1705 dolorem
309 1643 429 1720 laetitia,
448 1668 559 1709 annum
575 1648 654 1709 bunc
674 1659 793 1708 eatenus
812 1646 968 1727 exegimus.
1006 1646 1084 1710 Ecce
1104 1647 1194 1720 enim,
1211 1645 1294 1706 dum.

154 1720 232 1780 baec
247 1721 412 1782 inServeti
433 1745 517 1790 causa
536 1737 672 1806 aguntur,
693 1725 809 1817 qnidam
830 1743 864 1782 ex
884 1721 1211 1784 factiosistb'ertelerim·
1225 1743 1282 1783 no.

155 1795 252 1872 mine,
274 1797 363 1860 homo
383 1798 532 1879 proiectae
558 1802 672 1880 penitus
699 1799 915 1881 ampudentiae,
936 1797 983 1860 cui
1002 1797 1042 1860 ob
1062 1798 1152 1861 multa
1170 1800 1282 1882 flagitia

153 1871 376 1960 Presbyterium
400 1896 498 1938 mensa
522 1877 644 1942 Domini
666 1877 868 1950 interdixerat,
898 1876 928 1938 in
955 1875 1100 1938 Senatum
1120 1876 1201 1936 uenit
1222 1881 1283 1956 po-

155 1949 304 2030 stulatque
324 1972 357 2009 ex
375 1951 549 2014 anctoritate
570 1955 695 2016 Serranis
709 1953 847 2014 absoluit*
862 1951 967 2033 quodsi
986 1954 1094 2025 factum
1115 1965 1201 2028 esset,
1219 1971 1285 2012 aare

156 2025 188 2086 bi
212 2028 219 2042 “
241 2049 301 2088 nou
321 2040 456 2121 poterat,
497 2030 554 2090 'uin
579 2052 646 2091 mox
670 2029 772 2092 solutis
799 2029 1008 2092 ecclesiasticae
1029 2029 1196 2108 disciplinae
1216 2030 1294 2090 vin-¹

158 2123 194 2161 eu
217 2127 229 2166 s
249 2123 348 2166 omma
366 2107 462 2166 statim
481 2051 660 2172 diffluerent
700 2106 863 2166 intercedit
881 2106 975 2188 igitur·
989 2104 1091 2166 sedulo
1109 2105 1295 2186 fortiterque·

156 2179 337 2262 Presbyterii
368 2183 497 2242 nomine.
515 2184 668 2260 Calvinus,
698 2181 1109 2264 ostenditquentagtsmtum
1140 2201 1284 2244 sacrarum

157 2255 257 2340 legum
281 2258 445 2333 vindicem,
471 2281 531 2320 non
556 2261 779 2323 destructorem,
795 2280 856 2320 esse
881 2271 1039 2338 oporteret,
1066 2258 1297 2350 nibildenique·

57 2365 65 2380 a
159 2353 261 2397 corum
277 2336 499 2416 praetermittit,
539 2359 592 2398 uae
609 2338 685 2398 tanti
704 2338 846 2398 momenti
858 2335 1013 2397 contentio
1026 2335 1187 2417 flagitabat·
1208 2336 1285 2396 Vrn-

159 2412 267 2474 cebant
284 2425 381 2474 tamen
403 2433 507 2474 corum
519 2359 591 2475 latsi
611 2413 768 2488 clamores,
788 2411 838 2492 qui
857 2411 1076 2491 Presbyterium
1089 2411 1301 2473 aiebantsibi.

158 2488 189 2548 in
205 2487 378 2570 quibusdam
397 2491 582 2572 Magistratus
600 2490 756 2584 imperium
775 2509 922 2571 arrogare,
942 2487 1018 2563 aden
1036 2481 1298 2550 attullimus«.
1395 2519 1396 2528 ¹

148 2571 224 2624 'rum
245 2566 367 2626 consilio
386 2568 736 2636 statueretur.,ult1mum
760 2565 1066 2626 excommunicationis
1091 2565 1230 2624 iudicium
1249 2564 1286 2624 ad

160 2641 287 2702 Senatus
305 2643 508 2723 coguitionem
528 2647 688 2724 pertinere,
708 2655 832 2721 utquos
851 2641 941 2702 vellet
957 2641 1142 2702 absolverem
1158 2641 1286 2721 inquam

161 2719 336 2783 sententiam
356 2741 372 2778 a
393 2719 521 2793 Senatu,
562 2734 642 2780 arum
663 2731 731 2782 ante
751 2717 787 2776 ad
808 2738 871 2778 eam
890 2739 952 2780 rem
973 2730 1102 2792 attento,
1123 2717 1286 2798 obrepticie

105 2831 107 2840 ,
161 2793 356 2854 absolutorias
374 2793 472 2854 literas
491 2742 586 2876 sigillo
606 2777 802 2876 Reipublicae,
818 2795 1010 2858 communitas
1029 2793 1208 2856 Bertelerius
1230 2789 1303 2862 ob·,'

159 2869 258 2930 tinuit.
296 2870 341 2930 Ac
361 2893 374 2932 s
397 2871 497 2932 erabat
515 2885 577 2932 tum
597 2873 738 2932 Pertinus
765 2893 829 2932 cum
854 2872 912 2932 suis
937 2871 1060 2932 alterum
1080 2879 1286 2951 sequuturnm:

162 2967 269 3027 nempe
288 2958 322 3008 ut
339 2892 572 3022 velCalviuum,
592 2950 649 3008 nisi
667 2947 804 3008 mandato
816 2947 941 3010 Senatus
960 2959 1087 3030 pareret,
1128 2969 1161 3008 er
1177 2947 1302 3008 tumul-¹

163 3035 226 3082 tum
246 3024 445 3115 opprimeret,
464 3025 520 3100 vel,
540 3027 563 3084 si
590 3036 721 3106 pareret,
741 3024 823 3084 nullo
844 3037 946 3104 postea
967 3025 1088 3106 negotio
1107 2969 1289 3105 ltresbyterii

162 3112 365 3166 anctoritatem
379 3121 508 3177 omnem,
528 3102 626 3177 idest,
648 3123 684 3166 ue
707 3101 943 3181 uitiaeipsorum
963 3101 1292 3182 srenumebrumperet:

162 3175 204 3236 At
225 3176 362 3242 Calvinus
387 3197 475 3253 vero,
502 3180 629 3259 quamvis
653 3123 743 3240 hiduo
765 3178 903 3240 duntaxat
927 3190 995 3238 ante
1015 3177 1148 3239 Coenam
1166 3177 1289 3238 Domini

162 3273 263 3314 mense
284 3253 466 3332 Septembris
487 3255 524 3314 de
543 3277 627 3316 more
654 3255 860 3316 celebrandam
880 3255 916 3314 dc
941 3255 999 3314 boc
1018 3255 1096 3316 iacto
1116 3273 1303 3316 commone-.

163 3328 271 3402 factus,
305 3331 383 3392 inter
407 3327 644 3392 concionabdum
669 3333 744 3392 elata
763 3352 835 3393 voce
861 3353 894 3394 ac
920 3351 1015 3392 manu
1029 3331 1120 3392 multa
1139 3331 1183 3406 de
1202 3331 1291 3392 sacris

89 3475 90 3478 Ἴ
161 3425 191 3466 m
213 3407 306 3467 steriis
335 3408 366 3466 in
398 3428 501 3469 eornm
533 3420 754 3490 contemptores
786 3407 939 3486 loquutus,
970 3418 1027 3483 „at
1045 3428 1104 3490 ego
1125 3408 1289 3487 (inquit)

163 3427 433 3563 „Dhrysostomum
459 3507 489 3546 se
512 3499 598 3548 nutus
624 3488 682 3546 vim
708 3485 827 3566 quidem
852 3505 923 3548 nnn.
939 3503 1113 3566 opponam,
1135 3485 1193 3545 sed:
1210 3484 1304 3544 ultnn

163 3579 239 3636 „me
258 3560 356 3640 potius
377 3562 475 3622 occidi
491 3508 577 3624 docile
596 3563 699 3644 patiar,
719 3561 896 3641 quambaec
916 3583 1016 3622 manus
1037 3560 1290 3642 contemptoribus

164 3635 322 3718 „Deinrite
349 3637 482 3700 indicatis
508 3652 607 3700 sancta
626 3639 750 3711 Domini
776 3637 943 3720 porrigat.“
982 3639 1065 3700 Haec
1083 3660 1154 3712 vox,
1184 3637 1294 3698 mirum

162 3713 262 3788 dictu,
289 3725 403 3780 tantum
429 3715 528 3796 potuit
547 3717 623 3796 apud
642 3716 707 3778 illos
750 3714 911 3778 uantumvis
931 3714 1075 3789 effrenes,
1100 3727 1134 3776 ut
1152 3710 1306 3774 Pebuinus·

163 3790 262 3850 statim
283 3789 446 3853 clanculum
465 3793 630 3854 Bertclerio
657 3736 827 3868 mandaret,
852 3811 890 3856 ne
912 3791 952 3858 ud
971 3797 1105 3854 ‘mensam
1128 3789 1294 3866 accederet,

164 3865 281 3948 sintque
307 3869 444 3948 mysteria
469 3891 531 3930 non
558 3870 622 3938 sine
642 3881 772 3930 tremore
792 3867 937 3947 quodam,
967 3868 1049 3948 quasi
1065 3888 1178 3930 numen
1198 3867 1293 3948 ipsum

163 3942 195 4005 in
222 3956 384 4025 conspectu
414 3945 543 4020 adesset,
573 3944 648 4006 miro
680 3945 797 4006 silentio
824 3945 978 4007 celebrata.
1003 3945 1050 4003 Ἀ
1075 3944 1200 4026 prandio
1220 3963 1293 4004 vero

96 4045 98 4052 ’
137 4018 303 4082 -Calvinus
341 4020 438 4082 locum
475 4023 557 4082 illum
587 4021 731 4102 insignem
760 4022 905 4084 Actorum
935 4022 1178 4103 Apostolicorum
1215 4021 1296 4082 forte

165 4106 311 4172 tractans,
337 4097 367 4156 in
393 4117 452 4176 qun
478 4098 584 4158 Paulus
610 4099 750 4164 ecclesiae
769 4098 935 4177 Ephesinae
957 4098 1104 4172 valedicit,
1123 4109 1245 4158 testatus
1263 4116 1296 4158 se

166 4191 233 4230 eum
252 4195 314 4232 non
335 4194 408 4248 csse,
429 4173 479 4254 qni
497 4174 632 4236 adversus
652 4176 699 4236 Ma
722 4175 856 4237 istratum
875 4195 1007 4268 pugnare
1027 4177 1116 4239 sciret
1134 4187 1184 4236 aut
1203 4173 1296 4234 doce·

120 4281 126 4294 ·
165 4257 223 4320 ret,
243 4260 421 4328 coetumque
440 4249 537 4310 multis
557 4249 653 4310 verbis
673 4194 855 4324 roboremus,
876 4263 910 4311 ut
928 4273 960 4310 an
980 4271 1014 4314 ea
1034 4273 1120 4332 qnam
1139 4251 1297 4312 audivisset

166 4321 302 4386 doctrina
320 4338 536 4407 perseveretur,
561 4311 679 4392 undeni
703 4327 794 4394 veluti
817 4339 995 4412 postremam
1018 4329 1094 4400 banc
1117 4329 1296 4394 concionem
