<?xml version="1.0" encoding="UTF-8"?>
<!DOCTYPE html PUBLIC "-//W3C//DTD XHTML 1.0 Transitional//EN"
    "http://www.w3.org/TR/xhtml1/DTD/xhtml1-transitional.dtd">
<html xmlns="http://www.w3.org/1999/xhtml" xml:lang="en" lang="en">
 <head>
  <title>
</title>
<meta http-equiv="Content-Type" content="text/html;charset=utf-8" />
  <meta name='ocr-system' content='tesseract 3.04.00' />
  <meta name='ocr-capabilities' content='ocr_page ocr_carea ocr_par ocr_line ocrx_word'/>
</head>
<body>
  <div class='ocr_page' id='page_1' title='image "./innovumtestamen01tholgoog_0344.png"; bbox 0 0 2786 4742; ppageno 0'>
   <div class='ocr_carea' id='block_1_1' title="bbox 185 189 1214 282">
    <p class='ocr_par' dir='ltr' id='par_1_1' title="bbox 185 178 1214 282">
     <span class='ocr_line' id='line_1_1' title="bbox 185 189 1214 282; baseline 0.019 -29"><span class='ocrx_word' id='word_1_1' title='bbox 185 231 188 236; x_wconf 76' lang='lat'>,</span> <span class='ocrx_word' id='word_1_2' title='bbox 279 199 338 277; x_wconf 57' lang='lat'>(93</span> <span class='ocrx_word' id='word_1_3' title='bbox 358 197 445 276; x_wconf 81' lang='lat' dir='ltr'>„cut</span> <span class='ocrx_word' id='word_1_4' title='bbox 465 195 629 260; x_wconf 78' lang='lat' dir='ltr'>adsimilabo</span> <span class='ocrx_word' id='word_1_5' title='bbox 648 201 872 280; x_wconf 76' lang='lat' dir='ltr'>generationem</span> <span class='ocrx_word' id='word_1_6' title='bbox 891 189 1068 282; x_wconf 62' lang='lat' dir='ltr'>hano‘O&#39;</span> <span class='ocrx_word' id='word_1_7' title='bbox 1154 209 1214 272; x_wconf 69' lang='lat'>268</span> 
     </span>
    </p>
   </div>
   <div class='ocr_carea' id='block_1_2' title="bbox 72 341 1252 504">
    <p class='ocr_par' dir='ltr' id='par_1_2' title="bbox 72 341 1252 504">
     <span class='ocr_line' id='line_1_2' title="bbox 74 341 1252 420; baseline 0.007 -16"><span class='ocrx_word' id='word_1_8' title='bbox 74 341 218 404; x_wconf 76' lang='lat' dir='ltr'>discimus</span> <span class='ocrx_word' id='word_1_9' title='bbox 248 361 283 402; x_wconf 88' lang='lat' dir='ltr'>ex</span> <span class='ocrx_word' id='word_1_10' title='bbox 311 341 358 404; x_wconf 83' lang='lat' dir='ltr'>hie</span> <span class='ocrx_word' id='word_1_11' title='bbox 377 341 489 419; x_wconf 85' lang='lat' dir='ltr'>verbis,</span> <span class='ocrx_word' id='word_1_12' title='bbox 519 362 661 420; x_wconf 83' lang='lat' dir='ltr'>quaenam</span> <span class='ocrx_word' id='word_1_13' title='bbox 686 343 725 404; x_wconf 88' lang='lat' dir='ltr'>sit</span> <span class='ocrx_word' id='word_1_14' title='bbox 751 364 821 412; x_wconf 79' lang='lat' dir='ltr'>vera</span> <span class='ocrx_word' id='word_1_15' title='bbox 844 343 912 404; x_wconf 87' lang='lat' dir='ltr'>iidei</span> <span class='ocrx_word' id='word_1_16' title='bbox 937 349 1039 408; x_wconf 86' lang='lat' dir='ltr'>natura</span> <span class='ocrx_word' id='word_1_17' title='bbox 1064 358 1095 408; x_wconf 87' lang='lat' dir='ltr'>et</span> <span class='ocrx_word' id='word_1_18' title='bbox 1114 348 1204 412; x_wconf 80' lang='lat' dir='ltr'>rotie:</span> <span class='ocrx_word' id='word_1_19' title='bbox 1248 363 1252 372; x_wconf 84' lang='grc'><strong>“</strong></span> 
     </span>
     <span class='ocr_line' id='line_1_3' title="bbox 72 419 1203 504; baseline 0.004 -22"><span class='ocrx_word' id='word_1_20' title='bbox 72 441 188 502; x_wconf 83' lang='lat' dir='ltr'>nempe</span> <span class='ocrx_word' id='word_1_21' title='bbox 211 431 246 481; x_wconf 88' lang='lat' dir='ltr'>ut</span> <span class='ocrx_word' id='word_1_22' title='bbox 270 419 404 481; x_wconf 80' lang='lat' dir='ltr'>homines</span> <span class='ocrx_word' id='word_1_23' title='bbox 428 439 490 479; x_wconf 91' lang='lat' dir='ltr'>non</span> <span class='ocrx_word' id='word_1_24' title='bbox 514 419 622 501; x_wconf 83' lang='lat' dir='ltr'>frigide</span> <span class='ocrx_word' id='word_1_25' title='bbox 642 430 674 480; x_wconf 90' lang='lat' dir='ltr'>et</span> <span class='ocrx_word' id='word_1_26' title='bbox 696 419 881 484; x_wconf 81' lang='lat' dir='ltr'>defunctorie</span> <span class='ocrx_word' id='word_1_27' title='bbox 905 420 1041 504; x_wconf 80' lang='lat' dir='ltr'>loquenti</span> <span class='ocrx_word' id='word_1_28' title='bbox 1058 423 1125 486; x_wconf 90' lang='lat' dir='ltr'>Deo</span> <span class='ocrx_word' id='word_1_29' title='bbox 1151 447 1203 488; x_wconf 87' lang='lat' dir='ltr'>an-</span> 
     </span>
    </p>
   </div>
   <div class='ocr_carea' id='block_1_3' title="bbox 13 491 1203 658">
    <p class='ocr_par' dir='ltr' id='par_1_3' title="bbox 13 491 1203 658">
     <span class='ocr_line' id='line_1_4' title="bbox 13 491 1203 584; baseline 0.007 -26"><span class='ocrx_word' id='word_1_30' title='bbox 13 545 20 580; x_wconf 63' lang='lat'>,</span> <span class='ocrx_word' id='word_1_31' title='bbox 73 509 189 574; x_wconf 83' lang='lat' dir='ltr'>nuent„</span> <span class='ocrx_word' id='word_1_32' title='bbox 212 497 264 557; x_wconf 91' lang='lat' dir='ltr'>sed</span> <span class='ocrx_word' id='word_1_33' title='bbox 284 494 399 556; x_wconf 86' lang='lat' dir='ltr'>ardenti</span> <span class='ocrx_word' id='word_1_34' title='bbox 418 493 528 558; x_wconf 84' lang='lat' dir='ltr'>aiiectu</span> <span class='ocrx_word' id='word_1_35' title='bbox 546 491 697 578; x_wconf 73' lang='lat' dir='ltr'>adipsum</span> <span class='ocrx_word' id='word_1_36' title='bbox 716 497 863 578; x_wconf 81' lang='lat' dir='ltr'>aspirent,</span> <span class='ocrx_word' id='word_1_37' title='bbox 888 508 920 558; x_wconf 87' lang='lat' dir='ltr'>et</span> <span class='ocrx_word' id='word_1_38' title='bbox 937 500 1018 582; x_wconf 86' lang='lat' dir='ltr'>quasi</span> <span class='ocrx_word' id='word_1_39' title='bbox 1036 500 1203 584; x_wconf 85' lang='lat' dir='ltr'>impetuoso</span> 
     </span>
     <span class='ocr_line' id='line_1_5' title="bbox 13 583 408 658; baseline -0.013 -21"><span class='ocrx_word' id='word_1_40' title='bbox 13 651 15 658; x_wconf 21' lang='grc' dir='ltr'>Ι</span> <span class='ocrx_word' id='word_1_41' title='bbox 72 586 189 638; x_wconf 87' lang='lat' dir='ltr'>conatu</span> <span class='ocrx_word' id='word_1_42' title='bbox 208 583 408 654; x_wconf 73' lang='lat' dir='ltr'>perrumpant.</span> 
     </span>
    </p>
   </div>
   <div class='ocr_carea' id='block_1_4' title="bbox 156 621 1203 730">
    <p class='ocr_par' dir='ltr' id='par_1_4' title="bbox 156 615 1295 730">
     <span class='ocr_line' id='line_1_6' title="bbox 156 621 1203 730; baseline -0.003 -20"><span class='ocrx_word' id='word_1_43' title='bbox 156 652 228 714; x_wconf 70' lang='lat' dir='ltr'>rue</span> <span class='ocrx_word' id='word_1_44' title='bbox 248 655 296 717; x_wconf 73' lang='lat' dir='ltr'>ie.</span> <span class='ocrx_word' id='word_1_45' title='bbox 332 646 621 725; x_wconf 62' lang='lat' dir='ltr'>memma«</span> <span class='ocrx_word' id='word_1_46' title='bbox 638 647 953 730; x_wconf 63' lang='lat' dir='ltr'>oquaetmm.</span> <span class='ocrx_word' id='word_1_47' title='bbox 999 621 1203 727; x_wconf 61' lang='lat' dir='ltr'>durarum.</span> 
     </span>
    </p>
   </div>
   <div class='ocr_carea' id='block_1_5' title="bbox 18 726 1202 862">
    <p class='ocr_par' dir='ltr' id='par_1_5' title="bbox 13 703 1202 862">
     <span class='ocr_line' id='line_1_7' title="bbox 18 726 1202 862; baseline -0.006 -72.029"><span class='ocrx_word' id='word_1_48' title='bbox 18 803 20 810; x_wconf 21' lang='grc' dir='ltr'>Ι</span> <span class='ocrx_word' id='word_1_49' title='bbox 72 751 139 792; x_wconf 85' lang='lat' dir='ltr'>nus¹</span> <span class='ocrx_word' id='word_1_50' title='bbox 152 728 184 788; x_wconf 89' lang='lat' dir='ltr'>in</span> <span class='ocrx_word' id='word_1_51' title='bbox 203 726 300 788; x_wconf 87' lang='lat' dir='ltr'>studio</span> <span class='ocrx_word' id='word_1_52' title='bbox 319 726 421 808; x_wconf 93' lang='lat' dir='ltr'>populi</span> <span class='ocrx_word' id='word_1_53' title='bbox 438 727 622 862; x_wconf 79' lang='lat' dir='ltr'>praeludium</span> <span class='ocrx_word' id='word_1_54' title='bbox 642 739 751 788; x_wconf 89' lang='lat' dir='ltr'>exstare</span> <span class='ocrx_word' id='word_1_55' title='bbox 772 727 881 794; x_wconf 84' lang='lat' dir='ltr'>dixerat</span> <span class='ocrx_word' id='word_1_56' title='bbox 900 749 1015 802; x_wconf 83' lang='lat' dir='ltr'>eorum,</span> <span class='ocrx_word' id='word_1_57' title='bbox 1035 751 1107 810; x_wconf 85' lang='lat' dir='ltr'>quae</span> <span class='ocrx_word' id='word_1_58' title='bbox 1128 733 1202 794; x_wconf 87' lang='lat' dir='ltr'>Pro.</span> 
     </span>
    </p>
   </div>
   <div class='ocr_carea' id='block_1_6' title="bbox 12 803 436 898">
    <p class='ocr_par' dir='ltr' id='par_1_6' title="bbox 12 803 436 898">
     <span class='ocr_line' id='line_1_8' title="bbox 12 803 436 898; baseline 0.019 -40"><span class='ocrx_word' id='word_1_59' title='bbox 12 841 18 890; x_wconf 46' lang='grc' dir='ltr'>ὲ</span> <span class='ocrx_word' id='word_1_60' title='bbox 73 807 186 898; x_wconf 69' lang='lat' dir='ltr'>piqetae</span> <span class='ocrx_word' id='word_1_61' title='bbox 207 804 243 863; x_wconf 89' lang='lat' dir='ltr'>de</span> <span class='ocrx_word' id='word_1_62' title='bbox 262 803 358 864; x_wconf 86' lang='lat' dir='ltr'>sutura</span> <span class='ocrx_word' id='word_1_63' title='bbox 377 805 436 866; x_wconf 87' lang='lat' dir='ltr'>Ecc</span> 
     </span>
    </p>
   </div>
   <div class='ocr_carea' id='block_1_7' title="bbox 11 880 1205 1249">
    <p class='ocr_par' dir='ltr' id='par_1_7' title="bbox 11 880 1205 1249">
     <span class='ocr_line' id='line_1_9' title="bbox 12 880 1203 970; baseline 0.002 -28"><span class='ocrx_word' id='word_1_64' title='bbox 12 936 21 970; x_wconf 77' lang='lat'>,</span> <span class='ocrx_word' id='word_1_65' title='bbox 71 881 270 942; x_wconf 82' lang='lat' dir='ltr'>ministerium</span> <span class='ocrx_word' id='word_1_66' title='bbox 290 901 356 940; x_wconf 85' lang='lat' dir='ltr'>eum</span> <span class='ocrx_word' id='word_1_67' title='bbox 375 882 458 966; x_wconf 88' lang='lat' dir='ltr'>Lege</span> <span class='ocrx_word' id='word_1_68' title='bbox 478 893 509 940; x_wconf 90' lang='lat' dir='ltr'>et</span> <span class='ocrx_word' id='word_1_69' title='bbox 520 880 676 962; x_wconf 85' lang='lat' dir='ltr'>Prophetis</span> <span class='ocrx_word' id='word_1_70' title='bbox 696 893 860 964; x_wconf 84' lang='lat' dir='ltr'>comparat:</span> <span class='ocrx_word' id='word_1_71' title='bbox 880 882 941 944; x_wconf 87' lang='lat' dir='ltr'>acsi</span> <span class='ocrx_word' id='word_1_72' title='bbox 957 881 1079 956; x_wconf 81' lang='lat' dir='ltr'>diceret,</span> <span class='ocrx_word' id='word_1_73' title='bbox 1097 885 1203 950; x_wconf 85' lang='lat' dir='ltr'>mirum</span> 
     </span>
     <span class='ocr_line' id='line_1_10' title="bbox 12 954 1205 1039; baseline -0.001 -15"><span class='ocrx_word' id='word_1_74' title='bbox 12 1013 13 1024; x_wconf 67' lang='grc'>,</span> <span class='ocrx_word' id='word_1_75' title='bbox 71 981 141 1019; x_wconf 88' lang='lat' dir='ltr'>non</span> <span class='ocrx_word' id='word_1_76' title='bbox 161 978 239 1033; x_wconf 84' lang='lat' dir='ltr'>esre,</span> <span class='ocrx_word' id='word_1_77' title='bbox 262 957 288 1022; x_wconf 82' lang='lat' dir='ltr'>ei</span> <span class='ocrx_word' id='word_1_78' title='bbox 305 954 388 1020; x_wconf 83' lang='lat' dir='ltr'>Deus</span> <span class='ocrx_word' id='word_1_79' title='bbox 413 979 492 1020; x_wconf 90' lang='lat' dir='ltr'>nunc</span> <span class='ocrx_word' id='word_1_80' title='bbox 512 969 576 1022; x_wconf 85' lang='lat' dir='ltr'>tam</span> <span class='ocrx_word' id='word_1_81' title='bbox 599 970 739 1039; x_wconf 86' lang='lat' dir='ltr'>potenter</span> <span class='ocrx_word' id='word_1_82' title='bbox 758 971 899 1039; x_wconf 79' lang='lat' dir='ltr'>operetur</span> <span class='ocrx_word' id='word_1_83' title='bbox 917 959 948 1019; x_wconf 89' lang='lat' dir='ltr'>in</span> <span class='ocrx_word' id='word_1_84' title='bbox 968 957 1120 1024; x_wconf 90' lang='lat' dir='ltr'>hominnm</span> <span class='ocrx_word' id='word_1_85' title='bbox 1140 961 1205 1023; x_wconf 87' lang='lat' dir='ltr'>ani-</span> 
     </span>
     <span class='ocr_line' id='line_1_11' title="bbox 12 1033 1203 1118; baseline -0.001 -22"><span class='ocrx_word' id='word_1_86' title='bbox 12 1034 23 1102; x_wconf 78' lang='grc' dir='ltr'>ζ·’</span> <span class='ocrx_word' id='word_1_87' title='bbox 72 1035 154 1113; x_wconf 79' lang='lat' dir='ltr'>nnis,</span> <span class='ocrx_word' id='word_1_88' title='bbox 206 1037 253 1096; x_wconf 90' lang='lat' dir='ltr'>uia</span> <span class='ocrx_word' id='word_1_89' title='bbox 284 1055 345 1094; x_wconf 91' lang='lat' dir='ltr'>non</span> <span class='ocrx_word' id='word_1_90' title='bbox 369 1033 473 1118; x_wconf 82' lang='lat' dir='ltr'>procul</span> <span class='ocrx_word' id='word_1_91' title='bbox 498 1045 531 1095; x_wconf 89' lang='lat' dir='ltr'>ut</span> <span class='ocrx_word' id='word_1_92' title='bbox 555 1047 639 1096; x_wconf 90' lang='lat' dir='ltr'>antea</span> <span class='ocrx_word' id='word_1_93' title='bbox 659 1035 713 1098; x_wconf 88' lang='lat' dir='ltr'>suh</span> <span class='ocrx_word' id='word_1_94' title='bbox 734 1035 866 1099; x_wconf 78' lang='lat' dir='ltr'>obscuris</span> <span class='ocrx_word' id='word_1_95' title='bbox 885 1035 995 1098; x_wconf 85' lang='lat' dir='ltr'>umbris</span> <span class='ocrx_word' id='word_1_96' title='bbox 1014 1056 1046 1096; x_wconf 87' lang='lat' dir='ltr'>se</span> <span class='ocrx_word' id='word_1_97' title='bbox 1065 1037 1203 1110; x_wconf 77' lang='lat' dir='ltr'>insinuet,</span> 
     </span>
     <span class='ocr_line' id='line_1_12' title="bbox 11 1057 1203 1249; baseline 0 -75"><span class='ocrx_word' id='word_1_98' title='bbox 11 1115 22 1156; x_wconf 74' lang='lat'>5:</span> <span class='ocrx_word' id='word_1_99' title='bbox 72 1111 128 1174; x_wconf 86' lang='lat' dir='ltr'>sed</span> <span class='ocrx_word' id='word_1_100' title='bbox 152 1057 305 1206; x_wconf 64' lang='lat' dir='ltr'>palam‘et</span> <span class='ocrx_word' id='word_1_101' title='bbox 330 1111 462 1172; x_wconf 89' lang='lat' dir='ltr'>cominus</span> <span class='ocrx_word' id='word_1_102' title='bbox 494 1111 530 1170; x_wconf 95' lang='lat' dir='ltr'>ad</span> <span class='ocrx_word' id='word_1_103' title='bbox 556 1113 741 1180; x_wconf 77' lang='lat' dir='ltr'>statuendum</span> <span class='ocrx_word' id='word_1_104' title='bbox 760 1133 884 1249; x_wconf 85' lang='lat' dir='ltr'>regnum</span> <span class='ocrx_word' id='word_1_105' title='bbox 904 1135 987 1174; x_wconf 91' lang='lat' dir='ltr'>suum</span> <span class='ocrx_word' id='word_1_106' title='bbox 1007 1113 1084 1176; x_wconf 83' lang='lat' dir='ltr'>assit.</span> <span class='ocrx_word' id='word_1_107' title='bbox 1104 1113 1203 1174; x_wconf 49' lang='lat' dir='ltr'>*Hinc</span> 
     </span>
    </p>
   </div>
   <div class='ocr_carea' id='block_1_8' title="bbox 18 1183 775 1268">
    <p class='ocr_par' dir='ltr' id='par_1_8' title="bbox 18 1183 775 1268">
     <span class='ocr_line' id='line_1_13' title="bbox 18 1183 775 1268; baseline -0.007 -15"><span class='ocrx_word' id='word_1_108' title='bbox 18 1243 21 1253; x_wconf 87' lang='lat'><strong>.</strong></span> <span class='ocrx_word' id='word_1_109' title='bbox 71 1202 225 1268; x_wconf 79' lang='lat' dir='ltr'>sequitur,</span> <span class='ocrx_word' id='word_1_110' title='bbox 255 1189 351 1248; x_wconf 88' lang='lat' dir='ltr'>minus</span> <span class='ocrx_word' id='word_1_111' title='bbox 377 1183 568 1248; x_wconf 78' lang='lat' dir='ltr'>excusationis</span> <span class='ocrx_word' id='word_1_112' title='bbox 593 1187 700 1248; x_wconf 88' lang='lat' dir='ltr'>hahere</span> <span class='ocrx_word' id='word_1_113' title='bbox 745 1189 775 1248; x_wconf 90' lang='lat' dir='ltr'>ui</span> 
     </span>
    </p>
   </div>
   <div class='ocr_carea' id='block_1_9' title="bbox 810 1189 1203 1250">
    <p class='ocr_par' dir='ltr' id='par_1_9' title="bbox 810 1189 1203 1250">
     <span class='ocr_line' id='line_1_14' title="bbox 810 1189 1203 1250; baseline -0.005 0"><span class='ocrx_word' id='word_1_114' title='bbox 810 1190 913 1250; x_wconf 89' lang='lat' dir='ltr'>oannis</span> <span class='ocrx_word' id='word_1_115' title='bbox 938 1189 1102 1250; x_wconf 82' lang='lat' dir='ltr'>doctrinam</span> <span class='ocrx_word' id='word_1_116' title='bbox 1129 1207 1203 1250; x_wconf 89' lang='lat' dir='ltr'>con-</span> 
     </span>
    </p>
   </div>
   <div class='ocr_carea' id='block_1_10' title="bbox 11 1256 1203 1424">
    <p class='ocr_par' dir='ltr' id='par_1_10' title="bbox 11 1256 1203 1424">
     <span class='ocr_line' id='line_1_15' title="bbox 11 1256 1202 1348; baseline 0.003 -24"><span class='ocrx_word' id='word_1_117' title='bbox 11 1256 24 1280; x_wconf 70' lang='lat'>&#39;¹</span> <span class='ocrx_word' id='word_1_118' title='bbox 71 1267 236 1342; x_wconf 70' lang='lat' dir='ltr'>turnaciter¹</span> <span class='ocrx_word' id='word_1_119' title='bbox 255 1285 303 1324; x_wconf 85' lang='lat' dir='ltr'>res</span> <span class='ocrx_word' id='word_1_120' title='bbox 325 1276 412 1340; x_wconf 87' lang='lat' dir='ltr'>nunt,</span> <span class='ocrx_word' id='word_1_121' title='bbox 435 1285 533 1347; x_wconf 15' lang='lat' dir='ltr'>,quern</span> <span class='ocrx_word' id='word_1_122' title='bbox 557 1265 645 1346; x_wconf 85' lang='lat' dir='ltr'>Legis</span> <span class='ocrx_word' id='word_1_123' title='bbox 678 1277 708 1326; x_wconf 88' lang='lat' dir='ltr'>et</span> <span class='ocrx_word' id='word_1_124' title='bbox 759 1265 948 1348; x_wconf 87' lang='lat' dir='ltr'>rophetarum</span> <span class='ocrx_word' id='word_1_125' title='bbox 972 1267 1202 1346; x_wconf 69' lang='lat' dir='ltr'>contemptores.</span> 
     </span>
     <span class='ocr_line' id='line_1_16' title="bbox 11 1339 1203 1424; baseline 0.001 -22"><span class='ocrx_word' id='word_1_126' title='bbox 11 1403 13 1420; x_wconf 18' lang='grc' dir='ltr'>ι</span> <span class='ocrx_word' id='word_1_127' title='bbox 73 1342 112 1402; x_wconf 91' lang='lat' dir='ltr'>ln</span> <span class='ocrx_word' id='word_1_128' title='bbox 127 1339 291 1420; x_wconf 70' lang='lat' dir='ltr'>propheten</span> <span class='ocrx_word' id='word_1_129' title='bbox 316 1339 424 1402; x_wconf 85' lang='lat' dir='ltr'>&#39;verbo</span> <span class='ocrx_word' id='word_1_130' title='bbox 439 1339 545 1404; x_wconf 77' lang='lat' dir='ltr'>‘subest</span> <span class='ocrx_word' id='word_1_131' title='bbox 564 1340 717 1422; x_wconf 80' lang='lat' dir='ltr'>emphasis,</span> <span class='ocrx_word' id='word_1_132' title='bbox 734 1343 817 1424; x_wconf 73' lang='lat' dir='ltr'>¹qued</span> <span class='ocrx_word' id='word_1_133' title='bbox 830 1344 891 1405; x_wconf 86' lang='lat' dir='ltr'>Lex</span> <span class='ocrx_word' id='word_1_134' title='bbox 911 1354 942 1409; x_wconf 85' lang='lat' dir='ltr'>et</span> <span class='ocrx_word' id='word_1_135' title='bbox 952 1341 1119 1422; x_wconf 71' lang='lat' dir='ltr'>Prophetae</span> <span class='ocrx_word' id='word_1_136' title='bbox 1139 1363 1203 1404; x_wconf 90' lang='lat' dir='ltr'>non</span> 
     </span>
    </p>
   </div>
   <div class='ocr_carea' id='block_1_11' title="bbox 11 1414 1319 1512">
    <p class='ocr_par' dir='ltr' id='par_1_11' title="bbox 11 1414 1319 1512">
     <span class='ocr_line' id='line_1_17' title="bbox 11 1414 1319 1512; baseline 0 -32"><span class='ocrx_word' id='word_1_137' title='bbox 11 1423 22 1496; x_wconf 70' lang='grc'>“,</span> <span class='ocrx_word' id='word_1_138' title='bbox 73 1419 216 1480; x_wconf 84' lang='lat' dir='ltr'>sisterent</span> <span class='ocrx_word' id='word_1_139' title='bbox 234 1417 336 1492; x_wconf 78' lang='lat' dir='ltr'>Deum</span> <span class='ocrx_word' id='word_1_140' title='bbox 350 1428 418 1478; x_wconf 83' lang='lat' dir='ltr'>ante</span> <span class='ocrx_word' id='word_1_141' title='bbox 438 1416 557 1496; x_wconf 88' lang='lat' dir='ltr'>oculos,</span> <span class='ocrx_word' id='word_1_142' title='bbox 582 1418 639 1494; x_wconf 85' lang='lat' dir='ltr'>sed</span> <span class='ocrx_word' id='word_1_143' title='bbox 653 1429 790 1498; x_wconf 82' lang='lat' dir='ltr'>tanquam</span> <span class='ocrx_word' id='word_1_144' title='bbox 810 1419 964 1512; x_wconf 76' lang='lat' dir='ltr'>absentem</span> <span class='ocrx_word' id='word_1_145' title='bbox 980 1419 1080 1506; x_wconf 80' lang='lat' dir='ltr'>figuris</span> <span class='ocrx_word' id='word_1_146' title='bbox 1097 1414 1202 1481; x_wconf 79' lang='lat' dir='ltr'>adurn-</span> <span class='ocrx_word' id='word_1_147' title='bbox 1312 1427 1319 1444; x_wconf 56' lang='lat'>‘</span> 
     </span>
    </p>
   </div>
   <div class='ocr_carea' id='block_1_12' title="bbox 11 1492 1203 1577">
    <p class='ocr_par' dir='ltr' id='par_1_12' title="bbox 11 1492 1203 1577">
     <span class='ocr_line' id='line_1_18' title="bbox 11 1492 1203 1577; baseline -0.002 -22"><span class='ocrx_word' id='word_1_148' title='bbox 11 1493 22 1564; x_wconf 56' lang='lat' dir='ltr'>ff</span> <span class='ocrx_word' id='word_1_149' title='bbox 70 1495 205 1555; x_wconf 87' lang='lat' dir='ltr'>hrarent.</span> <span class='ocrx_word' id='word_1_150' title='bbox 242 1492 331 1562; x_wconf 79' lang='lat' dir='ltr'>Nune</span> <span class='ocrx_word' id='word_1_151' title='bbox 348 1493 493 1570; x_wconf 63' lang='lat' dir='ltr'>clidemus,</span> <span class='ocrx_word' id='word_1_152' title='bbox 517 1514 657 1577; x_wconf 86' lang='lat' dir='ltr'>quorsum</span> <span class='ocrx_word' id='word_1_153' title='bbox 679 1496 783 1554; x_wconf 87' lang='lat' dir='ltr'>tendat</span> <span class='ocrx_word' id='word_1_154' title='bbox 805 1505 1001 1575; x_wconf 73' lang='lat' dir='ltr'>cornparatrot</span> <span class='ocrx_word' id='word_1_155' title='bbox 1021 1515 1127 1575; x_wconf 89' lang='lat' dir='ltr'>nempe</span> <span class='ocrx_word' id='word_1_156' title='bbox 1146 1495 1203 1554; x_wconf 71' lang='lat' dir='ltr'>mi.-</span> 
     </span>
    </p>
   </div>
   <div class='ocr_carea' id='block_1_13' title="bbox 10 1635 22 1672">
    <p class='ocr_par' dir='ltr' id='par_1_13' title="bbox 10 1635 22 1672">
     <span class='ocr_line' id='line_1_19' title="bbox 10 1635 22 1672; baseline 0 -2"><span class='ocrx_word' id='word_1_157' title='bbox 10 1635 22 1672; x_wconf 74' lang='lat' dir='ltr'>i!</span> 
     </span>
    </p>
   </div>
   <div class='ocr_carea' id='block_1_14' title="bbox 15 1569 1202 1653">
    <p class='ocr_par' dir='ltr' id='par_1_14' title="bbox 15 1569 1202 1653">
     <span class='ocr_line' id='line_1_20' title="bbox 15 1569 1202 1653; baseline 0.003 -23"><span class='ocrx_word' id='word_1_158' title='bbox 15 1582 21 1592; x_wconf 85' lang='lat'><em>&#39;</em></span> <span class='ocrx_word' id='word_1_159' title='bbox 72 1571 156 1632; x_wconf 86' lang='lat' dir='ltr'>nime</span> <span class='ocrx_word' id='word_1_160' title='bbox 174 1592 209 1632; x_wconf 91' lang='lat' dir='ltr'>ae</span> <span class='ocrx_word' id='word_1_161' title='bbox 232 1589 301 1632; x_wconf 86' lang='lat' dir='ltr'>num</span> <span class='ocrx_word' id='word_1_162' title='bbox 314 1589 387 1641; x_wconf 84' lang='lat' dir='ltr'>esse,</span> <span class='ocrx_word' id='word_1_163' title='bbox 405 1582 439 1630; x_wconf 85' lang='lat' dir='ltr'>ut</span> <span class='ocrx_word' id='word_1_164' title='bbox 456 1591 536 1630; x_wconf 88' lang='lat' dir='ltr'>nunc</span> <span class='ocrx_word' id='word_1_165' title='bbox 555 1569 684 1653; x_wconf 82' lang='lat' dir='ltr'>frigeant</span> <span class='ocrx_word' id='word_1_166' title='bbox 700 1570 846 1645; x_wconf 77' lang='lat' dir='ltr'>homines,</span> <span class='ocrx_word' id='word_1_167' title='bbox 866 1591 969 1650; x_wconf 88' lang='lat' dir='ltr'>exquo</span> <span class='ocrx_word' id='word_1_168' title='bbox 988 1591 1020 1633; x_wconf 84' lang='lat' dir='ltr'>ee</span> <span class='ocrx_word' id='word_1_169' title='bbox 1039 1572 1096 1634; x_wconf 87' lang='lat' dir='ltr'>iilis</span> <span class='ocrx_word' id='word_1_170' title='bbox 1115 1591 1202 1652; x_wconf 78' lang='lat' dir='ltr'>pree-</span> 
     </span>
    </p>
   </div>
   <div class='ocr_carea' id='block_1_15' title="bbox 74 1646 1201 1728">
    <p class='ocr_par' dir='ltr' id='par_1_15' title="bbox 74 1646 1201 1728">
     <span class='ocr_line' id='line_1_21' title="bbox 74 1646 1201 1728; baseline 0 -18"><span class='ocrx_word' id='word_1_171' title='bbox 74 1661 190 1710; x_wconf 83' lang='lat' dir='ltr'>sentem</span> <span class='ocrx_word' id='word_1_172' title='bbox 241 1668 291 1710; x_wconf 86' lang='lat' dir='ltr'>eus</span> <span class='ocrx_word' id='word_1_173' title='bbox 311 1647 456 1724; x_wconf 86' lang='lat' dir='ltr'>exhibuit,</span> <span class='ocrx_word' id='word_1_174' title='bbox 503 1649 532 1711; x_wconf 86' lang='lat' dir='ltr'>oi</span> <span class='ocrx_word' id='word_1_175' title='bbox 550 1659 681 1709; x_wconf 80' lang='lat' dir='ltr'>veterem</span> <span class='ocrx_word' id='word_1_176' title='bbox 700 1646 842 1728; x_wconf 88' lang='lat' dir='ltr'>populum</span> <span class='ocrx_word' id='word_1_177' title='bbox 866 1649 1007 1711; x_wconf 84' lang='lat' dir='ltr'>vaticiniis</span> <span class='ocrx_word' id='word_1_178' title='bbox 1029 1667 1201 1728; x_wconf 71' lang='lat' dir='ltr'>suspensum</span> 
     </span>
    </p>
   </div>
   <div class='ocr_carea' id='block_1_16' title="bbox 10 1670 1202 1799">
    <p class='ocr_par' dir='ltr' id='par_1_16' title="bbox 10 1670 1202 1799">
     <span class='ocr_line' id='line_1_22' title="bbox 10 1670 1202 1799; baseline -0.001 -15"><span class='ocrx_word' id='word_1_179' title='bbox 10 1713 24 1799; x_wconf 55' lang='lat'>²,</span> <span class='ocrx_word' id='word_1_180' title='bbox 71 1724 205 1786; x_wconf 81' lang='lat' dir='ltr'>tenebat</span> <span class='ocrx_word' id='word_1_181' title='bbox 245 1724 336 1799; x_wconf 88' lang='lat' dir='ltr'>Quod</span> <span class='ocrx_word' id='word_1_182' title='bbox 361 1735 457 1784; x_wconf 87' lang='lat' dir='ltr'>autem</span> <span class='ocrx_word' id='word_1_183' title='bbox 478 1670 612 1786; x_wconf 55' lang='lat' dir='ltr'>ghristus</span> <span class='ocrx_word' id='word_1_184' title='bbox 635 1724 780 1783; x_wconf 87' lang='lat' dir='ltr'>Ioannem</span> <span class='ocrx_word' id='word_1_185' title='bbox 804 1746 883 1786; x_wconf 88' lang='lat' dir='ltr'>nunc</span> <span class='ocrx_word' id='word_1_186' title='bbox 906 1737 1081 1789; x_wconf 87' lang='lat' dir='ltr'>annumerat</span> <span class='ocrx_word' id='word_1_187' title='bbox 1104 1725 1202 1786; x_wconf 87' lang='lat' dir='ltr'>Evan-</span> 
     </span>
    </p>
   </div>
   <div class='ocr_carea' id='block_1_17' title="bbox 10 1801 412 1896">
    <p class='ocr_par' dir='ltr' id='par_1_17' title="bbox 10 1801 412 1896">
     <span class='ocr_line' id='line_1_23' title="bbox 10 1801 412 1896; baseline -0.015 -30"><span class='ocrx_word' id='word_1_188' title='bbox 10 1810 21 1866; x_wconf 84' lang='lat'>.&#39;</span> <span class='ocrx_word' id='word_1_189' title='bbox 73 1801 147 1896; x_wconf 83' lang='lat' dir='ltr'>geiii</span> <span class='ocrx_word' id='word_1_190' title='bbox 157 1801 305 1875; x_wconf 87' lang='lat' dir='ltr'>ministris,</span> <span class='ocrx_word' id='word_1_191' title='bbox 325 1821 412 1881; x_wconf 86' lang='lat' dir='ltr'>quem</span> 
     </span>
    </p>
   </div>
   <div class='ocr_carea' id='block_1_18' title="bbox 72 1799 1279 1961">
    <p class='ocr_par' dir='ltr' id='par_1_18' title="bbox 72 1799 1279 1961">
     <span class='ocr_line' id='line_1_24' title="bbox 208 1799 1202 1936; baseline 0 -75"><span class='ocrx_word' id='word_1_192' title='bbox 208 1879 215 1893; x_wconf 29' lang='grc' dir='ltr'><strong><em>ο</em></strong></span> <span class='ocrx_word' id='word_1_193' title='bbox 239 1879 246 1894; x_wconf 87' lang='lat'><strong>.</strong></span> <span class='ocrx_word' id='word_1_194' title='bbox 429 1800 510 1936; x_wconf 70' lang='lat' dir='ltr'>prius</span> <span class='ocrx_word' id='word_1_195' title='bbox 529 1800 657 1894; x_wconf 72' lang='lat' dir='ltr'>medium</span> <span class='ocrx_word' id='word_1_196' title='bbox 676 1799 840 1893; x_wconf 65' lang='lat' dir='ltr'>interillos</span> <span class='ocrx_word' id='word_1_197' title='bbox 861 1801 1065 1893; x_wconf 70' lang='lat' dir='ltr'>etProphetae</span> <span class='ocrx_word' id='word_1_198' title='bbox 1082 1801 1202 1892; x_wconf 71' lang='lat' dir='ltr'>locavit²</span> 
     </span>
     <span class='ocr_line' id='line_1_25' title="bbox 72 1876 1279 1961; baseline 0 -23"><span class='ocrx_word' id='word_1_199' title='bbox 72 1902 105 1950; x_wconf 69' lang='lat' dir='ltr'>qn</span> <span class='ocrx_word' id='word_1_200' title='bbox 128 1899 164 1938; x_wconf 89' lang='lat' dir='ltr'>eo</span> <span class='ocrx_word' id='word_1_201' title='bbox 185 1877 258 1938; x_wconf 85' lang='lat' dir='ltr'>nrhrl</span> <span class='ocrx_word' id='word_1_202' title='bbox 279 1888 322 1937; x_wconf 88' lang='lat' dir='ltr'>est</span> <span class='ocrx_word' id='word_1_203' title='bbox 341 1876 427 1938; x_wconf 89' lang='lat' dir='ltr'>ahsur</span> <span class='ocrx_word' id='word_1_204' title='bbox 448 1900 470 1953; x_wconf 85' lang='lat' dir='ltr'>r,</span> <span class='ocrx_word' id='word_1_205' title='bbox 489 1898 556 1958; x_wconf 89' lang='lat' dir='ltr'>qura</span> <span class='ocrx_word' id='word_1_206' title='bbox 577 1898 637 1938; x_wconf 86' lang='lat' dir='ltr'>erus</span> <span class='ocrx_word' id='word_1_207' title='bbox 657 1876 856 1957; x_wconf 76' lang='lat' dir='ltr'>praedicatio,</span> <span class='ocrx_word' id='word_1_208' title='bbox 874 1877 944 1938; x_wconf 79' lang='lat' dir='ltr'>licet</span> <span class='ocrx_word' id='word_1_209' title='bbox 963 1899 1029 1958; x_wconf 82' lang='lat' dir='ltr'>pars</span> <span class='ocrx_word' id='word_1_210' title='bbox 1047 1877 1202 1961; x_wconf 81' lang='lat' dir='ltr'>Evangelu</span> <span class='ocrx_word' id='word_1_211' title='bbox 1275 1899 1279 1908; x_wconf 53' lang='lat'>⁸</span> 
     </span>
    </p>
   </div>
   <div class='ocr_carea' id='block_1_19' title="bbox 72 1951 1000 2034">
    <p class='ocr_par' dir='ltr' id='par_1_19' title="bbox 9 1951 1000 2034">
     <span class='ocr_line' id='line_1_26' title="bbox 72 1951 1000 2034; baseline -0.004 -16.254"><span class='ocrx_word' id='word_1_212' title='bbox 72 1955 175 2027; x_wconf 74' lang='lat' dir='ltr'>fuerit,</span> <span class='ocrx_word' id='word_1_213' title='bbox 193 1961 291 2018; x_wconf 80' lang='lat' dir='ltr'>tarhen</span> <span class='ocrx_word' id='word_1_214' title='bbox 311 1975 372 2014; x_wconf 93' lang='lat' dir='ltr'>non</span> <span class='ocrx_word' id='word_1_215' title='bbox 392 1953 448 2013; x_wconf 91' lang='lat' dir='ltr'>nisi</span> <span class='ocrx_word' id='word_1_216' title='bbox 468 1953 615 2034; x_wconf 86' lang='lat' dir='ltr'>quoddam</span> <span class='ocrx_word' id='word_1_217' title='bbox 635 1951 693 2013; x_wconf 84' lang='lat' dir='ltr'>tuit</span> <span class='ocrx_word' id='word_1_218' title='bbox 711 1953 773 2014; x_wconf 87' lang='lat' dir='ltr'>eius</span> <span class='ocrx_word' id='word_1_219' title='bbox 793 1953 1000 2014; x_wconf 88' lang='lat' dir='ltr'>rudimentum.</span> 
     </span>
    </p>
   </div>
   <div class='ocr_carea' id='block_1_20' title="bbox 150 2027 1202 2121">
    <p class='ocr_par' dir='ltr' id='par_1_20' title="bbox 150 2027 1202 2121">
     <span class='ocr_line' id='line_1_27' title="bbox 150 2027 1202 2121; baseline -0.001 -29"><span class='ocrx_word' id='word_1_220' title='bbox 150 2030 256 2092; x_wconf 86' lang='lat' dir='ltr'>Matth.</span> <span class='ocrx_word' id='word_1_221' title='bbox 275 2035 323 2094; x_wconf 83' lang='lat' dir='ltr'>id.</span> <span class='ocrx_word' id='word_1_222' title='bbox 360 2027 402 2087; x_wconf 81' lang='lat' dir='ltr'>Et</span> <span class='ocrx_word' id='word_1_223' title='bbox 419 2032 445 2088; x_wconf 75' lang='lat' dir='ltr'>si</span> <span class='ocrx_word' id='word_1_224' title='bbox 461 2029 546 2098; x_wconf 77' lang='lat' dir='ltr'>coitio</span> <span class='ocrx_word' id='word_1_225' title='bbox 562 2033 699 2104; x_wconf 75' lang='lat' dir='ltr'>recipere.</span> <span class='ocrx_word' id='word_1_226' title='bbox 743 2030 806 2090; x_wconf 85' lang='lat' dir='ltr'>Iam</span> <span class='ocrx_word' id='word_1_227' title='bbox 831 2031 940 2090; x_wconf 78' lang='lat' dir='ltr'>certius</span> <span class='ocrx_word' id='word_1_228' title='bbox 966 2031 1101 2121; x_wconf 79' lang='lat' dir='ltr'>exponit,</span> <span class='ocrx_word' id='word_1_229' title='bbox 1125 2051 1202 2110; x_wconf 90' lang='lat' dir='ltr'>quo·</span> 
     </span>
    </p>
   </div>
   <div class='ocr_carea' id='block_1_21' title="bbox 72 2097 1240 2241">
    <p class='ocr_par' dir='ltr' id='par_1_21' title="bbox 9 2095 1240 2241">
     <span class='ocr_line' id='line_1_28' title="bbox 72 2097 1240 2241; baseline -0.002 -71.154"><span class='ocrx_word' id='word_1_230' title='bbox 72 2107 166 2170; x_wconf 91' lang='lat' dir='ltr'>modo</span> <span class='ocrx_word' id='word_1_231' title='bbox 187 2107 386 2190; x_wconf 77' lang='lat' dir='ltr'>evangelizare</span> <span class='ocrx_word' id='word_1_232' title='bbox 406 2104 533 2164; x_wconf 86' lang='lat' dir='ltr'>loannes</span> <span class='ocrx_word' id='word_1_233' title='bbox 553 2097 686 2183; x_wconf 86' lang='lat' dir='ltr'>coeperil</span> <span class='ocrx_word' id='word_1_234' title='bbox 704 2123 829 2187; x_wconf 84' lang='lat' dir='ltr'>regnum</span> <span class='ocrx_word' id='word_1_235' title='bbox 848 2107 920 2170; x_wconf 83' lang='lat' dir='ltr'>Dei:</span> <span class='ocrx_word' id='word_1_236' title='bbox 948 2126 1015 2241; x_wconf 76' lang='lat' dir='ltr'>quta</span> <span class='ocrx_word' id='word_1_237' title='bbox 1034 2106 1147 2168; x_wconf 88' lang='lat' dir='ltr'>scilicet</span> <span class='ocrx_word' id='word_1_238' title='bbox 1165 2106 1202 2167; x_wconf 92' lang='lat' dir='ltr'>sit</span> <span class='ocrx_word' id='word_1_239' title='bbox 1236 2141 1240 2150; x_wconf 50' lang='grc' dir='ltr'><em>ι</em></span> 
     </span>
    </p>
   </div>
   <div class='ocr_carea' id='block_1_22' title="bbox 72 2180 1202 2273">
    <p class='ocr_par' dir='ltr' id='par_1_22' title="bbox 72 2180 1202 2273">
     <span class='ocr_line' id='line_1_29' title="bbox 72 2180 1202 2273; baseline -0.004 -27"><span class='ocrx_word' id='word_1_240' title='bbox 72 2185 125 2248; x_wconf 89' lang='lat' dir='ltr'>iile</span> <span class='ocrx_word' id='word_1_241' title='bbox 143 2183 239 2256; x_wconf 87' lang='lat' dir='ltr'>Elias,</span> <span class='ocrx_word' id='word_1_242' title='bbox 264 2183 314 2261; x_wconf 92' lang='lat' dir='ltr'>qui</span> <span class='ocrx_word' id='word_1_243' title='bbox 333 2180 492 2244; x_wconf 83' lang='lat' dir='ltr'>mittendus</span> <span class='ocrx_word' id='word_1_244' title='bbox 513 2191 576 2238; x_wconf 81' lang='lat' dir='ltr'>eret</span> <span class='ocrx_word' id='word_1_245' title='bbox 594 2191 662 2239; x_wconf 88' lang='lat' dir='ltr'>ante</span> <span class='ocrx_word' id='word_1_246' title='bbox 683 2180 786 2240; x_wconf 87' lang='lat' dir='ltr'>faciem</span> <span class='ocrx_word' id='word_1_247' title='bbox 805 2181 874 2240; x_wconf 88' lang='lat' dir='ltr'>Dei.</span> <span class='ocrx_word' id='word_1_248' title='bbox 911 2183 960 2241; x_wconf 86' lang='lat' dir='ltr'>Vu</span> <span class='ocrx_word' id='word_1_249' title='bbox 973 2183 1093 2273; x_wconf 68' lang='lat' dir='ltr'>tigitur</span> <span class='ocrx_word' id='word_1_250' title='bbox 1113 2183 1202 2244; x_wconf 86' lang='lat' dir='ltr'>Chri-</span> 
     </span>
    </p>
   </div>
   <div class='ocr_carea' id='block_1_23' title="bbox 73 2255 1201 2337">
    <p class='ocr_par' dir='ltr' id='par_1_23' title="bbox 8 2253 1201 2341">
     <span class='ocr_line' id='line_1_30' title="bbox 73 2255 1201 2337; baseline -0.007 -11.436"><span class='ocrx_word' id='word_1_251' title='bbox 73 2273 135 2325; x_wconf 80' lang='lat' dir='ltr'>stus</span> <span class='ocrx_word' id='word_1_252' title='bbox 153 2260 297 2320; x_wconf 79' lang='lat' dir='ltr'>illustrem</span> <span class='ocrx_word' id='word_1_253' title='bbox 320 2256 402 2316; x_wconf 91' lang='lat' dir='ltr'>illum</span> <span class='ocrx_word' id='word_1_254' title='bbox 428 2267 458 2314; x_wconf 91' lang='lat' dir='ltr'>et</span> <span class='ocrx_word' id='word_1_255' title='bbox 479 2255 642 2315; x_wconf 85' lang='lat' dir='ltr'>terribilem</span> <span class='ocrx_word' id='word_1_256' title='bbox 662 2255 721 2315; x_wconf 91' lang='lat' dir='ltr'>Dei</span> <span class='ocrx_word' id='word_1_257' title='bbox 746 2255 918 2330; x_wconf 84' lang='lat' dir='ltr'>adventum,</span> <span class='ocrx_word' id='word_1_258' title='bbox 949 2279 999 2337; x_wconf 77' lang='lat' dir='ltr'>qur</span> <span class='ocrx_word' id='word_1_259' title='bbox 1023 2279 1039 2318; x_wconf 79' lang='lat' dir='ltr'>a</span> <span class='ocrx_word' id='word_1_260' title='bbox 1059 2257 1201 2318; x_wconf 85' lang='lat' dir='ltr'>Malachia</span> 
     </span>
    </p>
   </div>
   <div class='ocr_carea' id='block_1_24' title="bbox 73 2331 1247 2414">
    <p class='ocr_par' dir='ltr' id='par_1_24' title="bbox 73 2331 1247 2414">
     <span class='ocr_line' id='line_1_31' title="bbox 73 2331 1247 2414; baseline -0.009 -12"><span class='ocrx_word' id='word_1_261' title='bbox 73 2337 238 2403; x_wconf 82' lang='lat' dir='ltr'>celebratos</span> <span class='ocrx_word' id='word_1_262' title='bbox 250 2345 306 2412; x_wconf 89' lang='lat' dir='ltr'>est,</span> <span class='ocrx_word' id='word_1_263' title='bbox 326 2353 405 2392; x_wconf 91' lang='lat' dir='ltr'>nunc</span> <span class='ocrx_word' id='word_1_264' title='bbox 424 2333 545 2414; x_wconf 84' lang='lat' dir='ltr'>agnosci</span> <span class='ocrx_word' id='word_1_265' title='bbox 563 2353 580 2391; x_wconf 92' lang='lat' dir='ltr'>a</span> <span class='ocrx_word' id='word_1_266' title='bbox 596 2331 724 2405; x_wconf 89' lang='lat' dir='ltr'>Iudaeis,</span> <span class='ocrx_word' id='word_1_267' title='bbox 745 2332 864 2413; x_wconf 88' lang='lat' dir='ltr'>quando</span> <span class='ocrx_word' id='word_1_268' title='bbox 874 2331 962 2408; x_wconf 84' lang='lat' dir='ltr'>Elias,</span> <span class='ocrx_word' id='word_1_269' title='bbox 981 2335 1031 2412; x_wconf 90' lang='lat' dir='ltr'>qni</span> <span class='ocrx_word' id='word_1_270' title='bbox 1048 2331 1110 2393; x_wconf 91' lang='lat' dir='ltr'>illic</span> <span class='ocrx_word' id='word_1_271' title='bbox 1129 2355 1201 2413; x_wconf 92' lang='lat' dir='ltr'>pro·</span> <span class='ocrx_word' id='word_1_272' title='bbox 1246 2346 1247 2352; x_wconf 77' lang='grc'>’</span> 
     </span>
    </p>
   </div>
   <div class='ocr_carea' id='block_1_25' title="bbox 8 2406 1202 2642">
    <p class='ocr_par' dir='ltr' id='par_1_25' title="bbox 8 2406 1202 2642">
     <span class='ocr_line' id='line_1_32' title="bbox 8 2406 1201 2490; baseline -0.007 -13"><span class='ocrx_word' id='word_1_273' title='bbox 8 2407 18 2442; x_wconf 65' lang='lat'>&#39;⁷</span> <span class='ocrx_word' id='word_1_274' title='bbox 74 2415 177 2478; x_wconf 74' lang='lat' dir='ltr'>missus</span> <span class='ocrx_word' id='word_1_275' title='bbox 205 2423 264 2487; x_wconf 86' lang='lat' dir='ltr'>est,</span> <span class='ocrx_word' id='word_1_276' title='bbox 297 2409 376 2490; x_wconf 88' lang='lat' dir='ltr'>quasi</span> <span class='ocrx_word' id='word_1_277' title='bbox 401 2407 575 2490; x_wconf 87' lang='lat' dir='ltr'>apparitoris</span> <span class='ocrx_word' id='word_1_278' title='bbox 595 2406 695 2468; x_wconf 82' lang='lat' dir='ltr'>officio</span> <span class='ocrx_word' id='word_1_279' title='bbox 718 2408 867 2489; x_wconf 80' lang='lat' dir='ltr'>iungetur.</span> <span class='ocrx_word' id='word_1_280' title='bbox 915 2408 1012 2480; x_wconf 85' lang='lat' dir='ltr'>Porro</span> <span class='ocrx_word' id='word_1_281' title='bbox 1037 2409 1092 2468; x_wconf 89' lang='lat' dir='ltr'>hae</span> <span class='ocrx_word' id='word_1_282' title='bbox 1117 2429 1201 2469; x_wconf 83' lang='lat' dir='ltr'>exce-</span> 
     </span>
     <span class='ocr_line' id='line_1_33' title="bbox 75 2484 1202 2574; baseline -0.006 -22.393"><span class='ocrx_word' id='word_1_283' title='bbox 75 2487 329 2574; x_wconf 71' lang='lat' dir='ltr'>ptione,·siooitr‘e</span> <span class='ocrx_word' id='word_1_284' title='bbox 345 2488 482 2562; x_wconf 82' lang='lat' dir='ltr'>recipere,</span> <span class='ocrx_word' id='word_1_285' title='bbox 502 2504 605 2562; x_wconf 80' lang='lat' dir='ltr'>eorum</span> <span class='ocrx_word' id='word_1_286' title='bbox 616 2485 752 2544; x_wconf 89' lang='lat' dir='ltr'>duritiem</span> <span class='ocrx_word' id='word_1_287' title='bbox 772 2484 954 2568; x_wconf 82' lang='lat' dir='ltr'>perstringit,</span> <span class='ocrx_word' id='word_1_288' title='bbox 973 2484 1054 2564; x_wconf 84' lang='lat' dir='ltr'>qnod</span> <span class='ocrx_word' id='word_1_289' title='bbox 1073 2485 1202 2568; x_wconf 87' lang='lat' dir='ltr'>maligue</span> 
     </span>
     <span class='ocr_line' id='line_1_34' title="bbox 8 2559 1202 2642; baseline -0.008 -11"><span class='ocrx_word' id='word_1_290' title='bbox 8 2579 13 2602; x_wconf 74' lang='lat'>·&#39;</span> <span class='ocrx_word' id='word_1_291' title='bbox 74 2568 262 2630; x_wconf 88' lang='lat' dir='ltr'>coecutirent</span> <span class='ocrx_word' id='word_1_292' title='bbox 283 2564 313 2624; x_wconf 91' lang='lat' dir='ltr'>in</span> <span class='ocrx_word' id='word_1_293' title='bbox 338 2562 405 2622; x_wconf 91' lang='lat' dir='ltr'>luce</span> <span class='ocrx_word' id='word_1_294' title='bbox 430 2561 595 2642; x_wconf 87' lang='lat' dir='ltr'>conspicua.</span> <span class='ocrx_word' id='word_1_295' title='bbox 645 2560 705 2620; x_wconf 86' lang='lat' dir='ltr'>Sed</span> <span class='ocrx_word' id='word_1_296' title='bbox 725 2582 762 2620; x_wconf 91' lang='lat' dir='ltr'>an</span> <span class='ocrx_word' id='word_1_297' title='bbox 781 2559 859 2622; x_wconf 83' lang='lat' dir='ltr'>Elias</span> <span class='ocrx_word' id='word_1_298' title='bbox 879 2579 942 2620; x_wconf 88' lang='lat' dir='ltr'>esse</span> <span class='ocrx_word' id='word_1_299' title='bbox 961 2560 1104 2634; x_wconf 65' lang='lat' dir='ltr'>desinet,</span> <span class='ocrx_word' id='word_1_300' title='bbox 1124 2561 1134 2620; x_wconf 94' lang='lat' dir='ltr'>i</span> <span class='ocrx_word' id='word_1_301' title='bbox 1154 2582 1202 2621; x_wconf 87' lang='lat' dir='ltr'>re·</span> 
     </span>
    </p>
   </div>
   <div class='ocr_carea' id='block_1_26' title="bbox 75 2636 1202 2724">
    <p class='ocr_par' dir='ltr' id='par_1_26' title="bbox 75 2636 1202 2724">
     <span class='ocr_line' id='line_1_35' title="bbox 75 2636 1202 2724; baseline -0.007 -18"><span class='ocrx_word' id='word_1_302' title='bbox 75 2655 177 2724; x_wconf 86' lang='lat' dir='ltr'>ceptus</span> <span class='ocrx_word' id='word_1_303' title='bbox 196 2663 257 2704; x_wconf 88' lang='lat' dir='ltr'>non</span> <span class='ocrx_word' id='word_1_304' title='bbox 278 2639 385 2701; x_wconf 79' lang='lat' dir='ltr'>fuerit?</span> <span class='ocrx_word' id='word_1_305' title='bbox 422 2639 491 2702; x_wconf 89' lang='lat' dir='ltr'>Non</span> <span class='ocrx_word' id='word_1_306' title='bbox 520 2636 615 2704; x_wconf 86' lang='lat' dir='ltr'>intelli</span> <span class='ocrx_word' id='word_1_307' title='bbox 638 2638 666 2696; x_wconf 81' lang='lat' dir='ltr'>it¹</span> <span class='ocrx_word' id='word_1_308' title='bbox 680 2637 830 2712; x_wconf 87' lang='lat' dir='ltr'>Christus,</span> <span class='ocrx_word' id='word_1_309' title='bbox 861 2637 898 2708; x_wconf 83' lang='lat' dir='ltr'>ah</span> <span class='ocrx_word' id='word_1_310' title='bbox 923 2658 1026 2698; x_wconf 85' lang='lat' dir='ltr'>eorum</span> <span class='ocrx_word' id='word_1_311' title='bbox 1055 2659 1089 2696; x_wconf 89' lang='lat' dir='ltr'>su</span> <span class='ocrx_word' id='word_1_312' title='bbox 1117 2637 1202 2722; x_wconf 82' lang='lat' dir='ltr'>regiis</span> 
     </span>
    </p>
   </div>
   <div class='ocr_carea' id='block_1_27' title="bbox 8 2713 1249 2954">
    <p class='ocr_par' dir='ltr' id='par_1_27' title="bbox 8 2713 1249 2954">
     <span class='ocr_line' id='line_1_36' title="bbox 8 2713 1201 2805; baseline -0.007 -23"><span class='ocrx_word' id='word_1_313' title='bbox 8 2741 14 2756; x_wconf 69' lang='lat'><strong><em>⁹</em></strong></span> <span class='ocrx_word' id='word_1_314' title='bbox 73 2721 204 2804; x_wconf 83' lang='lat' dir='ltr'>pendere</span> <span class='ocrx_word' id='word_1_315' title='bbox 224 2717 344 2778; x_wconf 86' lang='lat' dir='ltr'>loannis</span> <span class='ocrx_word' id='word_1_316' title='bbox 362 2737 477 2786; x_wconf 88' lang='lat' dir='ltr'>munus,</span> <span class='ocrx_word' id='word_1_317' title='bbox 496 2715 547 2798; x_wconf 80' lang='lat' dir='ltr'>sed</span> <span class='ocrx_word' id='word_1_318' title='bbox 568 2724 722 2798; x_wconf 87' lang='lat' dir='ltr'>postquam</span> <span class='ocrx_word' id='word_1_319' title='bbox 741 2724 863 2805; x_wconf 68' lang='lat' dir='ltr'>testatpq</span> <span class='ocrx_word' id='word_1_320' title='bbox 882 2725 926 2774; x_wconf 90' lang='lat' dir='ltr'>est</span> <span class='ocrx_word' id='word_1_321' title='bbox 946 2733 1008 2774; x_wconf 89' lang='lat' dir='ltr'>esse</span> <span class='ocrx_word' id='word_1_322' title='bbox 1027 2713 1132 2789; x_wconf 88' lang='lat' dir='ltr'>Eliam,</span> <span class='ocrx_word' id='word_1_323' title='bbox 1152 2735 1201 2774; x_wconf 93' lang='lat' dir='ltr'>so-</span> 
     </span>
     <span class='ocr_line' id='line_1_37' title="bbox 8 2791 1249 2883; baseline -0.007 -25"><span class='ocrx_word' id='word_1_324' title='bbox 8 2851 17 2883; x_wconf 52' lang='lat'>,</span> <span class='ocrx_word' id='word_1_325' title='bbox 76 2797 193 2860; x_wconf 89' lang='lat' dir='ltr'>cordiae</span> <span class='ocrx_word' id='word_1_326' title='bbox 219 2805 250 2856; x_wconf 83' lang='lat' dir='ltr'>et</span> <span class='ocrx_word' id='word_1_327' title='bbox 272 2791 491 2876; x_wconf 86' lang='lat' dir='ltr'>ingratitudinis</span> <span class='ocrx_word' id='word_1_328' title='bbox 521 2793 601 2876; x_wconf 81' lang='lat' dir='ltr'>ipsos</span> <span class='ocrx_word' id='word_1_329' title='bbox 621 2791 772 2874; x_wconf 85' lang='lat' dir='ltr'>coarguit,</span> <span class='ocrx_word' id='word_1_330' title='bbox 802 2811 860 2854; x_wconf 87' lang='lat' dir='ltr'>ttrsr</span> <span class='ocrx_word' id='word_1_331' title='bbox 890 2791 1094 2882; x_wconf 78' lang='lat' dir='ltr'>auctoritatem</span> <span class='ocrx_word' id='word_1_332' title='bbox 1114 2812 1200 2871; x_wconf 85' lang='lat' dir='ltr'>quam</span> <span class='ocrx_word' id='word_1_333' title='bbox 1247 2809 1249 2816; x_wconf 75' lang='grc'>’</span> 
     </span>
     <span class='ocr_line' id='line_1_38' title="bbox 8 2871 964 2954; baseline -0.015 -16"><span class='ocrx_word' id='word_1_334' title='bbox 8 2897 15 2954; x_wconf 57' lang='lat'>¹,</span> <span class='ocrx_word' id='word_1_335' title='bbox 74 2886 205 2937; x_wconf 89' lang='lat' dir='ltr'>meretur</span> <span class='ocrx_word' id='word_1_336' title='bbox 224 2871 366 2933; x_wconf 85' lang='lat' dir='ltr'>obtineat:</span> <span class='ocrx_word' id='word_1_337' title='bbox 819 2891 822 2900; x_wconf 62' lang='grc'>’</span> <span class='ocrx_word' id='word_1_338' title='bbox 957 2876 964 2886; x_wconf 85' lang='grc'><em>’</em></span> 
     </span>
    </p>
   </div>
   <div class='ocr_carea' id='block_1_28' title="bbox 150 2909 1202 3031">
    <p class='ocr_par' dir='ltr' id='par_1_28' title="bbox 150 2909 1202 3031">
     <span class='ocr_line' id='line_1_39' title="bbox 150 2909 1202 3031; baseline -0.006 -23"><span class='ocrx_word' id='word_1_339' title='bbox 150 2957 197 3016; x_wconf 79' lang='grc'>15.</span> <span class='ocrx_word' id='word_1_340' title='bbox 239 2947 298 3031; x_wconf 74' lang='lat' dir='ltr'>Qui</span> <span class='ocrx_word' id='word_1_341' title='bbox 314 2944 396 3006; x_wconf 79' lang='lat' dir='ltr'>dedet</span> <span class='ocrx_word' id='word_1_342' title='bbox 414 2965 510 3018; x_wconf 71' lang='lat' dir='ltr'>auno,</span> <span class='ocrx_word' id='word_1_343' title='bbox 529 2941 641 3006; x_wconf 71' lang='lat' dir='ltr'>audiat.</span> <span class='ocrx_word' id='word_1_344' title='bbox 679 2943 794 3004; x_wconf 77' lang='lat' dir='ltr'>Scimus</span> <span class='ocrx_word' id='word_1_345' title='bbox 807 2909 968 3018; x_wconf 73' lang='lat' dir='ltr'>Christum,</span> <span class='ocrx_word' id='word_1_346' title='bbox 986 2942 1062 3004; x_wconf 91' lang='lat' dir='ltr'>hanc</span> <span class='ocrx_word' id='word_1_347' title='bbox 1081 2954 1202 3004; x_wconf 90' lang='lat' dir='ltr'>senten-</span> 
     </span>
    </p>
   </div>
   <div class='ocr_carea' id='block_1_29' title="bbox 8 3019 1273 3188">
    <p class='ocr_par' dir='ltr' id='par_1_29' title="bbox 8 3019 1273 3188">
     <span class='ocr_line' id='line_1_40' title="bbox 8 3019 1202 3106; baseline -0.011 -15"><span class='ocrx_word' id='word_1_348' title='bbox 8 3023 13 3060; x_wconf 36' lang='grc' dir='ltr'><em>ἱ</em></span> <span class='ocrx_word' id='word_1_349' title='bbox 74 3029 145 3091; x_wconf 88' lang='lat' dir='ltr'>tiam</span> <span class='ocrx_word' id='word_1_350' title='bbox 164 3029 355 3106; x_wconf 86' lang='lat' dir='ltr'>interponere</span> <span class='ocrx_word' id='word_1_351' title='bbox 373 3022 503 3095; x_wconf 86' lang='lat' dir='ltr'>solitum,</span> <span class='ocrx_word' id='word_1_352' title='bbox 522 3022 637 3101; x_wconf 89' lang='lat' dir='ltr'>quoties</span> <span class='ocrx_word' id='word_1_353' title='bbox 656 3019 692 3081; x_wconf 90' lang='lat' dir='ltr'>de</span> <span class='ocrx_word' id='word_1_354' title='bbox 712 3040 745 3082; x_wconf 89' lang='lat' dir='ltr'>re</span> <span class='ocrx_word' id='word_1_355' title='bbox 764 3021 840 3082; x_wconf 89' lang='lat' dir='ltr'>seria</span> <span class='ocrx_word' id='word_1_356' title='bbox 850 3031 975 3095; x_wconf 80' lang='lat' dir='ltr'>tractat,</span> <span class='ocrx_word' id='word_1_357' title='bbox 994 3032 1025 3080; x_wconf 88' lang='lat' dir='ltr'>et</span> <span class='ocrx_word' id='word_1_358' title='bbox 1045 3039 1119 3100; x_wconf 82' lang='lat' dir='ltr'>quoe</span> <span class='ocrx_word' id='word_1_359' title='bbox 1140 3039 1202 3079; x_wconf 89' lang='lat' dir='ltr'>non</span> 
     </span>
     <span class='ocr_line' id='line_1_41' title="bbox 8 3095 1273 3188; baseline -0.011 -20"><span class='ocrx_word' id='word_1_360' title='bbox 8 3102 15 3136; x_wconf 66' lang='lat'>&#39;⁹&#39;</span> <span class='ocrx_word' id='word_1_361' title='bbox 75 3103 223 3188; x_wconf 84' lang='lat' dir='ltr'>vulgarem</span> <span class='ocrx_word' id='word_1_362' title='bbox 243 3101 438 3161; x_wconf 83' lang='lat' dir='ltr'>attentionem</span> <span class='ocrx_word' id='word_1_363' title='bbox 457 3111 597 3159; x_wconf 86' lang='lat' dir='ltr'>meretur.</span> <span class='ocrx_word' id='word_1_364' title='bbox 642 3097 736 3158; x_wconf 87' lang='lat' dir='ltr'>Simul</span> <span class='ocrx_word' id='word_1_365' title='bbox 760 3109 859 3166; x_wconf 83' lang='lat' dir='ltr'>tamen</span> <span class='ocrx_word' id='word_1_366' title='bbox 879 3096 1033 3171; x_wconf 88' lang='lat' dir='ltr'>admonet,</span> <span class='ocrx_word' id='word_1_367' title='bbox 1052 3095 1201 3178; x_wconf 84' lang='lat' dir='ltr'>mysteria,</span> <span class='ocrx_word' id='word_1_368' title='bbox 1269 3159 1273 3166; x_wconf 23' lang='lat' dir='ltr'>x</span> 
     </span>
    </p>
   </div>
   <div class='ocr_carea' id='block_1_30' title="bbox 12 3171 1231 3262">
    <p class='ocr_par' dir='ltr' id='par_1_30' title="bbox 12 3171 1231 3262">
     <span class='ocr_line' id='line_1_42' title="bbox 12 3171 1231 3262; baseline -0.002 -26"><span class='ocrx_word' id='word_1_369' title='bbox 12 3229 27 3256; x_wconf 19' lang='lat' dir='ltr'>y.</span> <span class='ocrx_word' id='word_1_370' title='bbox 77 3180 239 3262; x_wconf 83' lang='lat' dir='ltr'>dequibus</span> <span class='ocrx_word' id='word_1_371' title='bbox 260 3176 389 3253; x_wconf 87' lang='lat' dir='ltr'>disserit,</span> <span class='ocrx_word' id='word_1_372' title='bbox 409 3174 475 3236; x_wconf 91' lang='lat' dir='ltr'>ideo</span> <span class='ocrx_word' id='word_1_373' title='bbox 494 3178 555 3236; x_wconf 76' lang='lat' dir='ltr'>not</span> <span class='ocrx_word' id='word_1_374' title='bbox 575 3174 611 3235; x_wconf 90' lang='lat' dir='ltr'>ab</span> <span class='ocrx_word' id='word_1_375' title='bbox 633 3175 769 3238; x_wconf 81' lang='lat' dir='ltr'>omnihus</span> <span class='ocrx_word' id='word_1_376' title='bbox 789 3173 871 3256; x_wconf 89' lang='lat' dir='ltr'>capi,</span> <span class='ocrx_word' id='word_1_377' title='bbox 891 3172 972 3253; x_wconf 88' lang='lat' dir='ltr'>quod</span> <span class='ocrx_word' id='word_1_378' title='bbox 991 3171 1077 3233; x_wconf 79' lang='lat' dir='ltr'>multi</span> <span class='ocrx_word' id='word_1_379' title='bbox 1096 3192 1131 3232; x_wconf 91' lang='lat' dir='ltr'>ex</span> <span class='ocrx_word' id='word_1_380' title='bbox 1149 3194 1201 3233; x_wconf 88' lang='lat' dir='ltr'>au·</span> <span class='ocrx_word' id='word_1_381' title='bbox 1229 3193 1231 3197; x_wconf 87' lang='lat'>·</span> 
     </span>
    </p>
   </div>
   <div class='ocr_carea' id='block_1_31' title="bbox 8 3405 959 3558">
    <p class='ocr_par' dir='ltr' id='par_1_31' title="bbox 8 3405 959 3558">
     <span class='ocr_line' id='line_1_43' title="bbox 8 3405 514 3487; baseline -0.018 -14"><span class='ocrx_word' id='word_1_382' title='bbox 8 3462 12 3487; x_wconf 60' lang='lat'>„</span> <span class='ocrx_word' id='word_1_383' title='bbox 77 3409 179 3472; x_wconf 83' lang='lat' dir='ltr'>mutuo</span> <span class='ocrx_word' id='word_1_384' title='bbox 199 3407 359 3482; x_wconf 76' lang='lat' dir='ltr'>retardant,</span> <span class='ocrx_word' id='word_1_385' title='bbox 379 3405 514 3466; x_wconf 79' lang='lat' dir='ltr'>Christus</span> 
     </span>
     <span class='ocr_line' id='line_1_44' title="bbox 8 3479 959 3558; baseline -0.008 -12"><span class='ocrx_word' id='word_1_386' title='bbox 8 3507 11 3546; x_wconf 68' lang='lat'>&lt;</span> <span class='ocrx_word' id='word_1_387' title='bbox 78 3496 362 3558; x_wconf 73' lang='lat' dir='ltr'>rememorantes,</span> <span class='ocrx_word' id='word_1_388' title='bbox 393 3493 426 3544; x_wconf 90' lang='lat' dir='ltr'>ut</span> <span class='ocrx_word' id='word_1_389' title='bbox 450 3483 555 3542; x_wconf 86' lang='lat' dir='ltr'>attenti</span> <span class='ocrx_word' id='word_1_390' title='bbox 573 3481 634 3542; x_wconf 74' lang='lat' dir='ltr'>&#39;sint</span> <span class='ocrx_word' id='word_1_391' title='bbox 653 3480 689 3540; x_wconf 89' lang='lat' dir='ltr'>ad</span> <span class='ocrx_word' id='word_1_392' title='bbox 714 3479 959 3542; x_wconf 81' lang='lat' dir='ltr'>considerandum</span> 
     </span>
    </p>
   </div>
   <div class='ocr_carea' id='block_1_32' title="bbox 76 3248 1203 3540">
    <p class='ocr_par' dir='ltr' id='par_1_32' title="bbox 76 3248 1203 3540">
     <span class='ocr_line' id='line_1_45' title="bbox 76 3248 1203 3343; baseline -0.006 -27"><span class='ocrx_word' id='word_1_393' title='bbox 76 3257 220 3327; x_wconf 80' lang='lat' dir='ltr'>ditorihus</span> <span class='ocrx_word' id='word_1_394' title='bbox 234 3253 314 3315; x_wconf 87' lang='lat' dir='ltr'>surdi</span> <span class='ocrx_word' id='word_1_395' title='bbox 332 3252 401 3328; x_wconf 83' lang='lat' dir='ltr'>sint,</span> <span class='ocrx_word' id='word_1_396' title='bbox 418 3251 465 3313; x_wconf 83' lang='lat' dir='ltr'>vei</span> <span class='ocrx_word' id='word_1_397' title='bbox 483 3251 584 3341; x_wconf 82' lang='lat' dir='ltr'>saitem</span> <span class='ocrx_word' id='word_1_398' title='bbox 597 3248 761 3343; x_wconf 70' lang='lat' dir='ltr'>obstructas</span> <span class='ocrx_word' id='word_1_399' title='bbox 779 3250 906 3343; x_wconf 74' lang='lat' dir='ltr'>habeant</span> <span class='ocrx_word' id='word_1_400' title='bbox 914 3268 1009 3341; x_wconf 73' lang='lat' dir='ltr'>aures.</span> <span class='ocrx_word' id='word_1_401' title='bbox 1046 3249 1108 3340; x_wconf 68' lang='lat' dir='ltr'>Iarn</span> <span class='ocrx_word' id='word_1_402' title='bbox 1121 3270 1203 3341; x_wconf 66' lang='lat' dir='ltr'>vero,</span> 
     </span>
     <span class='ocr_line' id='line_1_46' title="bbox 78 3325 1202 3540; baseline -0.007 -72"><span class='ocrx_word' id='word_1_403' title='bbox 78 3335 145 3418; x_wconf 50' lang='lat'><strong>‘¹¹²³</strong></span> <span class='ocrx_word' id='word_1_404' title='bbox 164 3353 227 3394; x_wconf 77' lang='lat'>&#39;¹⁰¹¹</span> <span class='ocrx_word' id='word_1_405' title='bbox 246 3330 341 3392; x_wconf 62' lang='lat'>‘⁰¹⁰³&#39;</span> <span class='ocrx_word' id='word_1_406' title='bbox 364 3350 415 3388; x_wconf 75' lang='lat'>⁸¹¹²</span> <span class='ocrx_word' id='word_1_407' title='bbox 435 3346 582 3466; x_wconf 57' lang='lat' dir='ltr'>lumbi</span> <span class='ocrx_word' id='word_1_408' title='bbox 602 3325 955 3477; x_wconf 64' lang='lat' dir='ltr'>{iiiitittiitiiiz</span> <span class='ocrx_word' id='word_1_409' title='bbox 975 3326 1202 3540; x_wconf 59' lang='lat' dir='ltr'>{tid&#39;tiiff</span> 
     </span>
    </p>
   </div>
   <div class='ocr_carea' id='block_1_33' title="bbox 1000 3477 1203 3560">
    <p class='ocr_par' dir='ltr' id='par_1_33' title="bbox 1000 3477 1203 3560">
     <span class='ocr_line' id='line_1_47' title="bbox 1000 3477 1203 3560; baseline -0.015 -17"><span class='ocrx_word' id='word_1_410' title='bbox 1000 3501 1036 3543; x_wconf 92' lang='lat' dir='ltr'>oc</span> <span class='ocrx_word' id='word_1_411' title='bbox 1055 3477 1203 3560; x_wconf 71' lang='lat' dir='ltr'>singulare</span> 
     </span>
    </p>
   </div>
   <div class='ocr_carea' id='block_1_34' title="bbox 77 3555 881 3659">
    <p class='ocr_par' dir='ltr' id='par_1_34' title="bbox 77 3555 881 3659">
     <span class='ocr_line' id='line_1_48' title="bbox 77 3555 881 3659; baseline -0.012 -35"><span class='ocrx_word' id='word_1_412' title='bbox 77 3557 136 3630; x_wconf 80' lang='lat' dir='ltr'>liei</span> <span class='ocrx_word' id='word_1_413' title='bbox 155 3573 304 3636; x_wconf 84' lang='lat' dir='ltr'>arcanum,</span> <span class='ocrx_word' id='word_1_414' title='bbox 322 3578 379 3622; x_wconf 90' lang='lat' dir='ltr'>nec</span> <span class='ocrx_word' id='word_1_415' title='bbox 398 3555 610 3622; x_wconf 87' lang='lat' dir='ltr'>obsurdescant</span> <span class='ocrx_word' id='word_1_416' title='bbox 627 3577 697 3659; x_wconf 75' lang='lat' dir='ltr'>curn</span> <span class='ocrx_word' id='word_1_417' title='bbox 713 3555 881 3655; x_wconf 77' lang='lat' dir='ltr'>ineredulis.</span> 
     </span>
    </p>
   </div>
   <div class='ocr_carea' id='block_1_35' title="bbox 8 3787 1379 4394">
    <p class='ocr_par' dir='ltr' id='par_1_35' title="bbox 8 3787 1379 4394">
     <span class='ocr_line' id='line_1_49' title="bbox 8 3787 1203 3888; baseline -0.012 -16"><span class='ocrx_word' id='word_1_418' title='bbox 8 3787 10 3824; x_wconf 58' lang='lat'><em>³</em></span> <span class='ocrx_word' id='word_1_419' title='bbox 118 3801 200 3888; x_wconf 79' lang='lat'>(93.)</span> <span class='ocrx_word' id='word_1_420' title='bbox 241 3799 412 3866; x_wconf 83' lang='grc' dir='ltr'><strong>ΜΑΤΤΗ.</strong></span> <span class='ocrx_word' id='word_1_421' title='bbox 429 3799 482 3866; x_wconf 87' lang='lat' dir='ltr'>XI.</span> <span class='ocrx_word' id='word_1_422' title='bbox 525 3793 574 3861; x_wconf 84' lang='lat'>16.</span> <span class='ocrx_word' id='word_1_423' title='bbox 596 3791 663 3861; x_wconf 88' lang='lat' dir='ltr'>Sed</span> <span class='ocrx_word' id='word_1_424' title='bbox 685 3799 738 3861; x_wconf 88' lang='lat' dir='ltr'>oui</span> <span class='ocrx_word' id='word_1_425' title='bbox 760 3789 942 3862; x_wconf 77' lang='lat' dir='ltr'>assimilabo</span> <span class='ocrx_word' id='word_1_426' title='bbox 963 3793 1203 3886; x_wconf 71' lang='lat' dir='ltr'>generationem</span> 
     </span>
     <span class='ocr_line' id='line_1_50' title="bbox 8 3889 1379 3984; baseline -0.014 -9"><span class='ocrx_word' id='word_1_427' title='bbox 8 3971 9 3976; x_wconf 74' lang='grc'>,</span> <span class='ocrx_word' id='word_1_428' title='bbox 79 3905 180 3972; x_wconf 80' lang='lat' dir='ltr'>hano?</span> <span class='ocrx_word' id='word_1_429' title='bbox 222 3895 341 3970; x_wconf 89' lang='lat' dir='ltr'>Similis</span> <span class='ocrx_word' id='word_1_430' title='bbox 362 3908 411 3967; x_wconf 84' lang='lat' dir='ltr'>est</span> <span class='ocrx_word' id='word_1_431' title='bbox 434 3889 558 3984; x_wconf 86' lang='lat' dir='ltr'>pueris,</span> <span class='ocrx_word' id='word_1_432' title='bbox 585 3900 642 3983; x_wconf 92' lang='lat' dir='ltr'>qui</span> <span class='ocrx_word' id='word_1_433' title='bbox 667 3896 784 3964; x_wconf 88' lang='lat' dir='ltr'>sedent</span> <span class='ocrx_word' id='word_1_434' title='bbox 804 3896 838 3969; x_wconf 84' lang='lat' dir='ltr'>in</span> <span class='ocrx_word' id='word_1_435' title='bbox 862 3895 951 3972; x_wconf 83' lang='lat' dir='ltr'>foro,</span> <span class='ocrx_word' id='word_1_436' title='bbox 973 3903 1006 3958; x_wconf 92' lang='lat' dir='ltr'>et</span> <span class='ocrx_word' id='word_1_437' title='bbox 1028 3893 1204 3961; x_wconf 79' lang='lat' dir='ltr'>acclament</span> <span class='ocrx_word' id='word_1_438' title='bbox 1260 3905 1270 3924; x_wconf 73' lang='lat'>⁸</span> <span class='ocrx_word' id='word_1_439' title='bbox 1378 3889 1379 3896; x_wconf 65' lang='lat'><em>&#39;</em></span> 
     </span>
     <span class='ocr_line' id='line_1_51' title="bbox 8 3992 1204 4090; baseline -0.012 -19"><span class='ocrx_word' id='word_1_440' title='bbox 8 4021 9 4026; x_wconf 74' lang='grc'>’</span> <span class='ocrx_word' id='word_1_441' title='bbox 79 4002 245 4072; x_wconf 78' lang='lat' dir='ltr'>sodalibus</span> <span class='ocrx_word' id='word_1_442' title='bbox 263 4003 340 4090; x_wconf 85' lang='lat' dir='ltr'>¹suis,</span> <span class='ocrx_word' id='word_1_443' title='bbox 382 3998 431 4066; x_wconf 85' lang='lat'>17.</span> <span class='ocrx_word' id='word_1_444' title='bbox 451 3997 632 4079; x_wconf 74' lang='lat' dir='ltr'>Aodiount,</span> <span class='ocrx_word' id='word_1_445' title='bbox 652 3995 751 4072; x_wconf 80' lang='lat' dir='ltr'>&#39;libia</span> <span class='ocrx_word' id='word_1_446' title='bbox 771 4000 945 4064; x_wconf 82' lang='lat' dir='ltr'>cecinimus</span> <span class='ocrx_word' id='word_1_447' title='bbox 955 3992 1061 4076; x_wconf 84' lang='lat' dir='ltr'>vobis,</span> <span class='ocrx_word' id='word_1_448' title='bbox 1083 4005 1115 4059; x_wconf 88' lang='lat' dir='ltr'>et</span> <span class='ocrx_word' id='word_1_449' title='bbox 1135 4013 1204 4058; x_wconf 94' lang='lat' dir='ltr'>non</span> 
     </span>
     <span class='ocr_line' id='line_1_52' title="bbox 8 4091 1206 4189; baseline -0.017 -14"><span class='ocrx_word' id='word_1_450' title='bbox 8 4115 10 4188; x_wconf 68' lang='grc' dir='ltr'>ᾖ</span> <span class='ocrx_word' id='word_1_451' title='bbox 80 4103 230 4174; x_wconf 75' lang='lat' dir='ltr'>saltastis:</span> <span class='ocrx_word' id='word_1_452' title='bbox 250 4099 400 4189; x_wconf 82' lang='lat' dir='ltr'>lugubria</span> <span class='ocrx_word' id='word_1_453' title='bbox 423 4101 595 4166; x_wconf 85' lang='lat' dir='ltr'>cecinimus</span> <span class='ocrx_word' id='word_1_454' title='bbox 606 4095 710 4178; x_wconf 82' lang='lat' dir='ltr'>vohis,</span> <span class='ocrx_word' id='word_1_455' title='bbox 729 4108 763 4164; x_wconf 89' lang='lat' dir='ltr'>et</span> <span class='ocrx_word' id='word_1_456' title='bbox 778 4095 846 4166; x_wconf 84' lang='lat' dir='ltr'>nori</span> <span class='ocrx_word' id='word_1_457' title='bbox 862 4095 1041 4184; x_wconf 83' lang='lat' dir='ltr'>planxistis.</span> <span class='ocrx_word' id='word_1_458' title='bbox 1077 4091 1206 4160; x_wconf 78' lang='lat' dir='ltr'>teve.</span> 
     </span>
     <span class='ocr_line' id='line_1_53' title="bbox 8 4187 1208 4298; baseline -0.007 -28"><span class='ocrx_word' id='word_1_459' title='bbox 8 4195 10 4270; x_wconf 66' lang='grc' dir='ltr'>ζ</span> <span class='ocrx_word' id='word_1_460' title='bbox 82 4209 128 4274; x_wconf 88' lang='lat' dir='ltr'>nit</span> <span class='ocrx_word' id='word_1_461' title='bbox 143 4197 229 4272; x_wconf 78' lang='lat' dir='ltr'>enim</span> <span class='ocrx_word' id='word_1_462' title='bbox 241 4205 388 4279; x_wconf 84' lang='lat' dir='ltr'>loannes,</span> <span class='ocrx_word' id='word_1_463' title='bbox 408 4187 591 4280; x_wconf 81' lang='lat' dir='ltr'>neoedohe,</span> <span class='ocrx_word' id='word_1_464' title='bbox 611 4196 813 4278; x_wconf 85' lang='lat' dir='ltr'>nechibeno,</span> <span class='ocrx_word' id='word_1_465' title='bbox 829 4208 862 4263; x_wconf 89' lang='lat' dir='ltr'>et</span> <span class='ocrx_word' id='word_1_466' title='bbox 874 4199 972 4276; x_wconf 85' lang='lat' dir='ltr'>aiunt,</span> <span class='ocrx_word' id='word_1_467' title='bbox 992 4196 1208 4298; x_wconf 67' lang='lat' dir='ltr'>Daemonium</span> 
     </span>
     <span class='ocr_line' id='line_1_54' title="bbox 8 4287 1212 4394; baseline -0.01 -22"><span class='ocrx_word' id='word_1_468' title='bbox 8 4323 9 4338; x_wconf 62' lang='lat'>¹</span> <span class='ocrx_word' id='word_1_469' title='bbox 86 4303 188 4394; x_wconf 85' lang='lat' dir='ltr'>habet.</span> <span class='ocrx_word' id='word_1_470' title='bbox 230 4287 401 4370; x_wconf 73' lang='lat' dir='ltr'>ie&#39;vmit</span> <span class='ocrx_word' id='word_1_471' title='bbox 423 4299 526 4376; x_wconf 79' lang='lat' dir='ltr'>Filius</span> <span class='ocrx_word' id='word_1_472' title='bbox 539 4299 686 4371; x_wconf 82' lang='lat' dir='ltr'>hominio</span> <span class='ocrx_word' id='word_1_473' title='bbox 706 4297 809 4368; x_wconf 81' lang='lat' dir='ltr'>edere</span> <span class='ocrx_word' id='word_1_474' title='bbox 829 4319 869 4364; x_wconf 81' lang='lat' dir='ltr'>oe</span> <span class='ocrx_word' id='word_1_475' title='bbox 888 4295 1015 4379; x_wconf 85' lang='lat' dir='ltr'>bibens,</span> <span class='ocrx_word' id='word_1_476' title='bbox 1037 4307 1075 4364; x_wconf 86' lang='lat' dir='ltr'>et</span> <span class='ocrx_word' id='word_1_477' title='bbox 1090 4294 1212 4372; x_wconf 78' lang='lat' dir='ltr'>dieunt.</span> 
     </span>
    </p>
   </div>
   <div class='ocr_carea' id='block_1_36' title="bbox 103 4509 111 4556">
    <p class='ocr_par' dir='ltr' id='par_1_36' title="bbox 103 4509 111 4556">
     <span class='ocr_line' id='line_1_55' title="bbox 103 4509 111 4556; baseline 0 0"><span class='ocrx_word' id='word_1_478' title='bbox 103 4509 111 4556; x_wconf 86' lang='lat' dir='ltr'>l</span> 
     </span>
    </p>
   </div>
   <div class='ocr_carea' id='block_1_37' title="bbox 0 0 1402 4742">
    <p class='ocr_par' dir='ltr' id='par_1_37' title="bbox 0 0 1402 4742">
     <span class='ocr_line' id='line_1_56' title="bbox 0 0 1402 4742; baseline 0 0"><span class='ocrx_word' id='word_1_479' title='bbox 0 0 1402 4742; x_wconf 95' lang='lat' dir='ltr'> </span> 
     </span>
    </p>
   </div>
   <div class='ocr_carea' id='block_1_38' title="bbox 451 804 1317 886">
    <p class='ocr_par' dir='ltr' id='par_1_38' title="bbox 451 804 1317 886">
     <span class='ocr_line' id='line_1_57' title="bbox 451 804 1317 886; baseline 0.01 -23"><span class='ocrx_word' id='word_1_480' title='bbox 451 805 526 864; x_wconf 78' lang='lat' dir='ltr'>osiae</span> <span class='ocrx_word' id='word_1_481' title='bbox 546 805 739 867; x_wconf 87' lang='lat' dir='ltr'>renovatione</span> <span class='ocrx_word' id='word_1_482' title='bbox 764 804 982 886; x_wconf 58' lang='lat' dir='ltr'>predixerant,</span> <span class='ocrx_word' id='word_1_483' title='bbox 1007 805 1063 866; x_wconf 88' lang='lat' dir='ltr'>iam</span> <span class='ocrx_word' id='word_1_484' title='bbox 1082 807 1202 872; x_wconf 88' lang='lat' dir='ltr'>Ioannis</span> <span class='ocrx_word' id='word_1_485' title='bbox 1247 829 1274 876; x_wconf 79' lang='grc'>·,</span> <span class='ocrx_word' id='word_1_486' title='bbox 1304 869 1317 884; x_wconf 81' lang='grc'><em>,</em></span> 
     </span>
    </p>
   </div>
  </div>
 </body>
</html>
