2824 4756
221 288 261 352 14
404 272 557 339 SECTIO
576 273 617 336 11.
654 271 793 338 Ioannis
811 275 998 340 Barrrsrau
1016 229 1193 344 narinus.-
1236 299 1240 309 ¹

224 437 322 512 gatam
342 442 405 484 esse
422 419 527 494 iidem,
550 429 639 500 atque
661 418 704 484 lta
721 418 880 482 Zachariae
898 421 1072 504 exprobrat,
1097 422 1177 502 quod
1201 421 1234 484 in
1251 421 1352 487 Deum

225 499 455 566 contumeliosus
474 496 573 557 luerit
609 496 722 557 Asara
738 519 838 558 comm
855 497 923 558 Deo
964 499 1065 560 erinde
1080 499 1158 564 valet
1176 521 1210 560 ac
1230 514 1350 581 praesto

224 599 289 641 esse
307 577 344 638 ad
365 575 553 656 obsequium,
578 574 638 634 acsi
657 573 786 650 diceret,
803 594 834 636 se
854 595 916 636 non
935 520 1084 638 dominem
1105 595 1167 638 esse
1184 577 1351 656 mortalem,

224 655 276 719 ned
295 653 454 716 coelestem
473 650 623 731 spiritum,
641 662 828 712 nec·temere
845 651 1011 728 advolasse,
1036 653 1086 713 sed
1106 663 1140 713 ut
1159 653 1244 714 decet
1261 655 1351 714 mini-

224 743 317 795 strum
341 728 416 801 Dei,
446 727 572 787 fideliter
596 725 765 788 defunctum
791 747 853 789 esse
877 748 930 789 suo
956 729 1078 800 officina,
1104 729 1183 790 unde
1208 725 1350 810 seq'uitur,

223 809 323 870 Deum
333 804 536 886 promissionis
555 815 703 864 auctorem
721 803 754 863 in
774 805 963 884 personatui
983 805 1079 866 nuntii
1097 805 1220 889 indigne
1239 807 1350 869 laesum

224 897 256 947 ct
280 893 482 946 contemtum
510 899 580 940 esse.
623 879 738 940 Eodem
760 880 857 942 tendit
879 881 929 942 illa
953 881 1064 946 Christi
1086 884 1233 943 sententia
1262 885 1350 964 (Luc.

224 959 369 1037 1o‚16.),
391 903 452 1032 ὃιιί
470 975 523 1017 ros
542 979 554 1016 s
578 956 668 1033 ernit,
687 976 735 1016 rnc
754 957 877 1036 spernit,
897 971 954 1020 etc.
993 959 1170 1040 Quanquam
1190 962 1267 1019 enirn
1287 982 1349 1021 non

225 1059 244 1099 e
263 1036 349 1102 coelo
375 1037 411 1094 acl
436 1054 490 1094 nos
516 975 648 1092 delertnr
666 1032 818 1116 Evangelii
837 1033 1016 1114 praedicatio
1037 1055 1092 1116 per
1109 1035 1258 1118 Angelos,
1282 1037 1350 1116 qnia

222 1125 323 1176 manen
355 1131 417 1171 eam
449 1129 466 1169 a
496 1129 528 1169 se
552 1107 716 1190 prolectam
741 1121 788 1171 tot
811 1112 956 1173 miraculis
981 1123 1102 1173 testatus
1127 1125 1171 1172 est
1189 1112 1286 1188 Deus,
1319 1125 1349 1175 et

164 1191 172 1209 ⁸
223 1191 370 1262 Christus,
388 1187 525 1269 princeps
536 1185 720 1268 Angelorum
739 1207 773 1247 ac
792 1199 891 1272 caput,
912 1209 974 1249 earn
994 1188 1085 1272 semel
1104 1209 1157 1251 ore
1177 1211 1230 1250 suo
1250 1188 1349 1271 publi-

223 1267 316 1339 cavit,
346 1275 380 1324 ut
407 1263 438 1322 in
464 1274 638 1356 perpetuum
664 1263 805 1339 sanciret,
835 1285 896 1326 nou
921 1265 1019 1326 minor
1043 1264 1086 1324 illi
1107 1278 1240 1327 constare
1261 1265 1350 1326 debet

140 1393 143 1399 ,
222 1345 371 1415 maiestas,
401 1360 486 1419 quam
511 1362 536 1401 sr
565 1351 655 1400 testes
685 1338 809 1401 haberet
833 1361 935 1402 omnes
954 1342 1000 1401 An
1025 1341 1086 1411 clos
1111 1343 1207 1424 palam
1226 1363 1243 1402 e
1263 1342 1348 1402 coelo

222 1421 390 1503 clamantes.
427 1415 493 1477 lmo
511 1415 673 1498 Apostolus
691 1416 723 1475 in
741 1415 873 1497 Epistola
896 1418 980 1480 adli
1023 1439 1105 1490 raeos
1130 1438 1233 1481 uocem
1253 1419 1349 1480 Evan-

222 1497 310 1582 gelii,
341 1492 472 1575 quaein
497 1514 550 1554 ore
575 1491 727 1553 hominum
752 1507 906 1575 personat,
940 1495 1015 1578 Legi
1040 1511 1094 1576 per
1117 1494 1248 1578 Angelos
1274 1495 1348 1556 latae

222 1591 349 1654 aequare
377 1590 440 1630 nnn
469 1581 627 1632 contentus
656 1581 861 1653 argumentum
886 1593 902 1632 a
922 1573 1029 1632 minori
1048 1572 1084 1632 ad
1103 1572 1194 1632 maius
1215 1572 1347 1633 deducit:

224 1649 257 1711 Si
277 1668 391 1722 sermo,
418 1646 532 1726 inquit,
564 1667 619 1728 per
641 1646 775 1729 Angelos
794 1645 896 1709 allatus
915 1670 977 1710 non
997 1649 1118 1729 impupc
1136 1649 1263 1708 reiectus
1284 1648 1349 1724 luit,

143 1719 152 1742 ²
221 1723 316 1788 multo
335 1726 438 1784 minus'
448 1724 605 1785 vindictam
626 1721 788 1805 ellugient,
813 1724 863 1804 qui
888 1736 1031 1805 spernunt
1057 1724 1145 1785 hodie
1166 1725 1276 1786 Christi
1294 1746 1348 1786 ro-

222 1803 396 1876 cem-cuius
416 1813 461 1862 est
479 1800 595 1861 coelum
616 1811 647 1859 et
664 1811 772 1860 terram
791 1813 951 1861 concutere
960 1800 1078 1936 [ptem.
1088 1803 1194 1876 18,28
1213 1808 1263 1878 12,
1275 1809 1348 1893 pr

221 1877 373 1940 Discamus
394 1896 467 1972 ergo
487 1877 556 1938 hdei
575 1876 775 1936 obedientiam
793 1891 941 1957 praestare
992 1897 1046 1952 eo,
1085 1899 1150 1938 uam
1170 1877 1259 1958 pluris
1279 1878 1349 1938 laert

222 1954 360 2018 omnibns
371 1955 503 2015 victimis.
545 1951 668 2012 Gabriel
683 1965 771 2014 sonat
785 1953 889 2030 robur,
908 1899 1182 2030 autlortitddinem,
1200 1952 1247 2014 vel
1267 1955 1348 2036 prin-

174 2125 177 2132 *
222 2028 955 2186 lttlttltlrtsttffi,lttlltltttff
974 2029 1348 2168 ltttllllldltfflat‘

221 2185 293 2267 quid
314 2183 425 2245 habent
442 2127 566 2246 virtulis.
642 2183 724 2244 artici
747 2182 807 2242 ium
825 2126 987 2259 nipssp’alic
1006 2184 1147 2264 temporis
1168 2129 1285 2274 quidedi
1304 2196 1348 2245 est

220 2261 385 2346 praeteriti,
404 2261 457 2322 scd
475 2261 507 2332 in
519 2258 660 2320 eiusmodi
671 2203 745 2321 veri

220 2339 383 2422 praesentis
409 2338 494 2412 loco,
520 2337 691 2418 praesertim
716 2337 769 2398 ubi
795 2347 875 2396 actus
901 2335 1058 2396 continuus
1083 2349 1210 2396 notatur.
1249 2336 1345 2398 Porro

223 2417 271 2478 An

295 2416 372 2489 elus,
403 2428 438 2476 ut
461 2425 558 2506 nuper
582 2413 691 2474 dictum
712 2425 769 2487 est,
799 2414 974 2506 perpetuum
993 2433 1024 2473 se
1043 2412 1102 2482 Dei
1121 2401 1283 2473 minist'rum
1302 2412 1347 2474 his

219 2435 318 2555 veihis
343 2513 406 2554 esse
431 2503 541 2553 assent
583 2489 811 2630 Evangelizandr
830 2488 952 2552 verbum
978 2490 1088 2554 crimen
1109 2489 1265 2550 Zachariae
1284 2512 1346 2551 am-

218 2570 346 2664 plificat,
377 2569 458 2649 qnod
477 2568 545 2652 Deo
577 2587 640 2629 rem

302 2657 315 2706 t
367 2647 384 2705 s
436 2645 467 2704 ‘t.
607 2644 613 2682 Ι
681 2580 775 2630 aetam
806 2577 837 2628 et
860 2565 1022 2660 optabilem
1046 2565 1175 2650 benigne
1194 2565 1346 2648 pollicenti

216 2667 301 2729 angra
317 2668 349 2706 ns
382 2666 444 2704 uera
499 2663 503 2675 ¹

745 2260 767 2320 is
788 2259 856 2319 satis
876 2271 981 2320 notum
1001 2271 1046 2321 est
1064 2271 1253 2340 praetentum
1273 2261 1347 2321 sumi
1394 2295 1395 2322 s

1390 2069 1395 2294 l

1390 2539 1394 2726 l

295 2727 343 2785 20.
381 2721 422 2778 Er
444 2739 507 2779 cccc
528 2722 587 2780 eris
603 2721 715 2780 maim.
766 2717 869 2780 Genus
893 2718 951 2813 hoc
975 2739 1091 2811 poenae
1115 2731 1345 2780 consentaneum
1392 2731 1393 2764 ³

218 2797 278 2868 [uit
296 2795 455 2857 Zachariae
473 2795 586 2886 infligi,
614 2808 649 2856 ut
671 2807 774 2887 ¹mutus
801 2795 1003 2875 promissionis
1028 2807 1164 2857 eventum
1187 2807 1345 2877 exspectet,

219 2871 722 3029 ‘liiii'asllllail‘iii's‘lll‘l
747 2871 1090 3025 lrtltlhtlt‘ttf'tt
1105 2887 1169 3010 rili
1182 2893 1346 3010 ,tt'tttff

250 3026 359 3088 entiam
378 3025 474 3086 faciat.
512 3023 630 3084 Deinde
648 3045 712 3085 suas
732 3044 791 3105 quo
814 3043 851 3084 ue
872 3024 960 3086 habet
978 3025 1120 3106 loquendi
1139 3027 1226 3101 vices,
1245 3038 1278 3085 ut
1296 3048 1344 3086 re-

217 3102 373 3184 spondeat,
391 3102 499 3177 Amen,
518 3101 678 3194 secundum
697 3099 772 3192 illud
790 3045 877 3192 illos.
893 3107 923 3174 2,
941 3103 1015 3180 22),
1034 3101 1139 3163 Dicam
1157 3101 1225 3178 illis,
1242 3101 1344 3182 Popu-

154 3213 157 3222 ·
218 3179 263 3239 lus
281 3199 363 3240 meus
388 3199 455 3240 vos:
481 3189 512 3238 et
534 3199 591 3258 rpsr
615 3177 714 3239 dicent
732 3177 822 3255 maha,
845 3177 895 3237 Tu
909 3176 995 3239 Deus
1018 3191 1129 3240 noster.
1173 3179 1251 3254 Quia
1271 3199 1345 3240 vero

215 3254 277 3316 Dei
295 3255 388 3317 verbo
412 3267 524 3316 temere
552 3253 733 3335 obloquatus
758 3265 822 3316 crat
840 3254 1010 3329 Zacharias,
1030 3255 1100 3316 baec
1120 3255 1149 3316 ci
1168 3255 1262 3339 gratia
1283 3277 1344 3316 non
1391 3269 1392 3276 ³

217 3333 407 3409 conceditur,
435 3344 467 3393 ut
499 3332 595 3394 statim
620 3341 794 3414 prorumpat
815 3330 847 3392 in
871 3331 1028 3414 gratiarum
1049 3332 1211 3410 actionem,
1232 3332 1282 3393 sed
1303 3332 1345 3391 illi

216 3407 253 3470 ad
272 3419 387 3491 tempus
411 3407 534 3489 eripitur
552 3409 670 3491 linguae
689 3427 873 3504 usus,·quae
899 3408 1020 3469 nimium
1039 3408 1235 3470 festinaverat.
1274 3407 1344 3475 Cle-

124 3541 125 3546 ,
217 3497 333 3546 menter
360 3498 459 3546 tamen
483 3486 564 3547 Deus
588 3507 721 3623 poenam
751 3497 813 3547 matr
835 3496 873 3545 at.
922 3483 1077 3559 Primum,
1094 3485 1167 3622 puia
1197 3505 1260 3546 eam
1292 3485 1344 3544 de·
1390 3527 1391 3534 κ

218 3581 281 3622 cem
307 3561 456 3623 mensibus
481 3561 560 3624 finit:
608 3564 711 3640 einde,
736 3563 804 3643 quia
854 3561 997 3623 achariam
1018 3561 1093 3622 bene
1115 3552 1177 3638 cio,
1210 3581 1270 3642 quo
1295 3561 1344 3620 in-

218 3638 322 3776 dignus
354 3649 431 3714 erat,
460 3640 568 3732 privari
582 3650 697 3720 ,tamen
727 3659 789 3700 non
821 3639 939 3721 patitur.
992 3630 1101 3699 Eadem
1132 3637 1266 3720 quotidie
1296 3637 1342 3696 in·
1390 3653 1391 3656 ’

217 3715 366 3798 dugentia
403 3716 557 3777 nobiscum
594 3718 668 3798 agit:
708 3737 776 3776 nam
811 3728 845 3777 nt
877 3725 1001 3796 angusta
1042 3728 1086 3776 est
1122 3727 1222 3776 nostra
1261 3713 1344 3788 tides,

210 3803 247 3852 et
271 3812 325 3853 nos
349 3791 441 3851 multa
464 3793 673 3873 impedimenta
698 3791 865 3868 obiicimus,
888 3791 1038 3857 veritatem
1066 3789 1124 3853 Dei
1154 3810 1274 3852 necesse
1301 3801 1345 3852 est

215 3868 435 3962 quodammodo
466 3870 494 3929 vi
525 3889 734 3950 perrumpere,
773 3881 806 3930 nt
838 3887 953 3929 cursum
969 3866 1052 3950 ‘erga
1083 3890 1138 3930 nos
1167 3890 1250 3929 snum
1270 3888 1343 3928 con-

214 3957 319 4006 tinuet.
367 3945 402 4004 ld
438 3945 585 4038 sibi·‚vult
614 3945 762 4038 Angelus,
798 3966 902 4039 quum·
920 3943 1075 4006 Zachariae
1108 3945 1343 4038 incredulitatem

163 4119 169 4135 ·
212 4021 1175 4181 stilibi!{tttlsslititsatietate*tlultlsltf
1194 4042 1256 4158 :¹33¹
1270 4041 1344 4158 tta

214 4192 277 4233 uon
302 4193 366 4236 esse
392 4176 565 4238 exinanitam
587 4175 647 4235 Dei
671 4176 776 4251 fidem,
807 4177 877 4256 quin
901 4175 1036 4264 superior
1059 4175 1176 4236 demum
1201 4187 1343 4256 emergat

213 4246 263 4307 Fit
287 4252 405 4329 quidum
424 4253 590 4330 interdum,
622 4265 656 4312 ut
683 4263 813 4333 praestet
830 4251 975 4313 Dominus
1000 4265 1088 4333 atque
1113 4249 1235 4332 impleat
1260 4251 1344 4330 quod

213 4321 371 4388 incredulis
390 4330 541 4410 promisit,
565 4330 748 4412 quantumvis
768 4327 919 4390 obsistant
935 4353 945 4362 ·
963 4327 1054 4389 Cuius
1079 4328 1123 4388 rei
1148 4328 1344 4388 memorabile

211 4397 350 4466 babemus
374 4407 537 4486 exemplum
557 4407 587 4468 in
606 4425 678 4492 rege
696 4405 807 4482 Achae,
826 4405 893 4484 qui,
913 4425 1002 4485 quum
1022 4407 1190 4486 promissam
1216 4404 1342 4466 salntem
