2808 4748
490 264 620 327 Omrro
641 277 678 326 nr
696 275 819 326 monae.
1057 289 1060 298 =
1156 271 1214 336 157

36 406 39 417 ’
89 417 208 490 thaeus,
233 411 360 476 dandum
381 427 443 472 esse
461 408 581 490 pallium
600 409 729 470 tunicam
748 408 908 484 auferenti,
924 410 1074 493 significat·
1091 425 1214 495 accepta

86 494 200 558 minori
218 487 328 552 iactura
346 487 454 548 debere
472 507 528 546 nos
548 486 585 546 ad
610 485 763 546 ferendum
788 487 901 568 gravius
921 486 1057 559 damnum
1076 509 1138 553 esse
1157 511 1213 554 vo.

86 571 243 633 luntarios.
291 566 412 630 Dictum
442 581 513 624 vcro
537 562 636 624 Lucae
664 583 731 624 curn
759 563 853 628 reteri
882 565 1039 642 proverbio
1063 572 1213 648 convenit,

88 643 313 726 Tunicapallio
333 640 464 724 propior.
743 642 746 650 '

166 723 237 788 Luc.
260 720 308 784 att.
355 717 442 778 Omna·
463 728 558 775 onim
580 716 709 790 exigeret
723 712 782 774 nde
805 726 842 774 te.
885 713 996 778 Eadem
1015 717 1108 780 ‘rerba
1133 722 1211 803 apud

86 797 270 860 Matthaeum
289 795 448 868 habentur,
472 804 505 852 ut
524 791 611 872 paolo
631 802 700 872 post
717 784 895 852 videbimus:
920 811 988 852 narn
1014 811 1050 851 ex
1073 810 1212 860 contextu

111 887 258 954 comptum
276 871 481 952 esteolligcre,
499 869 610 930 Lucam
629 888 692 928 non
712 867 749 926 de
769 867 906 959 precibus
925 867 973 954 hic
993 866 1086 962 loqui,
1105 875 1217 950 quibus,

85 898 237 1034 flagitatur
256 945 475 1024 auxilium-sed
495 945 532 1004 de
550 943 666 1021 litibus,
685 965 754 1022 quas
773 943 903 1025 improbi
921 944 958 1004 ad
978 945 1117 1025 rapienda
1137 949 1212 1014 alios

85 1049 154 1094 rum
174 1027 252 1088 bona
271 1026 427 1098 intentant.
465 1021 513 1082 Ne
530 1041 675 1096 reposcos,
695 1022 725 1080 in
748 1021 807 1096 uit,
827 1019 864 1082 ab
882 1041 933 1098 eo,
953 1024 1003 1100 quai
1020 1023 1122 1104 rursm
1139 1025 1213 1105 quain

83 1117 139 1169 teta
163 1118 237 1164 euru.
289 1103 466 1180 Quanquam
490 1099 515 1158 si
542 1096 605 1176 quis
628 1097 711 1158 malit
728 1041 806 1158 baec
831 1097 890 1157 duo
918 1097 1050 1158 membra
1080 1119 1213 1165 seorsum

84 1181 199 1263 legere,
218 1181 280 1241 no'n
300 1195 450 1259 repugno:
475 1175 515 1234 ita
539 1172 701 1236 exhortatio
727 1173 783 1234 erit
807 1173 843 1233 ad
868 1173 1012 1257 largiendi
1035 1173 1218 1244 facilitatem

86 1258 182 1333 Quod
201 1256 238 1318 ad
257 1254 417 1319 secundnm
436 1248 601 1312 membrum
618 1259 742 1331 spectat,
760 1249 812 1310 ubi
832 1249 965 1314 Christus
985 1271 1142 1346 reposcere
1160 1273 1214 1316 ve-

85 1346 146 1410 tat,
166 1353 241 1414 quae
261 1331 368 1392 iniusta
394 1328 490 1398 ablata
513 1335 598 1400 sunt,
622 1325 729 1404 prioris
753 1324 906 1397 doctrinae
929 1325 1051 1388 indubie
1070 1333 1214 1410 expositio

86 1423 143 1486 est,
161 1431 225 1470 non
244 1427 340 1490 aegre,
351 1405 463 1465 scilicet
481 1402 629 1470 bonorum
647 1401 787 1463 iacturam
805 1402 956 1470 ferendam
976 1422 1047 1470 esse.
1086 1407 1148 1468 Sed
1165 1420 1214 1472 te,

5 1499 6 1506 ’
84 1485 220 1548 nendum
244 1481 393 1563 estquod
424 1499 520 1572 nuper
542 1477 695 1551 admonui,
729 1497 792 1538 non
817 1478 976 1558 sophistice
998 1483 1133 1564 urgenda
1150 1504 1214 1554 esse

83 1561 194 1637 verba,
220 1558 304 1652 quasi
323 1558 372 1641 pio
391 1555 505 1617 bomrni
523 1575 593 1614 non·
605 1554 692 1616 liceat
710 1552 791 1634 quod
810 1575 894 1613 suum
914 1566 959 1619 est
976 1575 1165 1638 recuperare,
1187 1563 1214 1624 ai

86 1640 209 1723 quando
229 1637 273 1697 rlli
291 1636 399 1701 iustum
419 1631 581 1694 remedium
600 1631 736 1698 tirinirus
756 1628 888 1692 oblatum
907 1630 1077 1708 lueritsed
1095 1647 1213 1702 tantum

84 1716 176 1779 nobis
196 1713 354 1808 praescribi
373 1709 533 1793 patientiae
547 1707 664 1791 legem,
682 1727 722 1767 ne
740 1705 850 1768 amissis
868 1707 994 1768 fortunis
1012 1722 1215 1804 torqueamur,

83 1793 140 1884 seq
161 1791 252 1871 quieti
265 1801 471 1870 exspectemus,
490 1785 560 1848 dum
578 1785 723 1851 rationem
743 1805 760 1848 a
778 1783 1132 1866 praedonibusDommns
1150 1792 1215 1874 ipae

85 1880 195 1954 erigat·
626 1909 629 1918 ·
701 1941 706 1954 ,
1036 1902 1040 1914 ‹
1146 1927 1149 1932 Α
1206 1905 1209 1914 ·

127 2025 210 2106 (50.)
251 1973 422 2090 mareu.
441 2000 484 2087 v.
513 2022 576 2088 aa.
606 2022 735 2088 recena
761 2018 819 2088 aas
844 2031 876 2087 te
903 2019 995 2092 aaa:
1023 2031 1056 2090 et
1082 2027 1215 2113 rupen.
1310 2037 1325 2056 ·

84 2135 163 2206 tem,
182 2134 327 2191 mutuum
348 2123 461 2188 abste
484 2124 641 2206 accipere,
661 2141 704 2186 ne
725 2125 892 2188 averseris

170 2253 274 2342 LUC.
295 2257 349 2321 Vl.
389 2255 440 2321 34.
469 2253 505 2318 Si
524 2252 859 2334 mutuumdederitis,
888 2258 1050 2344 aquibus
1077 2265 1214 2348 speratis

6 2363 7 2366 ’
83 2381 146 2424 vos
173 2367 380 2442 recepturos,
410 2375 494 2442 quae
523 2355 623 2439 gratia
653 2355 714 2416 erit
738 2353 853 2420 vobis?
875 2359 950 2419 nam
973 2367 1005 2421 et
1026 2372 1215 2442 peccatores

6 2485 11 2520 ι
84 2441 315 2546 peccatoribus
349 2454 428 2518 dant
456 2462 614 2529 mutuum,
644 2462 681 2516 ut
711 2457 869 2539 recipiant
898 2459 1001 2539 paria.
1056 2459 1108 2523 35.
1140 2461 1215 2523 Mu-

80 2570 175 2627 tuum
197 2556 281 2636 date,
302 2553 384 2622 nihil
403 2553 481 2618 inde
501 2562 679 2642 sperantes,
700 2563 733 2618 et
754 2556 814 2618 erit
834 2573 957 2619 merces
977 2565 1085 2620 vestra
1105 2558 1213 2644 multa.

161 2715 267 2778 Matth.
285 2718 334 2778 42.
370 2713 483 2772 Petenti
504 2708 605 2772 amate
626 2708 703 2772 doto.
748 2710 880 2774 Tametsi
902 2712 945 2774 ita
968 2724 1076 2776 sonant
1103 2709 1233 2778 Christi

84 2790 185 2869 verb‘a,
226 2811 280 2852 uae
299 2787 468 2851 referuntur
487 2808 503 2848 a
522 2787 690 2866 blatthaeo,
714 2788 773 2848 acsi
793 2787 910 2850 iuberet
928 2791 991 2851 sine
1011 2791 1128 2852 delectu
1147 2796 1215 2875 qui-

83 2870 182 2932 busvis
203 2814 286 2945 dare,
317 2867 404 2928 alium
430 2877 528 2926 tamen
553 2884 669 2925 sensum
694 2885 727 2924 er
746 2865 825 2926 Luca
849 2864 994 2943 elicimus,
1024 2868 1075 2949 qui
1098 2869 1215 2950 plenius

83 2969 147 3008 rem
171 2957 266 3006 totam
294 2943 425 3025 expli-cat.
468 2943 570 3004 Primo
596 2952 707 3002 certum
731 2953 791 3017 est,
817 2940 936 3022 Christo
961 2945 1051 3006 luisse
1073 2949 1216 3028 'proposi'

82 3037 157 3098 tum,
176 3020 313 3083 liberales
331 3021 429 3102 potius
449 3041 535 3100 quam
554 3019 696 3101 prodigos
715 3018 813 3080 lacere
832 3041 900 3081 suos
920 3021 990 3083 disci
1013 3022 1215 3103 utostmtqui

25 3099 34 3110 “
83 3100 172 3161 stulta
197 3099 255 3158 erit
282 3096 486 3180 prodigalitas,
512 3108 625 3155 temere
653 3094 808 3154 effundere
839 3117 913 3176 quae
945 3043 1026 3158 dedit
1049 3097 1213 3160 Dominusz
1244 3101 1246 3107 '

84 3177 193 3237 deinde
211 3175 359 3249 videmos,
380 3193 467 3253 quam
487 3170 556 3232 alibi
580 3170 793 3232 beneficentiae
811 3172 942 3254 regulam
961 3176 1055 3236 tradat
1075 3177 1212 3257 Spiritus.
1260 3249 1261 3254 η

83 3253 150 3314 Hoc
171 3272 245 3345 ergo
264 3263 425 3336 tepeamus,
439 3249 570 3385 primum
587 3247 637 3307 hic
656 3247 813 3328 discipulos
832 3271 900 3310 suos
921 3251 1069 3312 Christum
1089 3253 1214 3332 hortari,
1356 3291 1358 3302 ι

83 3341 116 3388 ut
135 3329 211 3414 larga
230 3326 340 3390 sintae
359 3326 436 3386 bene
459 3325 493 3384 ci.
534 3325 631 3384 Porro
651 3323 730 3384 hunc
750 3343 812 3384 esse
831 3326 969 3405 modum,
989 3340 1022 3388 ut
1039 3329 1160 3391 minime
1180 3351 1213 3392 se

83 3405 240 3468 defunctos
259 3415 365 3485 putent
383 3401 481 3484 paucis
502 3399 674 3482 quibusdam
694 3399 814 3475 adiutis,
833 3403 884 3462 sed
904 3421 1006 3465 omnes
1024 3425 1078 3466 sua
1097 3406 1211 3468 benefi-
1290 3436 1292 3444 ›

83 3483 180 3543 centia
200 3480 341 3561 prosequi
357 3479 502 3553 studeant,
521 3497 618 3557 neque
637 3479 764 3554 unquam
784 3477 944 3560 fatigentur
960 3483 1122 3561 usquedum
1140 3505 1212 3564 sup-

83 3570 166 3636 petet
185 3555 316 3619 facultas.
353 3555 471 3614 Deinde
490 3574 529 3614 ne
548 3553 611 3634 quis
631 3553 765 3614 cavillum
784 3565 862 3614 texat
886 3577 920 3616 ex
939 3559 1037 3619 verbis
1056 3557 1210 3636 Matthaei,

10 3663 11 3672 ¹
84 3635 269 3695 conferamus
283 3652 357 3712 quac
377 3631 557 3692 habentura
579 3629 745 3690 odbucam.
782 3629 827 3689 Ne
851 3643 880 3690 at
891 3633 1035 3709 Christus,
1055 3635 1121 3714 quic
1144 3655 1211 3696 uam

10 3769 11 3772 ,
85 3709 175 3771 officii
195 3731 251 3771 nos
270 3710 337 3769 Deo
361 3718 525 3789 praestare,
553 3653 621 3766 <lum
645 3705 676 3764 in
694 3716 798 3796 mutuo
824 3651 921 3770 claudo
945 3711 993 3772 vel
1016 3710 1077 3770 aliis
1104 3728 1122 3769 o
1159 3711 1211 3772 ciis

10 3773 12 3908 l
84 3800 246 3863 spectamus
265 3786 432 3846 mercedem
451 3796 596 3844 mutuam:
621 3783 662 3844 ita
682 3793 833 3843 caritatem
852 3806 869 3845 a
889 3787 998 3847 carnali
1018 3787 1143 3848 amicitia
1163 3787 1210 3846 di-

85 3861 216 3944 stinguit.
253 3863 364 3922 Amant
384 3863 462 3920 enim
481 3860 598 3941 profani
624 3859 757 3922 homines
777 3859 857 3922 inter
876 3882 922 3939 sc,
942 3883 1003 3923 non
1023 3861 1128 3944 gratis,
1157 3865 1210 3926 sed

84 3941 266 4000 mercenario
290 3937 412 4009 aflectu:
438 3938 477 3996 ita
502 3937 534 3996 fit
557 3947 591 3996 ut
614 3937 644 3995 in
667 3956 699 3995 se
726 3935 818 4072 ipsum
844 3941 967 4020 quisque
985 3958 1127 4016 amorem,
1147 3961 1208 4020 quo

86 4012 156 4075 alios
198 4016 374 4096 rosequitur,
394 4015 537 4088 reflectat,
557 4013 729 4093 quemadmo
752 4035 800 4073 um
812 4015 899 4075 etiam
919 4015 1081 4096 prudenter
1100 4036 1209 4096 expen-

86 4087 129 4149 dit
145 4038 239 4154 ahto.
278 4092 411 4154 Christus
429 4110 501 4154 vero
522 4111 538 4151 a
557 4090 614 4152 eois
634 4090 788 4172 gratuitam
808 4090 1033 4152 beneficentiam
1053 4092 1156 4175 exigit,
1175 4101 1209 4152 nt

84 4163 181 4228 iuvare
212 4169 348 4231 studeant
375 4169 495 4248 inopes,
524 4188 541 4227 a
565 4166 670 4246 quibus
700 4166 774 4228 nihil
802 4169 926 4230 vicissim
956 4169 1068 4247 sperari
1100 4181 1208 4250 potest.¹

84 4237 318 4326 linnevidemus,
339 4245 409 4337 quid
427 4244 465 4305 sit
482 4255 612 4325 apertam
633 4241 742 4304 habere
760 4265 878 4304 manum
897 4243 1080 4325 petentibus:
1101 4264 1209 4328 nempe

12 4333 14 4392 2
84 4311 243 4406 liberaliter
261 4333 422 4402 expositum
443 4341 505 4383 esse
526 4341 596 4404 erga
614 4339 727 4399 omnes,
747 4321 797 4402 qui
817 4341 876 4401 ope
896 4329 996 4383 nostra
1013 4321 1158 4410 indigent,
1178 4334 1208 4386 et

12 4411 14 4502 p
86 4409 135 4467 qur
153 4391 324 4472 beneficiam
344 4418 465 4480 pensare
485 4409 644 4480 nequeunt.
1069 4407 1072 4414 '
1169 4415 1186 4439 ¹·
