2824 4756
305 305 308 312 Ι
412 193 691 319 l(14.,Genealogia
709 237 841 318 Christi.)
891 264 895 270 ’
1113 201 1119 212 =
1155 235 1195 320 dh]

71 385 233 462 disseritur,
252 385 286 450 in
297 377 426 446 sollenni
441 381 493 444 itta.
508 379 870 462 promissione.fuudatuna
890 381 1086 456 est,·Scdebit
1103 405 1193 468 super
1289 447 1291 457 ,

69 463 209 524 thronum
228 459 313 523 tuum
325 479 483 532 successor,
498 459 548 538 qui
567 470 712 537 perpetuo
725 456 873 538 regnabit:
893 450 954 518 Ero
967 459 1008 521 illi
1019 463 1049 522 in
1066 475 1190 543 patrem,
1276 461 1279 478 '

17 540 20 553 '
70 551 101 606 et
130 540 196 620 ipse
223 539 279 597 erit
307 535 541 596 mihiinfilium
562 533 617 613 (II.
638 535 715 595 Sam.
736 537 1096 616 7‚13.tt.,etPs.132‚
1118 547 1189 621 11.).

69 616 162 696 Atqui
184 628 262 682 extra
283 613 507 684 controversiam
529 624 587 684 est,
607 609 690 670 buius
711 608 822 669 aeterni
841 608 947 742 Repis,
966 608 1014 690 qui
1033 618 1189 690 promissus

70 705 132 752 erat
152 691 274 765 Davidi,
300 690 487 748 Salomonem
513 689 599 748 fuisse
619 700 730 767 typum.
773 687 837 746 Nec
858 686 882 746 C
907 687 977 744 risto
997 688 1079 750 aliter
1097 699 1189 773 aptari

90 780 169 828 otest
189 767 353 846 promissio,
373 765 426 825 nisi
446 777 586 845 quatenus
607 765 666 824 eius
677 765 781 826 veritas
800 761 830 820 in
843 760 1002 822 Salomone
1021 767 1188 836 adumbrata

9 887 14 901 .
67 791 135 916 luit.
175 845 271 917 Nunc,
290 843 313 904 si
333 841 368 903 ad
388 842 480 920 ipsum
499 862 561 901 non
581 841 708 900 refertur
725 838 835 910 Christi
855 840 952 922 origo„
973 840 1049 898 unde
1068 846 1190 928 vellqua

67 921 187 981 ratione
212 919 375 980 censebitur
399 918 449 978 ille
474 916 550 978 filius
569 913 706 976 Davidis?
744 915 826 995 Ergo
853 913 981 994 quisquis
1003 914 1189 988 Salomonem

71 1017 106 1056 ex
129 1018 166 1056 un
190 997 237 1055 ita
251 996 359 1058 Christi
373 995 557 1084 genealogia,
568 993 890 1127 ,simulpromIssiones
909 991 941 1050 in
956 990 1061 1072 quibus
1073 1017 1087 1053 a
1111 989 1192 1064 nosci

69 1019 161 1139 debet
203 1071 424 1142 iliusDavidrs,
450 1071 644 1140 obliteratae
684 1069 750 1128 clet.
791 1067 954 1143 Quomodo
973 1017 1194 1154 autemlaucas,

37 1205 41 1216 ,
67 1149 174 1210 seriem
194 1149 308 1231 generis
329 1147 473 1209 aNathan
492 1147 648 1220 deducens,
661 1145 848 1206 Salomonem
868 1166 930 1206 non
949 1146 1071 1220 reiiciat,
1091 1163 1193 1228 postea
1277 1201 1281 1208 .

31 1255 35 1271 ·
66 1247 121 1288 suo
142 1225 210 1288 loco
229 1225 386 1288 videbitur.
428 1225 473 1284 Ac
499 1227 552 1304 (ne
575 1223 638 1282 sim,
652 1221 772 1288 nimium
790 1219 934 1301 prolixus)
959 1222 1029 1282 duas
1052 1225 1118 1286 istas
1138 1247 1194 1308 ge.

40 1321 46 1336 ·
67 1300 235 1384 nealogias,
260 1313 401 1380 quantum
422 1301 458 1360 ad
477 1321 616 1362 summum
636 1310 761 1378 spectat,
786 1298 944 1359 convenire
962 1298 1042 1360 inter
1061 1321 1092 1362 se
1113 1303 1194 1380 dico,
1221 1327 1224 1336 ·

138 1401 193 1438 uos·
209 1389 309 1438 tamen
323 1375 492 1437 discrimino
510 1378 542 1436 in
559 1377 616 1436 illis
637 1375 765 1434 notanda
782 1394 855 1446 esse.
893 1375 1025 1454 Primum
1039 1389 1091 1453 est,
1112 1383 1194 1459 quod

29 1461 32 1470 '
67 1392 161 1516 mas
187 1453 292 1514 ordine
321 1453 510 1534 retrogrado,
540 1464 575 1514 ut
604 1449 780 1530 loquuntur,
810 1449 846 1510 ab
866 1451 1040 1520 ultimoad
1065 1457 1193 1534 primum

70 1530 216 1604 ascendit,
241 1537 331 1664 prum
350 1529 513 1588 Matthaeus
540 1527 575 1590 ab
596 1528 655 1608 ipsa
676 1526 791 1606 origine
814 1527 941 1607 incipiat.
978 1529 1112 1592 Alterum
1137 1547 1193 1611 est,

92 1607 151 1666 uod
181 1607 257 1668 Matt
279 1625 346 1667 aeus
375 1607 571 1666 narrationem
607 1626 687 1664 suam
724 1603 799 1663 ultra
837 1616 967 1665 sanctum
1001 1619 1030 1665 ct
1066 1610 1193 1674 electum

70 1629 206 1744 Abrahae
227 1703 319 1763 genus
338 1703 399 1742 non
421 1683 561 1743 extendit:
586 1681 678 1740 Lucas
696 1700 768 1746 vero
789 1679 830 1741 ad'
843 1679 938 1740 Adam
957 1702 1048 1761 usque
1067 1707 1194 1767 pregre,
1291 1703 1296 1722 r

71 1761 158 1822 ditur.
197 1758 342 1833 Tertium,
362 1759 441 1838 quod
461 1759 655 1840 legalegenus
666 1757 828 1818 Matthaeus
849 1768 961 1832 tractat,
982 1770 1010 1818 et
1029 1759 1084 1821 sibi
1103 1763 1195 1836 etiarn¹

38 1859 46 1878 ·
71 1835 212 1916 quosdam
232 1835 398 1896 rescindere
417 1838 561 1916 permittit
581 1855 614 1896 er
633 1833 812 1900 recitationis
832 1834 923 1909 serie,
949 1836 1029 1913 quod
1048 1835 1194 1916 lectorum

71 1915 228 1973 memoriae
256 1912 408 1974 consulere
428 1913 533 1988 polens
556 1925 617 1972 tres
648 1910 743 1971 solum
772 1910 1007 1974 tessaradecades
1027 1929 1193 1984 enumerata

70 1989 163 2060 Lucas
181 2009 251 2050 vero
272 1988 402 2050 naturale
420 2009 512 2072 genus
530 1989 621 2071 magis
642 2001 740 2049 exacte
758 1989 955 2067 prosequitur.
997 1989 1142 2064 Quartum
1163 2003 1196 2068 et

70 2077 268 2146 postremum,
302 2067 381 2145 quod
411 2067 557 2126 interdum
588 2067 624 2126 de
654 2065 755 2124 iisdem
786 2063 940 2144 loquentes
971 2063 1136 2128 bominibus
1162 2070 1194 2140 ira

7 2143 8 2156 ¹
72 2163 175 2210 eorum
194 2153 298 2214 tamen¹
318 2141 485 2214 nominibus
504 2143 626 2204 variant.
674 2140 723 2200 De
741 2145 841 2216 premo
861 2141 1043 2217 discrimine,
1074 2147 1193 2223 quando

71 2217 144 2278 nihil
169 2217 345 2277 difficultatis
370 2219 473 2293 babet,
502 2218 567 2300 plus
588 2216 749 2279 ‘verborum
780 2219 875 2278 lacere
897 2239 1108 2296 supervacuum
1140 2235 1193 2285 est.

71 2293 234 2354 Secsmdum
260 2295 369 2373 optima
393 2297 507 2356 ratione
528 2316 589 2354 non
615 2304 706 2354 caret:
734 2313 801 2351 nam
828 2295 894 2371 quia
914 2294 994 2354 Deus
1019 2296 1076 2354 sibi
1100 2317 1194 2376 genus

63 2370 209 2432 'Abrahae
230 2370 393 2450 delegerat,
417 2371 497 2429 unde
516 2382 684 2429 nasceretur
702 2369 803 2428 mundi
821 2369 1020 2448 Redemptor,
1046 2383 1076 2430 et
1094 2373 1196 2432 salutis

70 2445 228 2528 promissio
247 2444 307 2504 illic
328 2445 543 2533 quodammodo
562 2445 672 2504 inclusa
698 2453 760 2502 erat
783 2463 876 2522 usque
900 2443 935 2502 ad
957 2443 1066 2504 Christi
1085 2446 1195 2515 adven-¹
1333 2448 1341 2506 i
1400 2460 1402 2469 ’

7 2511 16 2532 “
69 2535 146 2595 tum,
166 2541 227 2579 non
249 2521 399 2601 egreditur
417 2521 579 2580 Matthaeus
598 2520 674 2578 ultra
693 2519 869 2580 constituto-s
889 2541 904 2580 a
923 2519 991 2578 Deo
1012 2519 1092 2590 lines,
1110 2525 1112 2532 ⁴
1133 2521 1197 2588 Tea

71 2597 203 2658 nendum
224 2608 268 2656 est
288 2596 367 2675 quod
388 2596 457 2657 dicit
476 2595 597 2656 Paulus:
625 2595 778 2671 Christum·
800 2589 862 2654 esle
885 2596 1048 2655 ministrum
1070 2596 1197 2671 circum,

72 2674 191 2735 cisionis
212 2672 247 2734 ad
269 2673 469 2752 praestandam
488 2671 627 2748 salutem,
648 2691 721 2752 quae
763 2672 885 2736 romissa
900 2673 995 2732 fuerat
1013 2675 1118 2734 sanctis
1138 2677 1197 2740 Pa-,

70 2750 231 2826 tribus-ad
250 2749 336 2810 Rom.
357 2757 404 2826 15,
422 2756 450 2815 8·
490 2749 548 2811 Cui
568 2751 698 2816 concinit
715 2692 787 2808 illia]
798 2747 906 2809 Christi
924 2749 1043 2826 dictum,
1062 2750 1195 2819 Salutem

73 2849 107 2888 er
126 2827 243 2887 Iudaeis
269 2847 347 2902 esse,
365 2827 483 2891 Ioannis
503 2833 538 2902 4,
558 2832 604 2890 22.
642 2827 718 2886 Eum
741 2827 840 2905 itaque
864 2826 1027 2886 Matthaeus
1053 2827 1083 2886 in
1107 2849 1193 2890 sacro

73 2903 126 2972 illo
147 2921 256 2984 genere
276 2904 515 2984 conspiciendum
541 2903 698 2984 proponit,
722 2903 768 2962 cui
793 2903 912 2982 proprie
938 2903 1095 2978 destinatus
1122 2913 1194 2973 erat.
1239 2971 1243 2981 ,

72 2981 150 3046 Ideo
176 2979 208 3060 in
231 2979 371 3042 Matthaei
396 2981 529 3062 catalogo
556 2980 798 3042 considerandum
825 2991 868 3044 est
891 2979 977 3048 nobis
997 2981 1054 3040 Dei
1079 2979 1197 3060 foedus,

74 3077 134 3149 quo
154 3075 252 3122 semen
274 3057 406 3116 Abrabae
419 3057 484 3118 sibi
501 3058 533 3116 in
551 3056 693 3146 populum
714 3055 873 3134 cooptavit,
892 3068 924 3115 ut
944 3077 960 3118 a
979 3057 1100 3136 reliquis
1120 3059 1196 3138 gen,

7 3175 8 3184 ι
72 3134 168 3212 tibus,
198 3131 473 3213 quasiwinterposita
496 3151 636 3208 macena,
664 3132 831 3192 distinctum
849 3144 940 3204 esset.
978 3131 1071 3194 Lucas
1097 3147 1214 3206 autema

7 3215 9 3280 ζ
73 3211 160 3270 alt-ius
184 3209 322 3289 respexit:
355 3211 481 3288 quamvis
507 3211 599 3285 enim,
629 3230 663 3268 ex
687 3229 746 3288 quo
779 3206 883 3268 foedus
907 3229 990 3268 suum
1016 3207 1096 3270 Deus
1128 3233 1196 3288 curra

7 3295 8 3298 ’
72 3284 221 3346 Abrabam
246 3288 413 3376 pepigerat,
432 3285 618 3365 peculiariter
643 3285 702 3346 eius
723 3285 826 3344 semini
848 3284 1114 3374 promissussfuerit
1133 3287 1218 3350 Re,„
1317 3308 1341 3340 τ’

61 3363 226 3452 ,ἀεηιριοη
248 3383 352 3428 scamus
377 3372 475 3422 tamen
499 3362 594 3422 statim
620 3361 751 3442 aprimi¹
769 3360 894 3420 bominis
915 3361 1081 3440 delectione
1106 3362 1195 3439 luisse¹
1243 3397 1244 3400 ¹

73 3437 211 3498 omnibus
230 3437 434 3510 necessarium,
453 3439 537 3498 sicuti
558 3435 644 3498 etislm
664 3451 734 3497 tunc
748 3437 908 3509 destinatus¹
925 3437 980 3496 fuit
997 3439 1055 3497 toti
1074 3441 1194 3501 mundo.
1225 3491 1230 3502 .

74 3515 234 3576 Caeterum
258 3513 419 3574 admirabili
438 3513 497 3572 Dei
517 3515 638 3576 consilio
663 3514 772 3574 tactum
797 3525 855 3586 est,
879 3524 912 3571 ut
933 3513 1081 3582 Christum
1101 3516 1195 3576 Lucas

71 3591 161 3652 nobis
180 3591 262 3662 Adae
281 3590 371 3651 lilium
392 3603 588 3682 proponeret,
615 3590 741 3651 eundem
759 3609 829 3650 vero
849 3590 1012 3651 Matthaeus
1032 3591 1197 3664 includeret

73 3669 106 3727 in
126 3689 183 3728 una
203 3666 338 3726 Abrahae
363 3667 480 3728 samilra.
528 3666 609 3728 Nihil
633 3668 710 3744 enirn
736 3665 822 3726 nobis
848 3665 1014 3746 prodesset,
1046 3667 1197 3747 Christum

73 3763 142 3818 esse
157 3743 256 3804 datum
276 3764 291 3802 a
307 3744 396 3802 Patre
415 3743 512 3803 salutis
532 3756 693 3819 auctorem,
714 3743 770 3802 nisi
790 3745 953 3822 promiscue
966 3755 1041 3801 esset
1060 3743 1197 3816 omnibus

73 3819 247 3880 communis.
284 3819 400 3880 Deinde
419 3841 480 3880 non
501 3831 576 3880 esset
594 3841 695 3881 verum
713 3818 786 3878 illud
804 3818 940 3899 Apostoli
961 3817 1067 3898 (Hebr.
1083 3824 1131 3892 13,
1142 3821 1196 3894 S),

71 3896 167 3976 ipsum
188 3895 274 3958 luisse
295 3895 367 3970 beri,
389 3908 418 3957 et
437 3895 524 3955 bodie
545 3899 617 3970 esse,
638 3909 669 3956 et
688 3895 827 3976 usquein
846 3896 960 3956 saccula
980 3893 1121 3966 suturam,
1141 3893 1198 3962 nisi

71 3973 109 4034 ad
130 3992 232 4033 omnes
251 3984 359 4033 aetates
379 3973 415 4040 ab
434 3973 494 4054 ipsa
513 3973 614 4032 mundi
639 3973 787 4033 creatione
807 3972 911 4032 diflusa
932 3981 1007 4038 esset
1027 3968 1086 4026 eius
1105 3968 1195 4030 virtus

73 4061 105 4113 et
122 4051 237 4142 gratia„
263 4049 393 4110 Sciamus
413 4070 495 4132 ergo,
514 4049 686 4130 patefactam
706 4061 736 4108 et
746 4047 899 4118 exhibitam
918 4043 975 4124 toti
997 4045 1120 4102 humano
1141 4063 1195 4124 gea
1231 4056 1235 4062 '

72 4147 138 4187 neri
156 4127 187 4192 in
209 4124 327 4190 Christo
347 4127 467 4188 salutem
488 4147 565 4204 esse,
589 4127 655 4218 quia
678 4120 751 4195 filius
770 4127 853 4184 Noae
880 4135 908 4182 et
932 4122 1006 4180 filius
1025 4120 1107 4186 Adae
1132 4121 1199 4196 nori,

73 4202 124 4264 abs
144 4224 176 4266 re
197 4214 325 4266 vocatur.
371 4203 451 4278 Quia
474 4215 570 4263 tamen
593 4225 623 4260 an
643 4203 701 4260 Dei
723 4201 813 4262 verbo
840 4197 1020 4278 quaerendus
1038 4209 1108 4272 ¹est,
1131 4219 1197 4276 nora,

7 4291 8 4346 ἕ
72 4279 186 4344 tem'erc
205 4281 363 4359 paralium
384 4278 595 4362 Evangelistam
607 4277 730 4356 Spiritus
750 4277 934 4338 adsanctum
947 4271 1086 4342 Abrabae
1101 4295 1199 4356 genus,

7 4353 8 4364 ’
72 4377 130 4422 eos
154 4368 287 4434 revocat,
316 4357 367 4421 ubi
397 4357 548 4424 thesaurus
571 4355 813 4443 pitapjaetcruac
837 4366 988 4436 preeunt
1014 4350 1131 4424 Christo
1151 4353 1196 4427 ad
1237 4397 1243 4406 ,
