2786 4742
192 267 252 332 ⁸266
407 257 630 322 snc'rlo‘tx.
669 257 887 321 tricassinum
906 253 1096 320 arincam
1189 265 1190 276 ¹

193 428 256 469 non
276 385 368 468 eiliase
387 397 442 465 iiec
461 391 581 480 bibisse,
599 403 667 484 quia
687 403 841 485 peculiaris
859 401 910 464 illi·
921 405 1086 466 cratrietus
1105 404 1192 480 ratio,
1210 416 1243 464 nt
1261 405 1311 542 qq}
1374 441 1375 454 i

177 484 279 554 ¹etiam
304 503 321 544 a
344 480 417 542 cibis
444 479 612 564 vulgaribus
637 481 811 543 abstineret:
881 481 921 540 od
950 481 1053 542 clarius
1079 501 1111 542 cx
1132 481 1246 542 rimitur

192 563 289 622 Lucae
310 557 416 633 verbis,
434 577 495 618 noas
511 555 838 638 secessionemque
876 555 950 618 'hiis
966 561 1071 617 vinem
1110 503 1197 618 llunc
1215 559 1310 618 locuni
1374 575 1375 620 t

192 636 367 712 observent,
392 636 443 715 qni
461 655 600 694 summam
619 635 810 728 perfectionis
834 646 966 696 statuunt
984 637 1014 698 in
1035 645 1151 696 externa
1168 635 1244 695 vitae
1264 658 1311 695 aii-

192 713 340 786 steritatc,
365 723 396 771 et
420 711 580 794 angelicam
599 723 687 772 vitam
708 711 866 788 definiunt,
889 713 914 772 si
934 713 996 792 quis
1015 713 1053 772 sit
1073 712 1243 787 abstemius,
1268 712 1309 775 vel

192 810 224 852 se
243 789 339 848 inedia
360 799 497 848 maceret.
534 788 608 848 Nam
620 789 779 848 secundum
795 789 870 848 hanc
882 787 1012 872 regulam
1030 789 1226 869 praestantior
1238 801 1310 850 esset

191 867 320 928 Ioannes
340 863 416 928 Filio
435 865 507 926 Dei:
540 865 620 945 atqui
645 867 741 946 potius
766 863 838 924 illud
862 866 1021 925 tenendum
1041 877 1099 940 est,
1131 865 1308 945 corporalem

193 941 431 1003 exercitationem
455 941 569 1001 modice
597 943 752 1021 prodesse,
784 942 921 1022 pictatem
944 962 1014 1002 vero
1040 941 1075 1002 ad
1096 942 1192 1001 omnia
1211 943 1308 1008 utilem

192 1018 232 1100 (Ι.
253 1019 330 1078 Tim.
350 1024 385 1094 d,
406 1019 458 1110 S).
503 1003 607 1154 licque
630 1031 728 1078 tamen
759 1017 816 1078 hoc
845 1029 997 1098 praetextu
1023 1020 1138 1078 [renum
1163 1018 1310 1095 laxandum

193 1107 238 1157 est
257 1094 351 1170 carni,
369 1105 403 1154 ut
420 1093 477 1154 sibi
495 1094 537 1159 in*
567 1093 655 1154 elisiis
676 1106 707 1153 et
724 1094 848 1155 mollitie
868 1095 1031 1176 indulgeat:
1054 1107 1167 1154 tantum
1186 1096 1310 1156 cavenda

193 1184 239 1234 est
256 1171 435 1251 superstitio,
454 1191 492 1230 ne
511 1167 592 1232 stulti
611 1169 757 1244 homines,
777 1172 990 1252 perlectionem
1010 1172 1042 1231 in
1054 1172 1172 1234 rudibus
1184 1172 1310 1232 elemen-

215 1345 254 1386 uo

191 1347 262 1464 llere
283 1401 411 1460 divinam
436 1401 656 1480 temperantiam
681 1400 808 1478 coleret,
838 1421 895 1462 nec
917 1400 1041 1462 aliorum
1066 1402 1205 1462 luxuriam
1223 1402 1312 1462 aleret

192 1479 241 1543 tel
260 1497 311 1540 sua
331 1477 560 1538 dissimulatione
581 1475 625 1538 vel
645 1478 789 1558 exemplo.
1059 1501 1061 1506 ·

230 1567 237 1574 “
270 1559 319 1620 35.
354 1551 396 1614 Et
412 1555 568 1634 isonssootn
583 1568 634 1616 est,
682 1555 773 1614 Varie
799 1555 954 1636 exponitur
983 1553 1031 1616 liic'
1060 1552 1141 1616 locus
1160 1554 1194 1616 ah
1221 1557 1311 1614 iater-

193 1631 336 1714 pretibus.
376 1629 505 1705 Quidam
529 1631 632 1692 dieunt
654 1631 818 1692 absolutam
842 1631 930 1692 fuisse
957 1621 1110 1692 aluiheis'
1133 1632 1311 1712 sapientiam,

194 1708 275 1788 qood
293 1707 350 1767 sihi
368 1707 444 1768 male
464 1709 574 1794 conpeii
593 1729 627 1768 ae
645 1728 700 1787 pro
725 1707 783 1768 riae
801 1705 1010 1768 incredulitatis
1029 1709 1138 1769 iudices
1156 1728 1312 1788 agnoscere

193 1794 381 1880 cogerentur,
400 1795 528 1844 sanctam
548 1786 684 1875 piamque
697 1729 860 1858 doctrinam
880 1804 942 1844 esse
961 1805 1046 1864 quani
1064 1785 1247 1846 obiecerant.
1269 1785 1312 1846 Ita

184 1859 272 1941 filios
289 1862 447 1932 sopiendae
465 1860 612 1952 accipiunt
631 1879 686 1938 pro
706 1854 837 1935 Iudaeis‘,
861 1861 912 1940 qui
934 1881 965 1921 se
991 1861 1047 1922 linc
1072 1861 1159 1921 titulo
1184 1861 1311 1921 vendita-

191 1250 231 1310 tis
256 1258 392 1384 pntantes
417 1248 500 1308 sitem
525 1266 603 1322 esse,
633 1247 809 1327 spiritualem
828 1247 885 1308 Dei
906 1249 1014 1308 cultum
1035 1247 1191 1342 negligant.
1228 1247 1310 1308 Adae
1374 1303 1375 1324 ,

296 1323 429 1384 Christos
454 1325 495 1384 ita
518 1343 550 1384 se
569 1325 801 1388 accommodavit
824 1325 859 1384 ad
879 1325 1040 1386 communis
1059 1337 1134 1386 ritae
1159 1347 1256 1398 nsum,
1279 1337 1311 1384 ut
1374 1341 1375 1344 ’

193 1937 274 1998 bant.
312 1935 371 1994 Alii
391 1945 509 2013 putant,
527 1954 640 2002 uronice
659 1935 748 1995 luisse
767 1935 893 2011 dictum,
918 1937 1038 1998 Scilicet
1056 1937 1228 2017 sapientiam
1246 1937 1311 2012 Dei,
1372 1983 1373 1986 ,

194 2013 275 2076 ciiias
293 2031 345 2074 ros
364 2009 475 2069 iactatis
495 2009 669 2084 essefilios,
691 2011 758 2072 -hoc
781 2011 872 2071 modo
896 2013 1082 2094 approbatis?
1102 2015 1198 2089 *Quia
1219 2025 1310 2074 autem

192 2107 298 2172 graeca
317 2086 495 2179 praepositio
516 2085 572 2144 ἀπὸ
593 2087 629 2148 ad
650 2107 804 2180 personam
814 2100 950 2180 agentem
968 2090 1087 2171 proprie
1106 2108 1167 2152 non
1179 2090 1311 2164 retertur,

194 2177 262 2228 sunt
282 2186 332 2244 qui
351 2175 392 2224 ita
413 2175 574 2243 exponant,
601 2164 748 2244 Sapientia
766 2185 783 2224 a
803 2165 868 2225 filiis
887 2167 946 2226 suis
966 2166 1097 2228 absoluta
1117 2179 1178 2241 est,
1206 2178 1239 2228 nt
1255 2168 1310 2226 iani

193 2242 250 2304 illis
268 2261 331 2302 nen
350 2241 388 2302 sit
406 2239 467 2301 ullo
487 2241 549 2300 iure
570 2239 727 2314 obstricta,
758 2235 1013 2320 quemadmodum
1028 2244 1051 2304 si
1078 2243 1236 2304 baereditas
1253 2243 1311 2305 alio
1374 2275 1375 2316 ι

193 2319 400 2380 transferatur:
430 2317 516 2377 sicuti
544 2317 652 2378 Paulus
681 2318 866 2378 iustificatum
890 2340 906 2378 a
929 2331 1051 2398 peceato
1078 2321 1225 2384 Christum
1251 2339 1311 2380 esse

192 2397 282 2470 dicit,
298 2396 381 2475 :quia
410 2393 482 2454 nibil
498 2394 543 2486 ,iii
570 2394 732 2487 eumuiuris
756 2395 877 2488 amplius
896 2395 991 2488 'hahet
1013 2397 1125 2476 peceati
1148 2396 1311 2488 maledictio
1374 2441 1375 2452 ,

194 2473 296 2552 (ltom.
311 2480 340 2545 6,
355 2478 405 2550 7.).
445 2470 573 2546 Quidam
585 2469 682 2532 donus
702 2482 734 2530 et
751 2491 863 2532 maiore
882 2471 1008 2548 licentia,
1027 2473 1204 2554 Sapientiam
1223 2494 1311 2534 asnis
1374 2511 1375 2542 i

185 2549 259 2610 ‘filiis
279 2549 402 2610 alienam
422 2567 484 2610 esse
507 2547 620 2608 saetam.
649 2548 753 2628 'Atqui
774 2547 883 2609 uthoc
901 2549 1046 2646 significet
1065 2571 1168 2632 graeca
1190 2570 1311 2630 praepo·

193 2627 274 2720 pitin,
293 2627 365 2718 milii
386 2624 456 2684 alius
475 2645 576 2685 sensus
587 2624 785 2716 videturesse
792 2625 906 2718 aptior:
928 2627 1118 2706 Sapientiam,
1137 2627 1311 2720 quaptumiis

195 2723 285 2783 impie
304 2701 348 2762 illi
366 2702 520 2761 detrahant
539 2721 593 2782 pro
618 2722 652 2760 rii
672 2699 738 2775 lilii,
769 2703 842 2762 nihil
872 2713 970 2764 tamen
997 2702 1034 2762 de
1054 2721 1104 2763 sua
1123 2703 1262 2784 dignitate
1281 2724 1312 2763 ac

195 2769 367 2840 excellentia
392 2779 533 2857 perdere,
557 2721 614 2837 seli
634 2797 752 2836 manere
777 2779 930 2862 integram.
974 2778 1075 2839 ludaei
1099 2801 1132 2840 ac
1159 2782 1311 2874 praecipue
1374 2779 1375 2836 1

194 2853 307 2918 scribae
326 2875 381 2934 pro
407 2855 563 2933 sapientiae
583 2854 640 2912 Dei
665 2851 787 2914 alumnis
807 2863 838 2916 ae
857 2855 1060 2916 venditabanta
1084 2856 1201 2918 interim
1228 2878 1312 2938 quum
1374 2855 1375 2872 ¹

193 2943 317 2992 matrem
337 2923 461 3010 pedibus
481 2931 641 3004 calcarent,
657 2951 726 2995 non
751 2931 840 2992 modo
860 2932 1085 2998 blandiebantur
1103 2933 1159 2993 sihi
1183 2933 1312 2993 intanto

193 3007 367 3088 sacrilegio,
385 3008 435 3067 sed
458 3006 605 3069 Christum
618 3005 769 3068 sotebant
781 3028 835 3069 suo
854 3009 962 3070 iudicio
982 3009 1099 3069 eadere:
1119 3011 1313 3071 contra-exci-

194 3086 241 3166 pit
260 3083 408 3159 Christus,
433 3083 561 3164 quamvis
586 3082 678 3142 malos
703 3095 743 3175 et·
756 3083 917 3166 degeneres
935 3085 1016 3146 filios
1036 3086 1140 3147 habeat
1159 3087 1313 3178 Sapientia,
1374 3097 1375 3150 l

194 3236 314 3316 malitia,
334 3239 384 3316 qui
403 3236 544 3298 scelerate
565 3247 594 3294 et
612 3233 740 3330 maligne
760 3238 935 3299 obtrectant
973 3239 1112 3300 Nondum
1132 3252 1231 3300 minen
1249 3259 1313 3300 sen-

89 3179 98 3196 ·
195 3159 301 3222 salvam
327 3171 425 3221 tamen
449 3178 582 3234 manere,
611 3175 849 3249 necquicquam
874 3162 949 3224 illius
974 3161 1031 3222 iuri
1056 3163 1190 3244 derogari
1214 3183 1313 3224 eorum
1374 3167 1375 3200 l

195 3319 259 3402 sum
286 3312 412 3392 protuli,
438 3313 493 3393 qui
519 3327 587 3402 meo
611 3312 719 3374 indicio
746 3315 857 3407 optime
884 3317 1022 3377 convenit
1047 3328 1077 3376 et
1100 3316 1245 3398 genuinus
1264 3326 1314 3376 est
1374 3319 1375 3322 ’

195 3389 326 3450 Primum
351 3389 451 3450 subest
476 3399 563 3448 tacita
587 3389 737 3454 antithesis
761 3413 791 3451 in
816 3391 912 3454 verbis
937 3391 1047 3454 Christi
1071 3392 1149 3451 inter
1170 3392 1315 3474 genuinos
1374 3417 1375 3438 i

186 3466 271 3526 attus
292 3476 322 3524 et
340 3463 463 3539 nothos,
484 3467 534 3544 qui
554 3466 670 3525 inanem
689 3467 806 3528 titulum
826 3469 888 3539 sine
908 3487 940 3528 re
960 3468 1136 3530 obtendunt:
1161 3467 1219 3530 acsi
1239 3469 1315 3528 dice-

195 3555 244 3605 ret
254 3542 399 3614 Christus,
420 3541 548 3624 Pergant
566 3544 597 3604 in
610 3563 661 3604 sua
672 3542 865 3621 contumacia,
905 3547 933 3604 ui
951 3565 982 3606 se
1003 3545 1141 3606 ferociter
1151 3539 1316 3626 Sapientiae

151 3627 154 3648 '
196 3621 272 3682 filios
293 3639 354 3680 esse
372 3617 550 3700 gloriantur:
572 3640 605 3680 ea
625 3619 814 3682 nihilominus
833 3566 948 3683 laudem
967 3643 1047 3700 suani
1068 3624 1314 3696 etauctoritatem

197 3699 274 3779 apud
293 3695 447 3779 germanos
466 3694 542 3755 filios
567 3698 691 3758 tenebit.
733 3696 908 3780 Ideo‘apud
928 3699 1036 3760 Lucam
1061 3697 1177 3760 additur
1200 3698 1314 3758 unirer-

196 3775 263 3836 salis
283 3785 370 3847 nota,
393 3771 502 3851 capillis
518 3775 578 3832 sua‘s
597 3772 741 3852 omnibus,
773 3796 833 3855 quo
852 3775 1008 3856 significat,
1038 3774 1148 3834 nemini
1166 3772 1313 3836 obstaculo

196 3851 263 3912 lore
283 3849 442 3913 scribarum
461 3851 698 3930 repugnantiam,
722 3851 793 3931 quin
814 3851 901 3912 electi
919 3852 977 3912 Dei
998 3871 1098 3911 ornnes
1117 3851 1149 3910 in
1166 3848 1314 3932 Evangelii

197 3927 255 3987 lide
274 3937 474 4008 permaneant.
515 3925 606 3999 Quod
627 3929 663 3987 ad
683 3947 817 4010 graecam
837 3949 938 3988 vocem
955 3939 1099 4020 spectat,
1117 3926 1238 3994 dubium
1257 3934 1326 3985 non'
1374 3929 1375 3936 ’

197 4015 257 4077 θεῖ’,
276 4004 348 4082 quin
367 4003 424 4058 ἀπὸ
445 4001 590 4062 interdum
616 4004 695 4064 idern
720 4004 814 4065 valeat
837 4017 924 4085 atque
946 4002 1020 4060 onds
1050 4015 1083 4063 ut
1109 4003 1240 4063 omittam
1263 4001 1315 4062 alia

198 4077 344 4158 exempla,
375 4099 465 4172 quum
486 4079 555 4138 dicit
575 4079 707 4140 Christus
727 4080 803 4160 apud
822 4081 930 4150 Lucam
950 4101 1011 4180 cap.
1032 4087 1084 4155 17,
1102 4085 1167 4156 25„
1191 4079 1316 4160 Oportet

195 4153 305 4212 Filiam
316 4155 440 4216 hominia
451 4155 542 4216 multa
561 4157 632 4237 pati,
651 4176 698 4210 και
707 4155 971 4230 ἀποδοκιμασθῆναι
979 4155 1034 4213 απὸ
1045 4161 1091 4226 τῆς
1106 4163 1204 4228 γενεὰς
1213 4153 1312 4224 ταύτης,

198 4227 295 4314 nullus
310 4248 347 4288 ne
370 4229 441 4305 abit,
456 4233 527 4311 quin
547 4233 650 4308 eadem
661 4233 700 4294 sit
717 4233 859 4313 loquendi
870 4235 965 4296 forma
984 4235 1015 4294 in
1027 4234 1164 4314 opposito
1176 4233 1314 4306 membro.

198 4299 316 4388 Deinde
365 4307 579 4385 hrysostomus,
598 4309 646 4369 cui
665 4329 769 4390 graeca
789 4311 888 4392 lingua
909 4311 1004 4372 nativa
1024 4319 1101 4384 erat,
1120 4307 1244 4390 perinde
1262 4307 1315 4367 hoc

197 4385 303 4468 transit
331 4379 389 4438 acsi
415 4381 488 4445 nihil
512 4397 589 4478 esset
614 4387 839 4455 controversiae.
888 4388 1095 4468 Praeterquam
1123 4397 1220 4448 autem
1240 4382 1315 4464 quod
