2786 4742
164 201 169 208 ·
209 193 269 258 aas
424 149 650 247 secudu.
688 181 908 246 rueramus
924 181 1116 245 avarum.
1362 237 1363 260 ,

210 357 311 406 annea
329 343 452 412 eutem,
473 351 571 418 qumu
595 327 737 396 audisset
757 332 792 396 in
813 348 944 416 macera
964 328 1047 395 lacta
1068 328 1205 410 Christi,
1230 334 1315 398 anissis
1362 265 1363 356 l

211 433 339 506 duobus
357 431 524 521 discipulis
544 433 624 509 suis,
664 432 695 495 3.
714 430 804 495 Dixit
823 427 881 508 illi,
902 430 956 493 Tu
977 451 1012 495 es
1028 428 1089 506 jlle
1109 440 1268 511 venturus,
1286 457 1321 510 au¹

212 537 310 606 alium
333 535 573 622 exspectamus?
614 531 644 597 4.
664 529 708 598 Et
727 529 930 617 respondeus
950 529 1040 596 Iesus
1062 531 1139 598 dixit
1158 529 1232 612 illis,
1249 535 1316 600 Eun-

210 649 259 704 tes
279 639 462 702 renuntiate
483 636 613 711 locuni,
639 651 724 720 quae
752 631 869 697 auditis
891 639 924 698 et
942 630 1073 696 videtis:
1114 634 1144 698 5.
1167 633 1270 700 Coeci
1285 637 1317 698 ri-

211 761 281 804 sum
301 738 496 822 recipiunt,
518 744 551 799 et
578 733 687 799 claudi
704 731 886 811 ambulant,
917 729 1040 816 leprosi
1067 731 1272 814 mundantur,
1298 743 1321 798 et

213 838 304 908 surdi
325 837 469 914 audiunt,
488 835 607 900 mortu
629 837 815 912 excitantur,
836 844 868 898 et
888 853 1046 920 pauperes
1059 834 1221 922 accipiunt
1233 835 1323 900 Evan

215 937 292 1028 gelii
301 941 457 1006 nuntium.
496 937 526 1000 u
544 935 587 1002 Et
604 931 719 1000 heatus
734 943 792 1012 cst,
812 925 947 1022 quinon
958 933 1055 1000 fuerit
1071 933 1216 999 oilensus
1227 935 1324 1002 in‘ne.

207 1132 213 1152 ,
290 1071 401 1140 'LUC
420 1071 491 1134 Vll.
533 1068 583 1135 18.
609 1069 652 1132 Et
680 1069 911 1133 nuntiaverunt
930 1068 1044 1134 loanni
1068 1067 1221 1153 discipuli
1238 1071 1324 1155 ipsius
1362 1091 1363 1102 ,

217 1174 260 1242 dc
286 1177 324 1239 iis
350 1169 514 1237 omnihus:
543 1179 576 1234 ct
606 1170 798 1234 convocavit
819 1168 906 1251 duos¹
936 1167 977 1234 de
1007 1166 1171 1254 discipulis
1196 1173 1263 1234 suis
1287 1171 1326 1234 lo-

217 1294 332 1351 annes,
374 1271 600 1358 tolliturque
624 1269 665 1336 ad
676 1271 800 1347 desum,
823 1267 947 1348 dicens,
968 1268 1022 1332 Tu
1042 1289 1077 1333 es
1096 1267 1153 1332 ille
1174 1279 1326 1346 venturus,
1355 1240 1363 1358 l

218 1397 259 1442 an
281 1372 378 1443 alium
400 1373 635 1458 exspectamus?
671 1370 797 1454 (Paulo
816 1371 916 1459 post.)
964 1369 1017 1434 21.
1042 1367 1079 1434 ln
1098 1367 1212 1460 eadem
1235 1381 1325 1435 auten

216 1476 298 1544 hora
317 1473 436 1540 multos
455 1476 581 1555 sanarit
601 1495 621 1538 a
645 1472 769 1539 morbis
791 1481 823 1536 et
848 1469 966 1556 plagis,
1000 1479 1033 1534 et
1056 1467 1223 1556 spiritibus
1241 1472 1326 1542 maha
1362 1467 1363 1470 '

218 1588 252 1646 et
273 1578 381 1642 coecis
400 1573 508 1640 multis
520 1573 777 1656 donavitvisum.
816 1573 868 1638 22.
888 1571 931 1636 Et
948 1570 1150 1657 respondeus
1168 1571 1326 1652 diritius,

216 1679 340 1746 Euutes
359 1678 542 1742 renuntiate
563 1675 686 1753 loanni,
707 1694 790 1762 quae
804 1671 936 1738 audistis
947 1680 980 1735 et
988 1669 1123 1749 vidistis,
1144 1674 1235 1758 quod
1249 1679 1326 1742 coeu'

216 1775 342 1855 vident,
369 1774 477 1840 claudi
498 1773 684 1852 ambulant,
701 1772 824 1859 leprosi
848 1772 1059 1848 mundantur,
1084 1772 1175 1836 surdi
1194 1777 1326 1850 audiunt,

216 1877 335 1942 mortui
361 1881 545 1958 resurgunt,
575 1872 773 1958 pauperihus
800 1875 1007 1938 annuntiatur
1030 1871 1249 1960 Evangelium.
1289 1879 1357 1951 hi:

216 1977 259 2044 Et
276 1975 391 2042 beatus
412 1982 468 2053 est,
489 1975 674 2060 quicunque
696 1991 765 2038 uon
786 1972 884 2038 fucrit
903 1973 1049 2045 ostensus
1069 1977 1103 2054 in
1123 1978 1183 2041 me.
1352 1970 1359 2125 ‘q

223 2204 230 2222 1
294 2157 399 2220 ldatth.
418 2162 445 2221 1.
483 2153 526 2214 Et
535 2153 657 2235 foetum
668 2169 720 2230 aa,
739 2153 932 2294 mperes
941 2153 1074 2238 fecisset.
1106 2157 1173 2220 Hoc
1188 2147 1327 2222 loronihl

218 2236 296 2300 aliud
320 2233 465 2318 significat
487 2231 670 2326 Matthaeus²
701 2255 788 2312 quam
814 2235 839 2295 C
861 2235 962 2294 rictum
991 2235 1118 2296 minime
1135 2236 1278 2300 destitisse
1299 2239 1327 2298 ab

220 2313 309 2376 officii
330 2311 374 2372 sui
394 2332 491 2386 cursu,
511 2310 580 2373 dum
598 2309 706 2371 atibsh
727 2310 816 2371 ostoli
835 2309 1017 2372 laborabant.
1055 2311 1147 2372 Simul
1161 2334 1232 2396 ergo
1252 2329 1327 2394 atque
1357 2349 1359 2379 3

218 2392 286 2454 illos
305 2387 414 2450 dimisit
432 2409 498 2448 cum
516 2385 691 2448 mandatisa
732 2385 907 2450 lustrandam
918 2385 1066 2464 Iudaeam,
1083 2389 1145 2468 ipse
1164 2391 1194 2450 iu
1208 2390 1327 2452 Galilaea

219 2468 337 2530 iunctus
365 2476 410 2526 est
443 2464 571 2526 docendi
602 2464 743 2544 partibus.
793 2463 903 2526 Subest
925 2475 1023 2524 autem
1050 2466 1165 2546 pondus
1188 2471 1220 2530 iu
1249 2469 1326 2530 verbo

171 2541 182 2550 “
213 2539 433 2623 preripiendi:
452 2541 520 2622 quia
538 2541 701 2602 Matthaeus
718 2539 875 2623 significat,
894 2562 954 2601 uon
974 2539 1063 2612 fuisse
1081 2541 1203 2604 liberam
1222 2544 1277 2606 illis
1294 2545 1327 2604 le·

112 2639 120 2650 ⁸
220 2621 368 2705 parionem
387 2618 567 2696 permissam,
585 2616 637 2678 sed
652 2618 778 2696 praescri
799 2628 861 2678 tum
871 2628 901 2677 et
910 2618 1059 2694 dictatum,
1079 2619 1148 2700 quid
1167 2620 1198 2681 iu
1214 2624 1327 2683 medium

219 2697 356 2778 prolerre
370 2705 407 2754 et
418 2692 553 2773 qualiter
571 2712 602 2759 se
619 2712 724 2774 gerere
744 2639 896 2755 deheredt„
1149 2713 1152 2723 ’

235 2804 239 2842 ,
296 2777 325 2836 2
363 2769 490 2830 loannes
513 2781 607 2830 usum
631 2789 719 2848 presa
736 2769 869 2831 audisset
917 2772 987 2832 Nou
1011 2771 1178 2855 intelligunt
1204 2773 1286 2836 Evau
1307 2793 1327 2834 e·
1362 2831 1363 2844 ,

220 2847 318 2923 littae,
337 2846 481 2907 Ioannem
499 2855 679 2907 commotum
699 2846 786 2919 luisse
805 2847 964 2921 miraculis,
988 2859 1021 2926 ut
1043 2860 1114 2909 tunc
1139 2851 1256 2911 demum
1306 2872 1328 2910 e

219 2924 363 2986 diatorsm
381 2934 564 3005 agnosceret,
581 2921 633 2984 sed
653 2924 719 3002 quia
737 2922 857 2984 videbat
868 2923 1015 2985 Christum
1033 2925 1210 3001 inclaruisse,
1230 2949 1328 3010 oppor-
1356 2924 1360 2953 ¹

217 3013 324 3064 tusum
357 3012 388 3062 et
416 3011 561 3060 maturum
580 2999 692 3060 senisse
716 3012 831 3092 tempus
849 3013 994 3075 statuens,
1023 3023 1084 3083 quo
1113 3024 1195 3062 suurn
1225 3005 1264 3065 de
1287 3006 1328 3065 illo

218 3078 421 3168 testimonium
440 3074 699 3165 comprobaretur,
720 3075 877 3169 discrpulos
895 3099 963 3139 suos
983 3078 1020 3137 ad
1039 3099 1104 3139 eum
1123 3081 1225 3140 misit..
1252 3079 1328 3168 Quod¹

219 3153 1168 3320 uua:uas:tersurus:statuet
1181 3169 1328 3296 stau

219 3303 337 3396 Fuvpla
357 3315 403 3365 est
422 3317 631 3396 etramcurum
649 3306 825 3399 speculatio,
852 3309 901 3387 qui
920 3307 1037 3448 fipffimt
1053 3309 1227 3389 Baptistam,
1253 3331 1329 3392 quun
1362 3311 1363 3388 l

218 3401 400 3462 propinquus
421 3393 496 3443 esset
513 3383 613 3457 morti,
631 3385 807 3446 sciscitatum
828 3403 924 3456 essea
993 3385 1082 3459 sisto,
1102 3387 1182 3465 quod
1201 3399 1329 3468 tanquan

219 3479 253 3518 ex
272 3475 325 3519 ore
345 3457 414 3516 eius
425 3458 572 3539 perferret
590 3460 627 3521 ad
644 3469 741 3542 patres
750 3473 892 3521 mortuos.
929 3459 1019 3542 Atqui
1031 3461 1122 3541 palam
1135 3475 1189 3540 est,
1204 3464 1331 3526 'sanctum

219 3533 328 3597 Christi
346 3553 539 3613 praeconem,
560 3537 628 3617 quia
646 3535 762 3600 videbat
787 3557 819 3598 se
842 3559 904 3598 uon
929 3539 1032 3619 procul
1056 3561 1071 3598 a
1090 3539 1174 3602 stadii
1193 3542 1240 3601 sui
1264 3552 1332 3600 meta

211 3613 337 3687 dissue,
357 3610 514 3702 discipulos
531 3625 630 3674 autem
649 3633 727 3688 suos,
746 3612 816 3674 licet
834 3615 958 3676 multum
975 3614 1084 3676 laboris
1102 3615 1133 3674 in
1150 3615 1208 3676 illis
1230 3617 1333 3678 docen-

219 3690 263 3750 dis
282 3687 459 3768 sumpsisset,
479 3690 573 3751 adhuc
591 3702 689 3752 tamen
708 3710 828 3752 manere
846 3708 1018 3772 suspensos,
1037 3689 1094 3755 boc
1113 3703 1273 3754 extremum
1291 3713 1334 3752 re-

218 3766 345 3826 medium
365 3764 520 3844 quaesiisse
539 3767 683 3828 sanandae
703 3787 806 3828 eorum
823 3767 992 3828 infirmitati.
1035 3761 1179 3830 Fideliter
1201 3771 1251 3848 (ut
1270 3769 1333 3843 dixi)

216 3841 249 3902 iu
267 3841 326 3903 boc
344 3841 526 3916 incubuerat,
544 3856 578 3904 ut
596 3841 728 3925 discipuli
744 3843 893 3906 Christum
911 3845 975 3906 sine
992 3861 1129 3906 moraam
1152 3841 1334 3906 lectereutur.

111 3925 116 3944 ⁸
218 3915 319 3992 Quum
338 3917 451 4000 assidue
470 3917 604 3980 instando
623 3933 683 3981 tam
707 3941 808 4002 parum
832 3921 1008 4001 profecerit,
1036 3941 1097 3982 uon
1121 3866 1171 3982 ahs
1192 3942 1225 3982 re
1245 3923 1334 3993 timet,

215 4013 254 4051 ne
273 4005 485 4074 postmortem
504 4016 584 4055 suam
605 3999 720 4079 penitus
742 3997 889 4059 diffluant:
915 3998 1008 4060 voluit
1034 4017 1104 4090 ergo
1125 4017 1230 4058 eorum
1250 3997 1332 4060 tardi·

176 4081 185 4102 *
213 4075 302 4128 tatem
322 4074 398 4130 serio
424 4073 665 4153 expergefacere,
690 4073 741 4133 uhi
766 4074 803 4134 ad
823 4075 972 4138 Christum
991 4074 1105 4136 dimisit.
1148 4073 1262 4136 Iterum
1280 4075 1333 4136 hoc

80 4145 86 4158 ⁴
213 4139 282 4228 lqco
301 4145 395 4206 officii
412 4147 458 4208 sui
477 4147 794 4227 monenturllcclesiae
834 4147 955 4228 astures,
974 4171 1013 4212 ne
1031 4149 1268 4244 discipulos'sibi
1286 4151 1330 4212 ad·
1362 4223 1363 4230 ἵ

180 4283 183 4290 ,
211 4213 304 4304 «lectos
321 4232 355 4310 pt
374 4225 456 4302 quasi
475 4225 625 4298 devinctos
643 4235 746 4286 tenere
765 4171 909 4304 studeant,
926 4227 977 4290 sed
988 4227 1023 4290 ad
1037 4225 1183 4291 Christum
1197 4229 1330 4313 dirigere,
1362 4249 1363 4315 q

202 4301 611 4384 ·qurun1curestltiagister.
641 4299 751 4362 ,tuitio
777 4304 925 4382 professus
950 4315 1011 4368 erat
1034 4303 1183 4408 Ioaqnes,
1208 4326 1245 4368 se
1274 4323 1330 4366 nor
