2786 4742
214 221 273 286 aaa
392 181 414 190 ’“
505 241 508 249 ·
651 169 805 280 suerro
825 213 895 278 vu

177 351 188 372 ‘
215 357 367 444 grment?
392 357 525 430 Sciamus
545 377 631 442 ergo,
649 360 816 425 immundos
835 359 953 444 spiritus
971 361 1021 438 (ot
1037 368 1108 422 sunt
1127 358 1223 421 devoti
1236 357 1320 436 esitio)

215 435 344 527 generis·
357 435 476 528 bumeni
499 436 604 530 hoster·
625 457 706 517 esse,
738 450 773 502 ut
800 451 991 522 quoscunque
1019 448 1146 518 possunt
1168 437 1199 499 in
1217 435 1319 508 eundem

215 533 315 576 seeum
334 523 487 588 intentum
527 515 710 596 raecipitent.
1158 531 1160 542 ’

292 589 384 652 Marc.
408 596 455 656 to
498 533 629 652 'lenm
650 590 693 652 od
713 591 819 652 Iesum.
863 590 921 652 Hic
944 589 1060 674 insigne
1087 587 1227 652 babemm
1248 588 1321 650 docu-

107 723 112 732 ‚
215 677 362 742 mentum,
381 687 444 729 non
464 687 579 743 omnes,
598 669 649 749 qui
668 669 726 730 Dei
746 689 862 729 manum
881 680 1056 750 agnoscunt,
1073 667 1219 746 prolicere
1238 677 1268 727 ut
1282 666 1319 726 de·

217 743 319 817 orbat,
344 763 403 824 quo
427 763 459 804 se
478 765 547 811 vera
565 745 676 828 pietate
694 745 739 808 illi
761 746 924 807 subiiciant.
962 744 1124 824 Perspecto
1145 743 1275 804 miraculo
1291 739 1320 800 tl·

86 865 92 885 .
216 831 356 881 mucrunt
375 817 539 896 Gadareni,
562 842 669 904 nempe
696 823 763 903 quia
787 822 818 881 in
838 822 959 885 Christo
983 819 1152 900 refulgebat
1173 820 1228 880 Dei
1250 817 1319 880 maie·

167 895 181 928 ‘
216 907 284 958 stas.
321 895 415 958 Recte
435 897 588 959 hactenus:
609 900 660 960 sed
694 899 754 960 uod
771 899 854 958 illum
875 920 891 960 a
910 898 1017 960 finibus
1036 901 1094 958 suis
1105 899 1250 977 ablegant,
1266 891 1319 974 quid

217 991 255 1034 eo
276 972 406 1035 deterius
424 975 489 1034 fieri
508 976 623 1055 potuit?
688 987 754 1036 rant
772 975 826 1056 ipsi
840 995 959 1056 quoque
979 975 1122 1055 dissipati:
1145 975 1225 1036 adest
1241 982 1319 1053 pastor

218 1049 271 1130 qui
291 1049 422 1140 colligit:
448 1052 508 1112 imo
527 1051 608 1116 Deus
635 1072 689 1133 per
712 1052 802 1113 lilium
828 1073 912 1114 suum
932 1051 1049 1112 brachia
1070 1045 1213 1146 porrigit}
1237 1061 1266 1133 ut
1279 1065 1319 1107 suu

217 1125 438 1266 dilituit
456 1125 572 1270 tili
602 1129 721 1268 {titi
749 1127 949 1268 tillidi.
965 1126 1319 1270 tilil‘iiilillaiill

212 1279 295 1342 tiam.
333 1281 481 1343 Videntur
499 1227 617 1363 quidepl
635 1226 753 1346 boisel
765 1303 926 1364 porcorum
944 1281 1065 1355 eliensi,
1081 1282 1135 1344 sed
1147 1225 1236 1342 Lucis
1254 1275 1321 1338 altio·

216 1375 282 1418 rem
301 1378 415 1420 causam
434 1370 534 1438 notat,
562 1361 642 1441 quod
655 1379 770 1444 magno
795 1359 903 1422 timore
922 1358 1052 1440 correpti
1076 1359 1192 1433 forent,
1214 1367 1241 1418 et
1257 1362 1319 1414 certe

217 1427 1320 1594 ru1¹²affuer.‘¹;;u²².¹.ue.uru⁰urimur*tuuis

216 1599 317 1649 tamen
336 1587 465 1668 perculsi
482 1593 619 1672 cupiunt,
638 1591 743 1673 procul
760 1592 875 1653 abesse:
894 1590 1040 1672 ridemus,
1060 1610 1115 1652 eos
1133 1555 1218 1650 nlnllo
1260 1580 1319 1642 stiae

217 1662 332 1724 divinae
356 1683 446 1727 sensu
470 1667 558 1732 iuisse
576 1680 679 1730 tactos.
717 1669 758 1728 Et
775 1680 858 1730 certe
877 1667 1129 1747 quamvisomnes
1149 1661 1227 1746 impii
1268 1675 1318 1718 eum

216 1739 360 1817 adorent,
390 1753 421 1802 et
439 1743 470 1803 in
491 1764 528 1806 eo
547 1743 689 1825 placando
711 1742 835 1805 multum
855 1755 1029 1808 consumant
1049 1743 1174 1818 laboris,
1202 1739 1316 1823 nunqu

74 1884 77 1891 ¹
217 1815 338 1904 daretur
355 1818 458 1898 optio,
479 1841 565 1899 quam
585 1820 753 1913 longissime
772 1840 803 1880 se
823 1820 859 1881 ab
881 1839 918 1882 eo
937 1821 1153 1896 subducerent,
1171 1816 1235 1898 qula
1250 1825 1316 1873 tern-

143 1901 147 1924 ⁸
216 1889 285 1982 biles
305 1893 367 1954 eius
387 1893 488 1972 iacies,
510 1916 595 1975 quam
616 1897 667 1956 diu
685 1895 810 1956 iudicem
830 1897 929 1978 potirb
950 1919 1036 1978 quam
1054 1909 1171 1978 patrem
1189 1892 1262 1956 illum
1278 1904 1314 1972 to:

215 1977 322 2052 getam.
371 1969 450 2031 Hinc
478 1969 512 2032 fit
539 1983 573 2034 ut
596 1972 748 2054 Evangelii
777 1973 928 2046 doctriua,
956 1995 1016 2054 qua
1039 1975 1115 2036 nibil
1136 1970 1243 2036 suarius
1262 1965 1313 2042 5⁰5¹

216 2055 333 2127 potest,
356 2048 461 2129 passim
480 2048 570 2111 tristis
590 2061 621 2110 et
639 2050 744 2114 acerba
763 2050 817 2125 sit,
839 2062 873 2110 ut
892 2050 971 2111 bona
990 2069 1058 2144 pars
1083 2049 1185 2144 mundi
1201 2041 1314 2140 repulit?

216 2125 666 2266 statuerumt?
683 2139 862 2285 {euleu
880 2114 1312 2286 numiam

218 2275 330 2346 Christi
346 2297 473 2370 reguum
497 2284 555 2344 suis
575 2281 736 2346 commodis
755 2282 1008 2362 adres-summme,
1039 2301 1133 2363 pravo
1152 2277 1239 2341 carnis
1254 2277 1312 2331 matu
1349 2303 1350 2312 2

216 2367 354 2435 occupatl
378 2359 502 2439 gratiam
528 2359 589 2421 eius
615 2379 675 2421 non
701 2370 827 2440 gustant.
874 2359 978 2438 ltaque
1003 2360 1066 2420 eius
1098 2359 1220 2418 adventu
1239 2349 1310 2410 Deus*

217 2435 310 2524 magis
332 2434 441 2496 iratum
467 2457 554 2517 quam
579 2441 637 2518 prd
657 2437 739 2497 itium
765 2455 826 2498 esse
850 2445 1002 2518 putantes,
1026 2448 1168 2516 quantum
1191 2425 1310 2492 tuscul

216 2508 274 2571 aluo
293 2510 390 2605 ipsum
408 2513 574 2574 amandant.
644 2535 680 2576 oc
692 2522 799 2606 ‘autem'
816 2511 897 2573 foedi
915 2512 1043 2604 stuporis
1060 2512 1176 2650 signum
1186 2517 1235 2598 est,
1251 2491 1309 2579 qnod

217 2605 271 2650 eos
290 2608 382 2672 magus
399 2601 672 2670 terret-porcorum
691 2601 811 2666 nactura,
830 2610 916 2670 quam
935 2607 1048 2651 animae
1067 2612 1097 2652 sa
1111 2611 1144 2650 us
1164 2583 1289 2648 exbrlartl

294 2663 366 2726 buc.
385 2669 432 2732 38.
469 2665 599 2743 Rogavit
619 2681 714 2727 oum
739 2669 792 2727 dr.
844 2665 994 2728 Gadartni
1025 2665 1174 2728 Christum
1202 2653 1268 2739 apud
1288 2663 1310 2738 {l
1348 2657 1349 2698 l

215 2739 297 2802 terre
314 2752 480 2834 nequeunt:
501 2745 551 2822 qui
569 2754 666 2808 autem
685 2763 702 2802 a
721 2742 879 2808 daemonio
899 2743 1037 2805 liberatus
1058 2755 1113 2818 esu
1132 2738 1227 2802 relicta
1241 2737 1310 2822 ΡΨ

217 2835 285 2953 aum
304 2829 386 2900 cupit
402 2818 497 2899 aequi.
535 2820 613 2882 Hinc
637 2831 773 2900 apparet,
797 2831 939 2900 quantum
960 2819 1038 2880 iuter
1062 2817 1175 2881 divinae
1199 2813 1310 2895 bonitati

217 2911 235 2952 e
289 2896 418 2956 olentiae
437 2895 572 2961 notitiam
592 2896 723 2970 intersit,
742 2898 809 2978 quia
828 2897 960 2975 potentia
985 2895 1172 2958 formidinem
1193 2891 1309 2951 incubent

216 2989 235 3032 a
289 2970 318 3032 ei
346 2992 376 3032 as
399 2969 466 3033 'ectu
496 2972 631 3034 homines
654 2972 739 3066 fugat
766 2972 914 3066 longeque
939 2973 1081 3055 dispellit:
1106 2969 1216 3034 bonitas
1235 2969 1311 3021 auten
1347 3027 1348 3046 ,

217 3049 345 3110 suaviter
369 2993 473 3124 allicit,
503 3061 537 3110 nt
556 3047 617 3110 ‘sini
643 3049 716 3110 nibil
736 3050 893 3130 optabilius
913 3069 976 3112 esse
994 3060 1138 3124 statuant,
1166 3033 1309 3128 pumpil
1347 3077 1348 3084 κ

174 3186 180 3198 ,
216 3142 280 3185 esse
300 3123 408 3186 unitos.
454 3125 518 3188 Cur
540 3137 638 3188 autem
658 3125 791 3188 Christus
816 3128 893 3188 hunc
918 3139 1034 3196 recuset
1058 3127 1166 3186 babere
1189 3123 1308 3180 comitem

152 3252 156 3267 .
214 3200 361 3262 incertum
380 3212 441 3276 est,
466 3201 522 3264 nisi
541 3201 622 3283 quod
640 3203 810 3266 uberiorem
830 3204 957 3266 fructum
980 3201 1049 3264 inde
1068 3201 1310 3284 venturumpptftj

215 3277 278 3354 bat,
297 3278 321 3338 si
340 3277 418 3358 apud
426 3278 552 3360 gentiles
572 3301 640 3341 suos
658 3292 719 3342 tam
734 3279 923 3418 praeclari-ac
935 3280 1089 3364 singularis
1109 3269 1308 3390 beneficutttlff

216 3363 308 3430 esset,
354 3354 422 3437 uod,
437 3356 527 3416 etiam
544 3357 661 3419 Marcus
685 3371 716 3420 et
761 3359 827 3419 usas
845 3369 989 3419 testantur
1008 3358 1115 3420 iactum
1136 3370 1203 3414 esse.
1237 3341 1320 3434 9ΰο-

214 3429 300 3494 iubet
318 3432 345 3492 C
367 3433 452 3494 rictus
471 3453 591 3495 narrare
610 3453 685 3514 opus
704 3435 773 3508 Dei,
793 3455 855 3496 non
873 3457 966 3510 suum,
986 3435 1044 3496 boc
1063 3429 1184 3496 consilio
1203 3423 1270 3512 sauls
1285 3416 1308 3467 ut
1346 3493 1347 3496 ,

215 3528 271 3592 pro
289 3527 362 3572 vtro
380 3507 439 3568 Dei
459 3510 597 3572 ministro
623 3524 655 3572 et
672 3511 823 3593 Propheta
846 3511 961 3572 habitus
984 3511 1112 3572 docendi
1136 3502 1306 3572 auctorital‘l!
1346 3509 1347 3572 l

202 3585 359 3668 ,obtineat
398 3584 448 3646 Sic
468 3587 546 3648 enim
565 3587 705 3669 paulatim
724 3586 835 3668 erudiri
847 3589 980 3673 oportuit
999 3588 1102 3649 rudem
1119 3577 1305 3666 populums‚⁶l¹
1346 3589 1347 3610 ¹

215 3662 349 3725 nondum
373 3663 492 3746 cognita
514 3673 580 3726 'erat
604 3665 666 3728 eius
692 3663 836 3726 divinitas.
886 3666 1061 3746 Quanquam
1085 3649 1305 3745 auremochmus

214 3740 292 3802 scala
317 3749 375 3816 est,
400 3759 454 3821 per
473 3761 561 3822 quarn
577 3741 620 3802 'ad
639 3744 738 3804 Deum
762 3743 881 3803 Patrem
905 3741 1127 3814 conscenditur,
1151 3752 1212 3820 quia
1231 3729 1304 3806 iamet

203 3815 349 3878 'nondum
372 3815 534 3898 patefactus
558 3830 636 3897 erat,
665 3818 781 3881 initium
803 3840 820 3880 a
839 3820 929 3880 Patre
953 3819 1040 3893 lecit,
1070 3819 1169 3885 donec
1191 3804 1304 3891 maturius

215 3906 293 3956 esset
311 3895 527 3975 opportunitas.
564 3895 652 3957 Nunc
671 3896 804 3958 addenda
823 3907 869 3958 est
886 3915 1030 3982 anagoge.
1069 3891 1267 3957 Christusenrm
1281 3879 1302 3923 ¹³

214 3972 300 4034 unius
325 3970 450 4033 hominis
476 3993 602 4052 persona
632 3974 693 4034 eius
713 3973 824 4057 gratiae
843 3974 991 4054 specimen
1011 3973 1115 4048 edidit,
1139 3979 1207 4046 quae
1223 3950 1253 4014 ad
1267 3956 1302 4032 ἴθ’
1345 4021 1346 4054 ,

213 4057 277 4108 tum
296 4069 390 4130 genus
409 4047 566 4112 humanum
586 4051 759 4110 extenditur.
798 4051 860 4110 Etsi
872 4050 950 4110 enim
969 4071 1031 4113 non
1050 4049 1241 4128 torquemura
1258 4021 1300 4150 lldl'·

118 4139 120 4145 '
213 4122 304 4199 bolo,
322 4121 379 4186 bos
397 4136 496 4188 tamen
514 4126 571 4188 sibi
589 4128 771 4207 mancipatos
788 4125 896 4201 babet,
920 4127 1016 4189 donec
1040 4127 1077 4188 ab
1100 4123 1159 4184 eius
1179 4105 1300 4230 tyrannii

214 4215 270 4258 uos
288 4201 418 4278 uindicet¹
436 4201 527 4265 Filius
546 4203 614 4264 Dei.
652 4203 742 4278 Nudi,
761 4203 851 4264 laceri
871 4216 901 4263 et
921 4204 1068 4266 deformes
1084 4201 1245 4264 aberrafflsstr
1270 4188 1300 4262 .⁰'

80 4323 90 4339 ..
197 4279 271 4332 *uec
290 4283 378 4336 sanae
403 4289 434 4346 et
450 4281 639 4361 'compositae
662 4281 756 4340 menti
778 4301 833 4342 nos
857 4281 999 4342 restituat
1043 4280 1192 4361 Superest,
1214 4269 1241 4322 ul
1255 4259 1300 4314 ⁸¹¹⁸

215 4348 338 4433 gratiam
354 4354 537 4433 celebrando
556 4357 774 4458 gratitudinem
786 4369 916 4423 nostram
934 4369 1084 4448 testemur.
