2786 4742
203 245 205 254 ’
298 231 360 306 (80.
378 226 483 289 Messis
503 219 632 307 copiosa,
650 211 701 292 sed
721 229 850 322 operarii
867 227 978 308 pauci.)
1050 175 1066 234 'l
1145 183 1205 298 225
1251 257 1254 270 .

8 359 10 396 ³
96 355 259 452 raesenteni
284 369 343 430 Dei
368 370 491 452 gratiani
515 369 566 443 ita,
582 367 692 430 efferre
714 366 869 448 volebant,
895 383 939 445 ut,
957 371 1106 454 prioribus
1130 373 1204 435 nibil

73 395 271 512 detraherent.
309 447 349 506 Et
368 447 531 508 notandum
551 457 610 520 est,
634 465 696 526 non
716 445 808 508 luisse
825 449 989 510 meditatam
1008 471 1128 528 vocem,
1151 451 1204 513 sed
1254 493 1264 508 ι.
1289 471 1292 479 ·

73 546 147 608 quae
168 545 202 584 eii
221 523 415 585 admiratione
433 523 531 584 subito
551 522 658 602 erupit.
1214 571 1215 574 ,

137 593 197 666 34.
234 599 275 658 Iri
288 602 423 674 principe
442 598 657 658 daemoniorum
677 612 727 660 etc.
766 599 845 660 Hinc
866 610 996 680 apparet,
1015 617 1125 683 quanto
1152 605 1201 678 iu·¹
1250 621 1254 640 ¹

73 697 143 738 rore
163 677 269 770 perciti
290 676 409 750 fuerint,
432 679 481 755 qui
501 689 559 735 tam
579 675 761 756 praeclarum
782 677 932 756 Deivopus
952 677 1042 768 impio
1064 683 1200 745 convitio

95 753 264 814 rescindere
288 774 348 813 non
373 764 440 812 sunt
464 752 559 812 veriti.
604 752 742 828 Nptanda
769 753 846 812 enim
875 764 919 812 est
944 753 1092 816 antithesis
1123 757 1204 822 inter

31 899 33 904 ¹
73 777 309 909 laudempopuli
330 828 485 889 ethorum
505 827 725 910 blasphemiam.
765 829 857 964 (pund
878 827 955 888 enim
968 819 1045 896 dicit
1064 853 1103 911 po
1126 835 1203 912 ulus,

74 918 225 986 nunquam
250 907 290 966 sic
316 905 423 966 iactum
445 919 506 966 esse
531 907 562 964 in
588 905 695 980 lsrael,
720 927 775 966 eon
791 906 866 969 essio
891 916 936 965 est
955 906 1068 968 divinae
1091 856 1204 988 gloriae

40 1039 42 1050 ,
72 1004 160 1048 sensu
181 991 414 1064 expressaeque
439 982 542 1072 melius
562 1004 597 1062 ap
621 993 699 1057 aret,
720 1004 838 1062 prorsus
858 981 990 1042 rabiosos
1016 982 1102 1044 luisse
1123 985 1204 1064 istos,

74 1060 125 1140 qui
145 1059 211 1120 Deo
236 1058 318 1120 velut
336 1059 367 1118 in
393 1058 496 1120 faciem
520 1058 576 1118 mal
617 1059 695 1119 icere
715 1059 832 1118 audent.
875 1058 970 1118 Simul
993 1070 1092 1119 tamen
1113 1061 1204 1124 doce·
1251 1081 1253 1090 ¹

71 1158 153 1207 nint,
173 1134 224 1196 ubi
244 1135 279 1195 ad
301 1147 461 1196 extremum
482 1135 630 1196 coecitatis
649 1134 733 1196 venit
757 1133 907 1216 impiatas',
932 1133 1044 1202 nullum
1064 1156 1126 1197 esse
1140 1133 1210 1216 tam
1277 1209 1280 1216 ,

68 1213 257 1273 manifestum
275 1211 445 1292 Deiopea,
475 1212 554 1292 quod
576 1233 638 1272 non
657 1225 815 1291 pervertat.
854 1212 907 1272 Est
927 1212 1045 1293 quidem
1070 1212 1204 1275 bocin-

71 1287 215 1350 credIbile
240 1300 428 1370 portentum,
452 1287 587 1348 homines
611 1289 749 1348 mortales
777 1289 807 1348 in
832 1311 915 1350 suum
930 1288 1080 1368 ‚opificem
1106 1289 1204 1351 insur—
1294 1301 1297 1308 ’

70 1385 154 1448 gere,
172 1365 223 1426 sed
245 1385 281 1424 eo
302 1357 394 1446 magis
413 1361 543 1426 timenda
563 1376 607 1424 est
626 1362 676 1423 illa
696 1386 783 1443 quain
795 1364 851 1424 diiii
872 1358 1051 1444 excoecatio,
1071 1367 1205 1446 quaDo-

8 1453 9 1526 ζ
70 1442 167 1504 minus
186 1441 295 1522 impios
314 1451 383 1522 post
400 1439 521 1525 longam
538 1441 726 1502 tolerantiam
744 1439 902 1503 ulciscitur.
1029 1453 1032 1462 “
1205 1439 1208 1447 “

8 1739 11 1776 2
84 1708 197 1789 ise.)
242 1689 494 1812 primicii.
549 1707 600 1773 35.
615 1761 618 1783 ,
635 1707 678 1774 ni
708 1707 895 1775 circumibat
931 1697 1022 1776 ies-ui
1058 1713 1202 1782 civitates

8 1819 11 1884 ἓ
71 1816 242 1883 omnesne
261 1811 367 1888 visor,
390 1809 512 1876 docens
534 1811 568 1874 in
589 1812 762 1895 synagogis
783 1807 929 1892 illorum,
959 1824 991 1879 et
1012 1813 1204 1902 praedicans
1284 1897 1286 1906 ,

8 1973 10 2008 Ι
55 1908 282 1996 'Evangelium
302 1913 403 1996 regni,
425 1922 458 1976 et
478 1932 594 1976 sanans
615 1932 743 1976 omnem
765 1909 922 1994 morbum,
945 1909 977 1979 et
987 1923 1115 1982 omnem
1134 1913 1231 1981 lan··
1276 1965 1279 1972 s

8 2049 10 2087 ς
70 2031 203 2096 guorem
225 2013 258 2074 in
280 2010 414 2099 populo.
456 2013 507 2077 36.
529 2012 638 2098 Quum
660 2010 796 2077 vidisset
817 2023 922 2080 autem
943 2014 1062 2094 turbas,
1084 2015 1232 2080 aflectui

8 2133 9 2166 1
69 2110 311 2177 misericordiae
333 2123 436 2178 tactus
466 2122 514 2177 est
535 2134 611 2196 erga
637 2112 729 2190 illos,
755 2112 844 2198 quod
873 2115 1145 2198 essentssdestituti
1166 2137 1205 2180 ao
1268 2097 1272 2108 ⁸

8 2289 9 2292 Ἴ
71 2211 219 2296 dispersi,
239 2209 330 2276 velut
350 2233 430 2277 oves
449 2232 519 2276 non
543 2210 701 2276 habentes
722 2221 894 2295 pastorem.
934 2215 987 2278 37.
1011 2214 1106 2278 Τιιιιο
1127 2214 1206 2280 dicit
1304 2193 1309 2214 i
1384 2229 1385 2292 j

8 2307 13 2390 ζ,
71 2310 241 2396 discipulis
255 2314 329 2389 suis,
353 2313 424 2397 lpsa
436 2309 568 2395 quidem
579 2311 690 2374 messis
704 2313 849 2397 eopiosa,
872 2311 930 2376 sod
943 2315 1086 2399 operarii
1099 2315 1204 2398 pauci.

8 2439 10 2471 i
70 2413 122 2477 38.
141 2408 267 2494 Rogata
288 2413 385 2495 igitur
410 2409 577 2476 dominum
601 2411 726 2490 messis,
756 2419 792 2475 ut
813 2415 987 2496 operarios>
1003 2412 1150 2505 extrudat
1170 2417 1205 2478 in

8 2599 9 2602 Ἴ
53 2532 208 2577 -messem
229 2532 327 2594 suam.
491 2551 494 2562 ·
1151 2532 1158 2537 ·

143 2659 254 2736 ,Mittin
280 2674 332 2734 35.
382 2665 741 2728 cismontanos.
792 2669 861 2729 Hoc
891 2689 946 2761 per
976 2665 1206 2750 occupationem
1241 2717 1242 2720 ι
1336 2686 1341 2692 ·

72 2745 264 2826 dictumest,
289 2746 322 2804 iit
341 2743 479 2819 sciamus,
505 2757 601 2805 totum
623 2744 735 2810 Christi
760 2746 955 2808 ministerium
975 2743 1121 2827 sigillatim
1142 2767 1204 2806 non
1245 2767 1247 2774 ’

8 2825 9 2886 l
71 2821 209 2895 describi,
230 2821 467 2901 quandoquidem
487 2823 518 2882 in
538 2844 589 2883 sua
609 2821 762 2883 functione
775 2823 904 2887 assiduus
924 2822 1026 2898 suerit,
1044 2842 1152 2902 nempe
1172 2833 1206 2884 iit

8 2901 10 2922 “
70 2898 170 2960 salutis
191 2898 353 2958 doctrinam
373 2920 392 2979 p
415 2899 548 2975 blicaret,
570 2898 676 2960 deinde
697 2919 760 2959 eam
780 2900 907 2960 sanciret
926 2899 1029 2960 additis
1048 2898 1203 2962 miraculis.
1223 2923 1225 2928 ’

8 2979 11 3011 ³
71 2975 265 3050 Evangeliom
354 2923 421 3045 tal>
448 2977 558 3038 effectu
577 2979 692 3048 vocari,
724 2976 875 3037 iam'alibi
896 2977 1031 3036 diximus:
1064 2977 1130 3055 quia
1151 2976 1205 3052 hae

8 3057 11 3092 l
72 3053 188 3113 ratione
209 2996 379 3133 dissidiiiim
399 3053 503 3113 misere
523 3053 665 3132 populum
676 3053 815 3114 Deus'ad
834 3073 866 3113 se
886 3052 1017 3134 collegit,
1037 3064 1071 3112 ut
1089 3052 1120 3112 in
1140 3074 1204 3112 nie-

9 3131 11 3158 l
72 3129 122 3188 dio
145 3129 205 3188 eius
225 3139 378 3211 regnaret,
400 3141 429 3188 et
449 3129 566 3209 quidem
586 3130 819 3205 tribunal,suum
837 3129 906 3190 ideo
928 3129 1034 3202 erexit,
1063 3140 1096 3209 ut
1115 3129 1205 3211 plena

8 3209 12 3242 ἵ
72 3204 214 3264 felicitare
233 3227 300 3265 snos
310 3225 412 3264 omnes
426 3205 559 3272 donaret.
584 3206 804 3268 Meminerimus
824 3213 935 3282 tamen}
952 3205 1057 3266 subiici
1071 3228 1124 3267 nos
1134 3205 1203 3279 Deo

72 3293 226 3362 oportere,
245 3292 278 3339 ut
297 3281 327 3339 iii
348 3281 507 3342 coelestem
528 3282 653 3364 gloriam
672 3282 708 3358 ab
728 3283 792 3364 ipso
813 3284 978 3356 evehamur.
1020 3344 1021 3355 ,

8 3360 11 3394 ³
148 3363 197 3422 36.
234 3354 370 3439 Affectio
391 3357 605 3419 misericordiae
627 3373 728 3420 ἱιωιιιε.
774 3361 853 3420 Hinc
879 3361 1004 3453 primum
1024 3359 1203 3442 colligimus,

8 3439 10 3490 t
72 3434 165 3514 qualis
178 3433 277 3498 ‘fuerit
294 3435 478 3496 sacerdotum
498 3435 628 3518 ignavia,
660 3436 726 3515 qui,
748 3449 848 3516 quum*
858 3436 1005 3516 distributi
1024 3450 1123 3497 essent
1149 3441 1204 3517 per

60 3521 166 3572 ¹totam
186 3522 305 3586 terrain,
324 3523 358 3570 ut
377 3511 513 3582 coelestis
534 3511 686 3572 doctrinae
708 3511 770 3572 iace
790 3512 1006 3604 praelucerent,
1026 3514 1115 3573 otiosi
1135 3525 1204 3573 sunt

8 3619 9 3622 ¹
71 3599 198 3648 ventres.
238 3587 375 3668 Superbe
392 3587 508 3666 quidem
527 3608 559 3649 se
578 3588 681 3669 populi
701 3590 844 3649 antistites
862 3589 1021 3664 iactabant,
1042 3609 1097 3648 nec
1116 3609 1204 3668 parva

73 3677 137 3724 erat
147 3684 251 3723 eorum
261 3663 431 3740 multitudo,
452 3667 503 3744 qui
522 3663 579 3726 hoc
599 3665 685 3726 titulo
719 3665 910 3727 loriabantur.
950 3666 1084 3728 Christus
1103 3676 1204 3724 tamen

72 3740 185 3808 nullum
208 3759 241 3800 ex
260 3739 317 3801 illis
337 3754 484 3834 pastorem
504 3764 518 3802 a
542 3742 652 3820 noscit,
687 3742 799 3802 bidem
819 3743 908 3804 bodie
927 3741 957 3803 in
971 3744 1085 3823 Papatu
1105 3739 1203 3799 cerni-

72 3827 122 3875 tur
141 3817 273 3893 vastitas,
301 3840 351 3898 qui
370 3829 467 3878 tamen
489 3762 613 3880 reiectus
632 3828 678 3878 est
697 3818 830 3878 titulariis
850 3818 1035 3880 Pastoribus:
1062 3817 1205 3894 immensa

36 3914 42 3926 ’
73 3893 150 3952 enim
172 3906 216 3954 est
235 3913 337 3954 eornm
357 3893 509 3970 colluvies,
534 3896 583 3974 qui
602 3893 656 3954 sub
683 3895 804 3956 nomine
825 3895 987 3957 Clericatus
1011 3891 1129 3974 plebem
1150 3891 1204 3951 de·
1229 3942 1231 3958 ,
1258 3919 1261 3928 ·

93 3969 210 4030 lutiunt.
248 3970 345 4031 Porro
360 3993 450 4064 quum
469 3973 542 4032 muti
561 3972 619 4031 sint
634 3992 734 4053 canes,
754 3992 814 4032 non
834 3984 933 4034 tamen
947 3989 1000 4030 eos
1017 3959 1110 4050 pudel
1121 3988 1203 4029 suam

72 3987 261 4108 hierarchiam
282 4047 423 4110 ferociter
441 4069 557 4109 sonare.
595 4047 655 4107 Sed
673 4048 814 4108 audienda
827 4069 883 4109 vox
896 4046 1019 4120 Christi,
1038 4067 1112 4126 quae
1132 4065 1204 4125 pro-

73 4122 190 4182 nuntiat
208 4124 305 4185 nullos
318 4144 379 4185 esse
399 4137 541 4205 pastores,
560 4125 610 4184 iibi
631 4145 691 4184 non
702 4136 771 4186 sunt
782 4123 926 4205 operariis
945 4143 1031 4204 vagas
1043 4144 1077 4184 ac
1091 4121 1205 4202 disper-

73 4217 117 4256 sas
138 4215 200 4260 esse
221 4199 305 4276 ovesl
331 4221 406 4281 quae
425 4200 576 4284 Evangelii
602 4201 737 4262 doctrina
761 4200 793 4260 iri
812 4199 871 4260 Dei
896 4199 974 4260 ovile
992 4219 1054 4259 non
1076 4216 1205 4281 congre·

53 4284 188 4361 gantur.
228 4277 322 4352 Quod
340 4290 437 4338 antem
456 4266 821 4366 misericordietadgitur,
844 4275 962 4357 fidelem
981 4295 1013 4336 se
1032 4276 1127 4337 Patris
1146 4275 1204 4335 ini-

71 4360 198 4412 nistrum
217 4353 376 4433 probatio
395 4355 523 4417 curanda
547 4353 651 4437 populi
669 4355 778 4436 salute,
802 4353 885 4418 cuius
909 4371 996 4416 caiisa
1015 4375 1133 4428 carnem
1157 4353 1205 4414 in·

8 4434 13 4484 f
97 4448 190 4498 citrini
203 4467 287 4501 comm.
301 4454 326 4500 iii
340 4456 421 4506 lierni.
435 4457 480 4506 nv.
496 4457 552 4505 voi.
565 4457 587 4506 1.
719 4502 721 4516 ,
964 4435 1003 4497 15

8 4553 9 4562 ἵ
125 4529 133 4548 .,
501 4529 515 4556 ι
777 4555 779 4564 ,
