<?xml version="1.0" encoding="UTF-8"?>
<!DOCTYPE html PUBLIC "-//W3C//DTD XHTML 1.0 Transitional//EN"
    "http://www.w3.org/TR/xhtml1/DTD/xhtml1-transitional.dtd">
<html xmlns="http://www.w3.org/1999/xhtml" xml:lang="en" lang="en">
 <head>
  <title>
</title>
<meta http-equiv="Content-Type" content="text/html;charset=utf-8" />
  <meta name='ocr-system' content='tesseract 3.04.00' />
  <meta name='ocr-capabilities' content='ocr_page ocr_carea ocr_par ocr_line ocrx_word'/>
</head>
<body>
  <div class='ocr_page' id='page_1' title='image "./innovumtestamen01tholgoog_0332.png"; bbox 0 0 2786 4742; ppageno 0'>
   <div class='ocr_carea' id='block_1_1' title="bbox 312 171 1194 279">
    <p class='ocr_par' dir='ltr' id='par_1_1' title="bbox 312 171 1194 279">
     <span class='ocr_line' id='line_1_1' title="bbox 312 171 1194 279; baseline 0.01 -14"><span class='ocrx_word' id='word_1_1' title='bbox 312 239 352 254; x_wconf 57' lang='grc' dir='ltr'><strong>«ι</strong></span> <span class='ocrx_word' id='word_1_2' title='bbox 397 181 651 279; x_wconf 71' lang='lat' dir='ltr'><strong>Arosroionura</strong></span> <span class='ocrx_word' id='word_1_3' title='bbox 668 219 868 274; x_wconf 82' lang='lat' dir='ltr'><strong>rnsrrrurro.</strong></span> <span class='ocrx_word' id='word_1_4' title='bbox 1079 171 1194 274; x_wconf 51' lang='lat' dir='ltr'><strong>Atel</strong></span> 
     </span>
    </p>
   </div>
   <div class='ocr_carea' id='block_1_2' title="bbox 66 335 1197 442">
    <p class='ocr_par' dir='ltr' id='par_1_2' title="bbox 66 335 1197 442">
     <span class='ocr_line' id='line_1_2' title="bbox 66 335 1197 442; baseline 0.001 -22"><span class='ocrx_word' id='word_1_5' title='bbox 66 353 147 432; x_wconf 83' lang='lat' dir='ltr'><strong>hus,</strong></span> <span class='ocrx_word' id='word_1_6' title='bbox 177 354 280 420; x_wconf 81' lang='lat' dir='ltr'><strong>Filius</strong></span> <span class='ocrx_word' id='word_1_7' title='bbox 294 335 396 419; x_wconf 44' lang='lat' dir='ltr'><strong>&#39;etiam</strong></span> <span class='ocrx_word' id='word_1_8' title='bbox 423 351 797 438; x_wconf 86' lang='lat' dir='ltr'><strong>hominisconfitebitur</strong></span> <span class='ocrx_word' id='word_1_9' title='bbox 822 351 912 418; x_wconf 86' lang='lat' dir='ltr'><strong>illum</strong></span> <span class='ocrx_word' id='word_1_10' title='bbox 939 373 1047 420; x_wconf 86' lang='lat' dir='ltr'><strong>coram</strong></span> <span class='ocrx_word' id='word_1_11' title='bbox 1073 352 1197 442; x_wconf 76' lang='lat' dir='ltr'>angelis</span> 
     </span>
    </p>
   </div>
   <div class='ocr_carea' id='block_1_3' title="bbox 65 453 1306 541">
    <p class='ocr_par' dir='ltr' id='par_1_3' title="bbox 65 453 1306 541">
     <span class='ocr_line' id='line_1_3' title="bbox 65 453 1306 541; baseline -0.002 -21"><span class='ocrx_word' id='word_1_12' title='bbox 65 455 145 522; x_wconf 88' lang='lat' dir='ltr'><strong>Dei.</strong></span> <span class='ocrx_word' id='word_1_13' title='bbox 186 457 216 520; x_wconf 88' lang='grc'><strong>9.</strong></span> <span class='ocrx_word' id='word_1_14' title='bbox 239 454 307 541; x_wconf 89' lang='lat' dir='ltr'><strong>Qui</strong></span> <span class='ocrx_word' id='word_1_15' title='bbox 329 465 434 519; x_wconf 89' lang='lat' dir='ltr'><strong>autem</strong></span> <span class='ocrx_word' id='word_1_16' title='bbox 455 456 621 540; x_wconf 84' lang='lat' dir='ltr'><strong>negaverit</strong></span> <span class='ocrx_word' id='word_1_17' title='bbox 639 465 690 517; x_wconf 90' lang='lat' dir='ltr'><strong>me</strong></span> <span class='ocrx_word' id='word_1_18' title='bbox 712 475 819 517; x_wconf 90' lang='lat' dir='ltr'><strong>coram</strong></span> <span class='ocrx_word' id='word_1_19' title='bbox 840 453 1037 535; x_wconf 89' lang='lat' dir='ltr'><strong>hominibus,</strong></span> <span class='ocrx_word' id='word_1_20' title='bbox 1064 453 1198 540; x_wconf 86' lang='lat' dir='ltr'><strong>negabi-</strong></span> <span class='ocrx_word' id='word_1_21' title='bbox 1260 457 1267 482; x_wconf 92' lang='lat'>&#39;</span> <span class='ocrx_word' id='word_1_22' title='bbox 1303 535 1306 540; x_wconf 20' lang='grc' dir='ltr'><strong><em>Ι</em></strong></span> 
     </span>
    </p>
   </div>
   <div class='ocr_carea' id='block_1_4' title="bbox 7 553 1280 1243">
    <p class='ocr_par' dir='ltr' id='par_1_4' title="bbox 7 553 1280 1243">
     <span class='ocr_line' id='line_1_4' title="bbox 66 553 1197 644; baseline 0.003 -24"><span class='ocrx_word' id='word_1_23' title='bbox 66 565 123 620; x_wconf 91' lang='lat' dir='ltr'><strong>tur</strong></span> <span class='ocrx_word' id='word_1_24' title='bbox 146 577 253 622; x_wconf 87' lang='lat' dir='ltr'><strong>coram</strong></span> <span class='ocrx_word' id='word_1_25' title='bbox 275 554 478 641; x_wconf 85' lang='lat' dir='ltr'><strong>angelisDei.</strong></span> <span class='ocrx_word' id='word_1_26' title='bbox 493 553 641 642; x_wconf 69' lang='lat' dir='ltr'><strong>&lt;Eodem</strong></span> <span class='ocrx_word' id='word_1_27' title='bbox 661 555 790 644; x_wconf 81' lang='lat' dir='ltr'><strong>cupite.)</strong></span> <span class='ocrx_word' id='word_1_28' title='bbox 815 553 864 617; x_wconf 87' lang='grc'><strong>51.</strong></span> <span class='ocrx_word' id='word_1_29' title='bbox 886 554 1008 618; x_wconf 85' lang='lat' dir='ltr'><strong>Putatis</strong></span> <span class='ocrx_word' id='word_1_30' title='bbox 1031 555 1120 642; x_wconf 92' lang='lat' dir='ltr'><strong>quod</strong></span> <span class='ocrx_word' id='word_1_31' title='bbox 1139 580 1197 644; x_wconf 89' lang='lat' dir='ltr'><strong>pa-</strong></span> 
     </span>
     <span class='ocr_line' id='line_1_5' title="bbox 69 653 1280 732; baseline 0.005 -13"><span class='ocrx_word' id='word_1_32' title='bbox 69 677 143 720; x_wconf 88' lang='lat' dir='ltr'><strong>cem</strong></span> <span class='ocrx_word' id='word_1_33' title='bbox 161 659 308 720; x_wconf 81' lang='lat' dir='ltr'>venerim</span> <span class='ocrx_word' id='word_1_34' title='bbox 329 658 483 725; x_wconf 89' lang='lat' dir='ltr'><strong>missurus</strong></span> <span class='ocrx_word' id='word_1_35' title='bbox 504 659 539 722; x_wconf 92' lang='lat' dir='ltr'><strong>in</strong></span> <span class='ocrx_word' id='word_1_36' title='bbox 560 659 715 720; x_wconf 84' lang='lat' dir='ltr'><strong>terram?-</strong></span> <span class='ocrx_word' id='word_1_37' title='bbox 736 655 822 732; x_wconf 77' lang='lat' dir='ltr'><strong>Non.</strong></span> <span class='ocrx_word' id='word_1_38' title='bbox 843 653 917 723; x_wconf 88' lang='lat' dir='ltr'><strong>dieo</strong></span> <span class='ocrx_word' id='word_1_39' title='bbox 936 653 1040 730; x_wconf 80' lang='lat' dir='ltr'><strong>vobis,</strong></span> <span class='ocrx_word' id='word_1_40' title='bbox 1062 658 1126 722; x_wconf 90' lang='lat' dir='ltr'><strong>imo</strong></span> <span class='ocrx_word' id='word_1_41' title='bbox 1147 681 1197 724; x_wconf 90' lang='lat' dir='ltr'><strong>se·</strong></span> <span class='ocrx_word' id='word_1_42' title='bbox 1277 687 1280 698; x_wconf 91' lang='lat'>·</span> 
     </span>
     <span class='ocr_line' id='line_1_6' title="bbox 9 753 1197 842; baseline 0.006 -24"><span class='ocrx_word' id='word_1_43' title='bbox 9 827 18 835; x_wconf 63' lang='lat'>„</span> <span class='ocrx_word' id='word_1_44' title='bbox 67 759 281 842; x_wconf 86' lang='lat' dir='ltr'><strong>parationem.</strong></span> <span class='ocrx_word' id='word_1_45' title='bbox 324 757 373 820; x_wconf 80' lang='lat'><strong>52.</strong></span> <span class='ocrx_word' id='word_1_46' title='bbox 401 753 505 821; x_wconf 88' lang='lat' dir='ltr'><strong>Erunt</strong></span> <span class='ocrx_word' id='word_1_47' title='bbox 526 758 614 824; x_wconf 89' lang='lat' dir='ltr'><strong>enim</strong></span> <span class='ocrx_word' id='word_1_48' title='bbox 640 777 678 820; x_wconf 89' lang='lat' dir='ltr'><strong>ex</strong></span> <span class='ocrx_word' id='word_1_49' title='bbox 705 754 769 820; x_wconf 88' lang='lat' dir='ltr'><strong>hoc</strong></span> <span class='ocrx_word' id='word_1_50' title='bbox 790 757 932 840; x_wconf 88' lang='lat' dir='ltr'><strong>quinque</strong></span> <span class='ocrx_word' id='word_1_51' title='bbox 954 757 987 817; x_wconf 87' lang='lat' dir='ltr'><strong>in</strong></span> <span class='ocrx_word' id='word_1_52' title='bbox 1014 753 1111 819; x_wconf 89' lang='lat' dir='ltr'><strong>domo</strong></span> <span class='ocrx_word' id='word_1_53' title='bbox 1131 777 1197 824; x_wconf 91' lang='lat' dir='ltr'><strong>una</strong></span> 
     </span>
     <span class='ocr_line' id='line_1_7' title="bbox 7 851 1236 936; baseline 0.006 -16"><span class='ocrx_word' id='word_1_54' title='bbox 7 887 8 892; x_wconf 43' lang='lat'>¹</span> <span class='ocrx_word' id='word_1_55' title='bbox 68 851 176 936; x_wconf 83' lang='lat' dir='ltr'><strong>divisi,</strong></span> <span class='ocrx_word' id='word_1_56' title='bbox 195 866 260 922; x_wconf 87' lang='lat' dir='ltr'><strong>tres</strong></span> <span class='ocrx_word' id='word_1_57' title='bbox 279 855 432 922; x_wconf 86' lang='lat' dir='ltr'><strong>adversus</strong></span> <span class='ocrx_word' id='word_1_58' title='bbox 454 856 544 934; x_wconf 68' lang='lat' dir='ltr'><strong>duos</strong></span> <span class='ocrx_word' id='word_1_59' title='bbox 566 866 599 921; x_wconf 84' lang='lat' dir='ltr'><strong>et</strong></span> <span class='ocrx_word' id='word_1_60' title='bbox 617 855 682 922; x_wconf 92' lang='lat' dir='ltr'><strong>duo</strong></span> <span class='ocrx_word' id='word_1_61' title='bbox 705 851 817 920; x_wconf 77' lang='lat' dir='ltr'><strong>centra</strong></span> <span class='ocrx_word' id='word_1_62' title='bbox 838 865 911 919; x_wconf 91' lang='lat' dir='ltr'><strong>tres.</strong></span> <span class='ocrx_word' id='word_1_63' title='bbox 952 855 1003 920; x_wconf 84' lang='lat'><strong>53.</strong></span> <span class='ocrx_word' id='word_1_64' title='bbox 1025 855 1198 928; x_wconf 75' lang='lat' dir='ltr'>Dividetur</span> <span class='ocrx_word' id='word_1_65' title='bbox 1232 855 1236 864; x_wconf 76' lang='grc'>’</span> 
     </span>
     <span class='ocr_line' id='line_1_8' title="bbox 7 955 1198 1046; baseline 0.004 -27"><span class='ocrx_word' id='word_1_66' title='bbox 7 1015 8 1046; x_wconf 22' lang='grc' dir='ltr'><strong>ξ</strong></span> <span class='ocrx_word' id='word_1_67' title='bbox 66 966 163 1042; x_wconf 87' lang='lat' dir='ltr'><strong>pater</strong></span> <span class='ocrx_word' id='word_1_68' title='bbox 184 956 337 1042; x_wconf 72' lang='lat' dir='ltr'><strong>adversus</strong></span> <span class='ocrx_word' id='word_1_69' title='bbox 358 957 476 1036; x_wconf 87' lang='lat' dir='ltr'><strong>filium,</strong></span> <span class='ocrx_word' id='word_1_70' title='bbox 502 968 535 1022; x_wconf 89' lang='lat' dir='ltr'><strong>et</strong></span> <span class='ocrx_word' id='word_1_71' title='bbox 561 956 649 1022; x_wconf 84' lang='lat' dir='ltr'><strong>filius</strong></span> <span class='ocrx_word' id='word_1_72' title='bbox 676 955 828 1022; x_wconf 85' lang='lat' dir='ltr'><strong>adversus</strong></span> <span class='ocrx_word' id='word_1_73' title='bbox 855 965 993 1042; x_wconf 87' lang='lat' dir='ltr'><strong>patrem:</strong></span> <span class='ocrx_word' id='word_1_74' title='bbox 1019 967 1122 1025; x_wconf 85' lang='lat' dir='ltr'><strong>mater</strong></span> <span class='ocrx_word' id='word_1_75' title='bbox 1143 959 1198 1024; x_wconf 88' lang='lat' dir='ltr'><strong>ad-</strong></span> 
     </span>
     <span class='ocr_line' id='line_1_9' title="bbox 66 1055 1199 1136; baseline 0.004 -16"><span class='ocrx_word' id='word_1_76' title='bbox 66 1077 183 1127; x_wconf 86' lang='lat' dir='ltr'><strong>versus</strong></span> <span class='ocrx_word' id='word_1_77' title='bbox 203 1057 318 1136; x_wconf 89' lang='lat' dir='ltr'><strong>filiam,</strong></span> <span class='ocrx_word' id='word_1_78' title='bbox 340 1067 373 1122; x_wconf 92' lang='lat' dir='ltr'><strong>et</strong></span> <span class='ocrx_word' id='word_1_79' title='bbox 393 1056 463 1121; x_wconf 83' lang='lat' dir='ltr'><strong>filia</strong></span> <span class='ocrx_word' id='word_1_80' title='bbox 486 1056 639 1123; x_wconf 84' lang='lat' dir='ltr'><strong>adversus</strong></span> <span class='ocrx_word' id='word_1_81' title='bbox 659 1055 805 1128; x_wconf 85' lang='lat' dir='ltr'><strong>matrem:</strong></span> <span class='ocrx_word' id='word_1_82' title='bbox 832 1077 944 1122; x_wconf 88' lang='lat' dir='ltr'><strong>socrus</strong></span> <span class='ocrx_word' id='word_1_83' title='bbox 967 1057 1120 1127; x_wconf 86' lang='lat' dir='ltr'><strong>adversus</strong></span> <span class='ocrx_word' id='word_1_84' title='bbox 1140 1081 1199 1124; x_wconf 91' lang='lat' dir='ltr'><strong>nu·</strong></span> 
     </span>
     <span class='ocr_line' id='line_1_10' title="bbox 7 1155 877 1243; baseline 0.002 -23"><span class='ocrx_word' id='word_1_85' title='bbox 7 1169 8 1200; x_wconf 80' lang='lat'>³</span> <span class='ocrx_word' id='word_1_86' title='bbox 66 1179 143 1222; x_wconf 89' lang='lat' dir='ltr'><strong>rum</strong></span> <span class='ocrx_word' id='word_1_87' title='bbox 161 1161 258 1238; x_wconf 88' lang='lat' dir='ltr'><strong>suam,</strong></span> <span class='ocrx_word' id='word_1_88' title='bbox 280 1167 313 1222; x_wconf 91' lang='lat' dir='ltr'><strong>et</strong></span> <span class='ocrx_word' id='word_1_89' title='bbox 333 1179 434 1243; x_wconf 77' lang='lat' dir='ltr'><strong>nuqus</strong></span> <span class='ocrx_word' id='word_1_90' title='bbox 453 1155 608 1222; x_wconf 79' lang='lat' dir='ltr'><strong>adversus</strong></span> <span class='ocrx_word' id='word_1_91' title='bbox 630 1179 756 1224; x_wconf 90' lang='lat' dir='ltr'><strong>socrum</strong></span> <span class='ocrx_word' id='word_1_92' title='bbox 777 1179 877 1238; x_wconf 74' lang='lat' dir='ltr'><strong>suam.¹</strong></span> 
     </span>
    </p>
   </div>
   <div class='ocr_carea' id='block_1_5' title="bbox 7 1347 1287 2120">
    <p class='ocr_par' dir='ltr' id='par_1_5' title="bbox 7 1347 1287 2120">
     <span class='ocr_line' id='line_1_11' title="bbox 7 1347 1200 1428; baseline 0.002 -18"><span class='ocrx_word' id='word_1_93' title='bbox 7 1399 11 1410; x_wconf 94' lang='lat'><em>.</em></span> <span class='ocrx_word' id='word_1_94' title='bbox 147 1348 251 1409; x_wconf 74' lang='lat' dir='ltr'><strong>March.</strong></span> <span class='ocrx_word' id='word_1_95' title='bbox 270 1354 317 1413; x_wconf 75' lang='lat'><strong>32.</strong></span> <span class='ocrx_word' id='word_1_96' title='bbox 365 1347 467 1408; x_wconf 69' lang='lat' dir='ltr'><strong>omne</strong></span> <span class='ocrx_word' id='word_1_97' title='bbox 486 1370 564 1424; x_wconf 70' lang='lat' dir='ltr'><strong>crgo</strong></span> <span class='ocrx_word' id='word_1_98' title='bbox 593 1351 644 1428; x_wconf 77' lang='lat' dir='ltr'><strong>qut</strong></span> <span class='ocrx_word' id='word_1_99' title='bbox 673 1347 852 1428; x_wconf 78' lang='lat' dir='ltr'><strong>confitebitur·</strong></span> <span class='ocrx_word' id='word_1_100' title='bbox 881 1371 935 1410; x_wconf 78' lang='lat' dir='ltr'><strong>nte.</strong></span> <span class='ocrx_word' id='word_1_101' title='bbox 982 1350 1200 1413; x_wconf 80' lang='lat' dir='ltr'><strong>Accommodat</strong></span> 
     </span>
     <span class='ocr_line' id='line_1_12' title="bbox 7 1419 1205 1506; baseline 0.003 -22"><span class='ocrx_word' id='word_1_102' title='bbox 7 1419 10 1436; x_wconf 79' lang='lat'>&#39;</span> <span class='ocrx_word' id='word_1_103' title='bbox 68 1445 152 1484; x_wconf 91' lang='lat' dir='ltr'><strong>nunc</strong></span> <span class='ocrx_word' id='word_1_104' title='bbox 172 1426 206 1484; x_wconf 89' lang='lat' dir='ltr'><strong>ad</strong></span> <span class='ocrx_word' id='word_1_105' title='bbox 226 1435 410 1504; x_wconf 71' lang='lat' dir='ltr'><strong>praesentem</strong></span> <span class='ocrx_word' id='word_1_106' title='bbox 430 1447 529 1497; x_wconf 83' lang='lat' dir='ltr'><strong>usum,</strong></span> <span class='ocrx_word' id='word_1_107' title='bbox 559 1426 638 1504; x_wconf 92' lang='lat' dir='ltr'><strong>quod</strong></span> <span class='ocrx_word' id='word_1_108' title='bbox 659 1425 696 1484; x_wconf 89' lang='lat' dir='ltr'><strong>de</strong></span> <span class='ocrx_word' id='word_1_109' title='bbox 721 1427 823 1486; x_wconf 84' lang='lat' dir='ltr'><strong>mortis</strong></span> <span class='ocrx_word' id='word_1_110' title='bbox 849 1438 1021 1506; x_wconf 90' lang='lat' dir='ltr'><strong>contemptu</strong></span> <span class='ocrx_word' id='word_1_111' title='bbox 1040 1427 1119 1506; x_wconf 87' lang='lat' dir='ltr'><strong>prius</strong></span> <span class='ocrx_word' id='word_1_112' title='bbox 1140 1429 1205 1500; x_wconf 69' lang='lat' dir='ltr'><strong>dis-⁸</strong></span> 
     </span>
     <span class='ocr_line' id='line_1_13' title="bbox 7 1499 1283 1580; baseline 0.004 -18"><span class='ocrx_word' id='word_1_113' title='bbox 7 1557 10 1570; x_wconf 90' lang='grc'>,</span> <span class='ocrx_word' id='word_1_114' title='bbox 68 1499 176 1575; x_wconf 78' lang='lat' dir='ltr'><strong>s&#39;eruit,</strong></span> <span class='ocrx_word' id='word_1_115' title='bbox 195 1503 262 1580; x_wconf 89' lang='lat' dir='ltr'><strong>quia</strong></span> <span class='ocrx_word' id='word_1_116' title='bbox 282 1500 448 1560; x_wconf 87' lang='lat' dir='ltr'><strong>luctandum</strong></span> <span class='ocrx_word' id='word_1_117' title='bbox 468 1503 506 1562; x_wconf 87' lang='lat' dir='ltr'><strong>sit</strong></span> <span class='ocrx_word' id='word_1_118' title='bbox 525 1510 626 1562; x_wconf 87' lang='lat' dir='ltr'><strong>contra</strong></span> <span class='ocrx_word' id='word_1_119' title='bbox 646 1506 748 1560; x_wconf 89' lang='lat' dir='ltr'><strong>mortis</strong></span> <span class='ocrx_word' id='word_1_120' title='bbox 768 1501 934 1577; x_wconf 88' lang='lat' dir='ltr'><strong>horrorem,</strong></span> <span class='ocrx_word' id='word_1_121' title='bbox 954 1523 992 1560; x_wconf 89' lang='lat' dir='ltr'><strong>ne</strong></span> <span class='ocrx_word' id='word_1_122' title='bbox 1012 1503 1048 1562; x_wconf 82' lang='lat' dir='ltr'><strong>ab</strong></span> <span class='ocrx_word' id='word_1_123' title='bbox 1070 1504 1203 1580; x_wconf 76' lang='lat' dir='ltr'><strong>ingenua</strong></span> <span class='ocrx_word' id='word_1_124' title='bbox 1279 1528 1283 1537; x_wconf 90' lang='lat'><strong>·</strong></span> 
     </span>
     <span class='ocr_line' id='line_1_14' title="bbox 7 1573 1199 1660; baseline 0.006 -24"><span class='ocrx_word' id='word_1_125' title='bbox 7 1573 10 1616; x_wconf 60' lang='lat'><em>³</em></span> <span class='ocrx_word' id='word_1_126' title='bbox 67 1576 142 1638; x_wconf 84' lang='lat' dir='ltr'><strong>fidei</strong></span> <span class='ocrx_word' id='word_1_127' title='bbox 163 1578 350 1650; x_wconf 77' lang='lat' dir='ltr'><strong>confessione</strong></span> <span class='ocrx_word' id='word_1_128' title='bbox 368 1583 423 1637; x_wconf 81' lang='lat' dir='ltr'><strong>uos</strong></span> <span class='ocrx_word' id='word_1_129' title='bbox 443 1583 578 1652; x_wconf 81' lang='lat' dir='ltr'><strong>revocet,</strong></span> <span class='ocrx_word' id='word_1_130' title='bbox 609 1600 695 1658; x_wconf 91' lang='lat' dir='ltr'><strong>quam</strong></span> <span class='ocrx_word' id='word_1_131' title='bbox 715 1577 796 1654; x_wconf 87' lang='lat' dir='ltr'><strong>Deus</strong></span> <span class='ocrx_word' id='word_1_132' title='bbox 821 1598 920 1638; x_wconf 85' lang='lat' dir='ltr'><strong>severe</strong></span> <span class='ocrx_word' id='word_1_133' title='bbox 941 1579 1044 1660; x_wconf 82' lang='lat' dir='ltr'><strong>exigit,</strong></span> <span class='ocrx_word' id='word_1_134' title='bbox 1073 1582 1199 1643; x_wconf 77' lang='lat' dir='ltr'><strong>muudus</strong></span> 
     </span>
     <span class='ocr_line' id='line_1_15' title="bbox 9 1646 1200 1738; baseline 0.003 -24"><span class='ocrx_word' id='word_1_135' title='bbox 9 1646 13 1666; x_wconf 76' lang='lat'><strong>¹</strong></span> <span class='ocrx_word' id='word_1_136' title='bbox 69 1665 171 1714; x_wconf 87' lang='lat' dir='ltr'><strong>autem</strong></span> <span class='ocrx_word' id='word_1_137' title='bbox 191 1653 268 1714; x_wconf 87' lang='lat' dir='ltr'><strong>serre</strong></span> <span class='ocrx_word' id='word_1_138' title='bbox 288 1674 349 1714; x_wconf 89' lang='lat' dir='ltr'><strong>uon</strong></span> <span class='ocrx_word' id='word_1_139' title='bbox 369 1649 476 1732; x_wconf 85' lang='lat' dir='ltr'><strong>potest.</strong></span> <span class='ocrx_word' id='word_1_140' title='bbox 522 1655 607 1736; x_wconf 80' lang='lat' dir='ltr'><strong>¹Ergo</strong></span> <span class='ocrx_word' id='word_1_141' title='bbox 635 1655 667 1714; x_wconf 90' lang='lat' dir='ltr'><strong>in</strong></span> <span class='ocrx_word' id='word_1_142' title='bbox 685 1655 772 1736; x_wconf 88' lang='lat' dir='ltr'><strong>.&#39;hunc</strong></span> <span class='ocrx_word' id='word_1_143' title='bbox 800 1655 888 1714; x_wconf 88' lang='lat' dir='ltr'><strong>linem</strong></span> <span class='ocrx_word' id='word_1_144' title='bbox 909 1655 1018 1715; x_wconf 77' lang='lat' dir='ltr'>Christi</span> <span class='ocrx_word' id='word_1_145' title='bbox 1043 1657 1200 1738; x_wconf 83' lang='lat' dir='ltr'><strong>discipulos</strong></span> 
     </span>
     <span class='ocr_line' id='line_1_16' title="bbox 7 1725 1200 1824; baseline 0.003 -34"><span class='ocrx_word' id='word_1_146' title='bbox 7 1725 12 1808; x_wconf 59' lang='grc' dir='ltr'>ζ</span> <span class='ocrx_word' id='word_1_147' title='bbox 69 1729 168 1790; x_wconf 88' lang='lat' dir='ltr'><strong>sortes</strong></span> <span class='ocrx_word' id='word_1_148' title='bbox 189 1742 219 1790; x_wconf 88' lang='lat' dir='ltr'><strong>et</strong></span> <span class='ocrx_word' id='word_1_149' title='bbox 237 1751 282 1790; x_wconf 89' lang='lat' dir='ltr'><strong>ma</strong></span> <span class='ocrx_word' id='word_1_150' title='bbox 306 1731 438 1798; x_wconf 78' lang='lat' dir='ltr'><strong>nanimos</strong></span> <span class='ocrx_word' id='word_1_151' title='bbox 459 1750 520 1790; x_wconf 88' lang='lat' dir='ltr'><strong>esse</strong></span> <span class='ocrx_word' id='word_1_152' title='bbox 541 1731 694 1805; x_wconf 87' lang='lat' dir='ltr'><strong>convenit,</strong></span> <span class='ocrx_word' id='word_1_153' title='bbox 726 1742 759 1790; x_wconf 88' lang='lat' dir='ltr'><strong>ut</strong></span> <span class='ocrx_word' id='word_1_154' title='bbox 789 1751 906 1824; x_wconf 87' lang='lat' dir='ltr'><strong>semper</strong></span> <span class='ocrx_word' id='word_1_155' title='bbox 931 1734 1061 1794; x_wconf 85' lang='lat' dir='ltr'><strong>accincti</strong></span> <span class='ocrx_word' id='word_1_156' title='bbox 1084 1734 1143 1810; x_wconf 81' lang='lat' dir='ltr'><strong>sint</strong></span> <span class='ocrx_word' id='word_1_157' title='bbox 1162 1735 1200 1796; x_wconf 86' lang='lat' dir='ltr'><strong>ad</strong></span> 
     </span>
     <span class='ocr_line' id='line_1_17' title="bbox 7 1749 1247 1897; baseline 0.003 -35"><span class='ocrx_word' id='word_1_158' title='bbox 7 1810 12 1878; x_wconf 71' lang='lat' dir='ltr'>J</span> <span class='ocrx_word' id='word_1_159' title='bbox 57 1805 252 1897; x_wconf 70' lang='lat' dir='ltr'><strong>‚martyrium</strong></span> <span class='ocrx_word' id='word_1_160' title='bbox 285 1749 385 1867; x_wconf 60' lang='lat' dir='ltr'><strong>latro</strong></span> <span class='ocrx_word' id='word_1_161' title='bbox 398 1805 514 1882; x_wconf 82' lang='lat' dir='ltr'><strong>Christi</strong></span> <span class='ocrx_word' id='word_1_162' title='bbox 524 1808 682 1882; x_wconf 78' lang='lat' dir='ltr'><strong>confessio,</strong></span> <span class='ocrx_word' id='word_1_163' title='bbox 701 1807 756 1889; x_wconf 84' lang='lat' dir='ltr'><strong>etsi</strong></span> <span class='ocrx_word' id='word_1_164' title='bbox 776 1828 792 1867; x_wconf 93' lang='lat' dir='ltr'><strong>a</strong></span> <span class='ocrx_word' id='word_1_165' title='bbox 811 1808 914 1868; x_wconf 79' lang='lat' dir='ltr'><strong>mareri</strong></span> <span class='ocrx_word' id='word_1_166' title='bbox 932 1802 1086 1870; x_wconf 88' lang='lat' dir='ltr'><strong>hominum</strong></span> <span class='ocrx_word' id='word_1_167' title='bbox 1144 1824 1200 1886; x_wconf 87' lang='lat' dir='ltr'><strong>rte,</strong></span> <span class='ocrx_word' id='word_1_168' title='bbox 1244 1857 1247 1866; x_wconf 88' lang='lat'><em>.</em></span> 
     </span>
     <span class='ocr_line' id='line_1_18' title="bbox 7 1881 1200 1966; baseline 0.008 -25"><span class='ocrx_word' id='word_1_169' title='bbox 7 1894 11 1902; x_wconf 80' lang='lat'><em>&#39;</em></span> <span class='ocrx_word' id='word_1_170' title='bbox 68 1904 154 1962; x_wconf 78' lang='lat' dir='ltr'><strong>quast</strong></span> <span class='ocrx_word' id='word_1_171' title='bbox 177 1901 223 1944; x_wconf 92' lang='lat' dir='ltr'><strong>res</strong></span> <span class='ocrx_word' id='word_1_172' title='bbox 247 1881 317 1943; x_wconf 86' lang='lat' dir='ltr'><strong>levis</strong></span> <span class='ocrx_word' id='word_1_173' title='bbox 343 1881 518 1965; x_wconf 76' lang='lat' dir='ltr'><strong>negligitur,</strong></span> <span class='ocrx_word' id='word_1_174' title='bbox 549 1883 597 1945; x_wconf 88' lang='lat' dir='ltr'><strong>hic</strong></span> <span class='ocrx_word' id='word_1_175' title='bbox 620 1895 718 1944; x_wconf 85' lang='lat' dir='ltr'><strong>tamen</strong></span> <span class='ocrx_word' id='word_1_176' title='bbox 746 1885 778 1944; x_wconf 92' lang='lat' dir='ltr'><strong>in</strong></span> <span class='ocrx_word' id='word_1_177' title='bbox 801 1885 961 1966; x_wconf 86' lang='lat' dir='ltr'><strong>praecipuo</strong></span> <span class='ocrx_word' id='word_1_178' title='bbox 980 1885 1038 1946; x_wconf 83' lang='lat' dir='ltr'><strong>Dei</strong></span> <span class='ocrx_word' id='word_1_179' title='bbox 1064 1900 1145 1949; x_wconf 90' lang='lat' dir='ltr'><strong>cutu</strong></span> <span class='ocrx_word' id='word_1_180' title='bbox 1169 1902 1200 1950; x_wconf 89' lang='lat' dir='ltr'><strong>et</strong></span> 
     </span>
     <span class='ocr_line' id='line_1_19' title="bbox 24 1957 1287 2042; baseline 0.006 -22"><span class='ocrx_word' id='word_1_181' title='bbox 24 2024 28 2042; x_wconf 38' lang='grc'>1</span> <span class='ocrx_word' id='word_1_182' title='bbox 67 1957 213 2040; x_wconf 73' lang='lat' dir='ltr'><strong>singulari</strong></span> <span class='ocrx_word' id='word_1_183' title='bbox 244 1959 358 2040; x_wconf 87' lang='lat' dir='ltr'><strong>pietatis</strong></span> <span class='ocrx_word' id='word_1_184' title='bbox 383 1960 519 2020; x_wconf 86' lang='lat' dir='ltr'><strong>exercitio</strong></span> <span class='ocrx_word' id='word_1_185' title='bbox 545 1973 695 2035; x_wconf 88' lang='lat' dir='ltr'><strong>censetur,</strong></span> <span class='ocrx_word' id='word_1_186' title='bbox 725 1971 756 2021; x_wconf 90' lang='lat' dir='ltr'><strong>et</strong></span> <span class='ocrx_word' id='word_1_187' title='bbox 780 1963 896 2023; x_wconf 88' lang='lat' dir='ltr'><strong>merito.</strong></span> <span class='ocrx_word' id='word_1_188' title='bbox 946 1962 1020 2022; x_wconf 89' lang='lat' dir='ltr'><strong>Nam</strong></span> <span class='ocrx_word' id='word_1_189' title='bbox 1038 1965 1063 2024; x_wconf 80' lang='lat' dir='ltr'><strong>ri</strong></span> <span class='ocrx_word' id='word_1_190' title='bbox 1086 1967 1210 2026; x_wconf 86' lang='lat' dir='ltr'><strong>terreni&#39;</strong></span> <span class='ocrx_word' id='word_1_191' title='bbox 1284 1967 1287 1972; x_wconf 82' lang='grc'><strong>’</strong></span> 
     </span>
     <span class='ocr_line' id='line_1_20' title="bbox 68 2035 1200 2120; baseline 0.008 -26"><span class='ocrx_word' id='word_1_192' title='bbox 68 2055 158 2116; x_wconf 89' lang='lat' dir='ltr'><strong>reges</strong></span> <span class='ocrx_word' id='word_1_193' title='bbox 177 2056 233 2118; x_wconf 93' lang='lat' dir='ltr'><strong>pro</strong></span> <span class='ocrx_word' id='word_1_194' title='bbox 248 2036 360 2117; x_wconf 84' lang='lat' dir='ltr'><strong>gloriae</strong></span> <span class='ocrx_word' id='word_1_195' title='bbox 379 2056 447 2096; x_wconf 86' lang='lat' dir='ltr'><strong>suae</strong></span> <span class='ocrx_word' id='word_1_196' title='bbox 466 2035 662 2116; x_wconf 69' lang='lat' dir='ltr'><strong>amplitudine,</strong></span> <span class='ocrx_word' id='word_1_197' title='bbox 675 2037 785 2097; x_wconf 90' lang='lat' dir='ltr'><strong>tuenda</strong></span> <span class='ocrx_word' id='word_1_198' title='bbox 804 2037 1003 2120; x_wconf 86' lang='lat' dir='ltr'><strong>augendisque</strong></span> <span class='ocrx_word' id='word_1_199' title='bbox 1013 2040 1119 2120; x_wconf 82' lang='lat' dir='ltr'><strong>opibus</strong></span> <span class='ocrx_word' id='word_1_200' title='bbox 1130 2043 1200 2108; x_wconf 84' lang='lat' dir='ltr'><strong>suh·</strong></span> 
     </span>
    </p>
   </div>
   <div class='ocr_carea' id='block_1_6' title="bbox 7 2111 1293 2191">
    <p class='ocr_par' dir='ltr' id='par_1_6' title="bbox 7 2111 1293 2191">
     <span class='ocr_line' id='line_1_21' title="bbox 7 2111 1293 2191; baseline 0.004 -18"><span class='ocrx_word' id='word_1_201' title='bbox 7 2177 10 2186; x_wconf 62' lang='grc'>,</span> <span class='ocrx_word' id='word_1_202' title='bbox 69 2112 151 2172; x_wconf 90' lang='lat' dir='ltr'><strong>ditos</strong></span> <span class='ocrx_word' id='word_1_203' title='bbox 170 2133 238 2172; x_wconf 84' lang='lat' dir='ltr'><strong>auos</strong></span> <span class='ocrx_word' id='word_1_204' title='bbox 258 2111 294 2171; x_wconf 86' lang='lat' dir='ltr'><strong>ad</strong></span> <span class='ocrx_word' id='word_1_205' title='bbox 313 2132 391 2171; x_wconf 87' lang='lat' dir='ltr'><strong>arma</strong></span> <span class='ocrx_word' id='word_1_206' title='bbox 409 2124 533 2182; x_wconf 86' lang='lat' dir='ltr'><strong>vocant,</strong></span> <span class='ocrx_word' id='word_1_207' title='bbox 558 2134 610 2173; x_wconf 85' lang='lat' dir='ltr'><strong>eur</strong></span> <span class='ocrx_word' id='word_1_208' title='bbox 629 2133 690 2172; x_wconf 91' lang='lat' dir='ltr'><strong>non</strong></span> <span class='ocrx_word' id='word_1_209' title='bbox 711 2113 809 2191; x_wconf 88' lang='lat' dir='ltr'><strong>lingua</strong></span> <span class='ocrx_word' id='word_1_210' title='bbox 827 2114 931 2174; x_wconf 84' lang='lat' dir='ltr'><strong>saltem</strong></span> <span class='ocrx_word' id='word_1_211' title='bbox 951 2129 1081 2176; x_wconf 79' lang='lat' dir='ltr'><strong>asserent</strong></span> <span class='ocrx_word' id='word_1_212' title='bbox 1099 2118 1199 2180; x_wconf 84' lang='lat' dir='ltr'><strong>fideles</strong></span> <span class='ocrx_word' id='word_1_213' title='bbox 1289 2154 1293 2166; x_wconf 90' lang='lat'>.</span> 
     </span>
    </p>
   </div>
   <div class='ocr_carea' id='block_1_7' title="bbox 7 2187 1267 2732">
    <p class='ocr_par' dir='ltr' id='par_1_7' title="bbox 7 2187 1267 2732">
     <span class='ocr_line' id='line_1_22' title="bbox 7 2187 1200 2280; baseline -0.002 -32"><span class='ocrx_word' id='word_1_214' title='bbox 7 2191 9 2264; x_wconf 65' lang='grc' dir='ltr'>ᾗ</span> <span class='ocrx_word' id='word_1_215' title='bbox 70 2187 211 2266; x_wconf 78' lang='lat' dir='ltr'><strong>coelestis</strong></span> <span class='ocrx_word' id='word_1_216' title='bbox 230 2189 307 2268; x_wconf 88' lang='lat' dir='ltr'><strong>regis</strong></span> <span class='ocrx_word' id='word_1_217' title='bbox 326 2187 370 2247; x_wconf 83' lang='lat' dir='ltr'><strong>sui</strong></span> <span class='ocrx_word' id='word_1_218' title='bbox 389 2187 531 2280; x_wconf 78' lang='lat' dir='ltr'><strong>gloriam?</strong></span> <span class='ocrx_word' id='word_1_219' title='bbox 561 2187 671 2261; x_wconf 76' lang='lat' dir='ltr'><strong>Quare</strong></span> <span class='ocrx_word' id='word_1_220' title='bbox 691 2199 802 2248; x_wconf 82' lang='lat' dir='ltr'><strong>certum</strong></span> <span class='ocrx_word' id='word_1_221' title='bbox 823 2201 881 2260; x_wconf 87' lang='lat' dir='ltr'><strong>est,</strong></span> <span class='ocrx_word' id='word_1_222' title='bbox 907 2209 958 2250; x_wconf 88' lang='lat' dir='ltr'><strong>eos</strong></span> <span class='ocrx_word' id='word_1_223' title='bbox 983 2191 1069 2251; x_wconf 86' lang='lat' dir='ltr'><strong>fidem</strong></span> <span class='ocrx_word' id='word_1_224' title='bbox 1090 2197 1200 2274; x_wconf 82' lang='lat' dir='ltr'><strong>(quan.</strong></span> 
     </span>
     <span class='ocr_line' id='line_1_23' title="bbox 7 2263 1200 2346; baseline 0.004 -21"><span class='ocrx_word' id='word_1_225' title='bbox 7 2269 9 2290; x_wconf 78' lang='lat'>¹</span> <span class='ocrx_word' id='word_1_226' title='bbox 70 2279 137 2326; x_wconf 86' lang='lat' dir='ltr'><strong>tum</strong></span> <span class='ocrx_word' id='word_1_227' title='bbox 157 2266 188 2324; x_wconf 90' lang='lat' dir='ltr'><strong>in</strong></span> <span class='ocrx_word' id='word_1_228' title='bbox 208 2283 239 2332; x_wconf 81' lang='lat' dir='ltr'><strong>se</strong></span> <span class='ocrx_word' id='word_1_229' title='bbox 259 2268 314 2337; x_wconf 86' lang='lat' dir='ltr'><strong>est)</strong></span> <span class='ocrx_word' id='word_1_230' title='bbox 335 2276 527 2343; x_wconf 74' lang='lat' dir='ltr'><strong>exstinguere,</strong></span> <span class='ocrx_word' id='word_1_231' title='bbox 547 2264 597 2341; x_wconf 90' lang='lat' dir='ltr'><strong>qui</strong></span> <span class='ocrx_word' id='word_1_232' title='bbox 616 2263 768 2322; x_wconf 86' lang='lat' dir='ltr'><strong>intuseam</strong></span> <span class='ocrx_word' id='word_1_233' title='bbox 780 2266 975 2343; x_wconf 88' lang='lat' dir='ltr'><strong>supprimunt,</strong></span> <span class='ocrx_word' id='word_1_234' title='bbox 994 2269 1076 2346; x_wconf 82' lang='lat' dir='ltr'><strong>quasi</strong></span> <span class='ocrx_word' id='word_1_235' title='bbox 1095 2292 1127 2329; x_wconf 80' lang='lat' dir='ltr'><strong>eu</strong></span> <span class='ocrx_word' id='word_1_236' title='bbox 1151 2291 1200 2330; x_wconf 85' lang='lat' dir='ltr'><strong>er-</strong></span> 
     </span>
     <span class='ocr_line' id='line_1_24' title="bbox 8 2339 1267 2420; baseline 0.003 -17"><span class='ocrx_word' id='word_1_237' title='bbox 8 2409 10 2420; x_wconf 54' lang='grc'>,</span> <span class='ocrx_word' id='word_1_238' title='bbox 69 2361 165 2403; x_wconf 82' lang='lat' dir='ltr'><strong>vacua</strong></span> <span class='ocrx_word' id='word_1_239' title='bbox 185 2351 262 2401; x_wconf 82' lang='lat' dir='ltr'><strong>esset</strong></span> <span class='ocrx_word' id='word_1_240' title='bbox 282 2351 399 2400; x_wconf 81' lang='lat' dir='ltr'><strong>externa</strong></span> <span class='ocrx_word' id='word_1_241' title='bbox 419 2343 481 2399; x_wconf 89' lang='lat' dir='ltr'><strong>eius</strong></span> <span class='ocrx_word' id='word_1_242' title='bbox 505 2340 660 2419; x_wconf 79' lang='lat' dir='ltr'><strong>professio.</strong></span> <span class='ocrx_word' id='word_1_243' title='bbox 704 2339 810 2417; x_wconf 85' lang='lat' dir='ltr'><strong>Neque</strong></span> <span class='ocrx_word' id='word_1_244' title='bbox 835 2341 913 2399; x_wconf 89' lang='lat' dir='ltr'><strong>enim</strong></span> <span class='ocrx_word' id='word_1_245' title='bbox 939 2341 1045 2404; x_wconf 80' lang='lat' dir='ltr'><strong>frustra</strong></span> <span class='ocrx_word' id='word_1_246' title='bbox 1067 2346 1199 2407; x_wconf 72' lang='lat' dir='ltr'><strong>Christus</strong></span> <span class='ocrx_word' id='word_1_247' title='bbox 1264 2343 1267 2358; x_wconf 87' lang='lat'>&#39;</span> 
     </span>
     <span class='ocr_line' id='line_1_25' title="bbox 8 2419 1199 2490; baseline 0.004 -12"><span class='ocrx_word' id='word_1_248' title='bbox 8 2459 9 2464; x_wconf 22' lang='grc' dir='ltr'><strong><em>κ</em></strong></span> <span class='ocrx_word' id='word_1_249' title='bbox 69 2419 120 2478; x_wconf 87' lang='lat' dir='ltr'><strong>hic</strong></span> <span class='ocrx_word' id='word_1_250' title='bbox 142 2438 198 2477; x_wconf 82' lang='lat' dir='ltr'><strong>nor</strong></span> <span class='ocrx_word' id='word_1_251' title='bbox 218 2427 300 2476; x_wconf 87' lang='lat' dir='ltr'><strong>vocat</strong></span> <span class='ocrx_word' id='word_1_252' title='bbox 318 2435 386 2476; x_wconf 90' lang='lat' dir='ltr'><strong>suos</strong></span> <span class='ocrx_word' id='word_1_253' title='bbox 405 2427 509 2490; x_wconf 88' lang='lat' dir='ltr'><strong>testes,</strong></span> <span class='ocrx_word' id='word_1_254' title='bbox 560 2429 667 2478; x_wconf 85' lang='lat' dir='ltr'><strong>trorum</strong></span> <span class='ocrx_word' id='word_1_255' title='bbox 697 2434 750 2475; x_wconf 89' lang='lat' dir='ltr'><strong>ore</strong></span> <span class='ocrx_word' id='word_1_256' title='bbox 781 2435 889 2474; x_wconf 88' lang='lat' dir='ltr'><strong>nomen</strong></span> <span class='ocrx_word' id='word_1_257' title='bbox 920 2437 1004 2476; x_wconf 89' lang='lat' dir='ltr'><strong>suum</strong></span> <span class='ocrx_word' id='word_1_258' title='bbox 1032 2421 1063 2478; x_wconf 89' lang='lat' dir='ltr'><strong>in</strong></span> <span class='ocrx_word' id='word_1_259' title='bbox 1087 2423 1199 2484; x_wconf 92' lang='lat' dir='ltr'><strong>mundo</strong></span> 
     </span>
     <span class='ocr_line' id='line_1_26' title="bbox 70 2489 1200 2583; baseline 0.004 -28"><span class='ocrx_word' id='word_1_260' title='bbox 70 2494 256 2556; x_wconf 86' lang='lat' dir='ltr'><strong>celebretur:</strong></span> <span class='ocrx_word' id='word_1_261' title='bbox 276 2491 353 2565; x_wconf 82' lang='lat' dir='ltr'><strong>vult,</strong></span> <span class='ocrx_word' id='word_1_262' title='bbox 372 2492 505 2572; x_wconf 84' lang='lat' dir='ltr'><strong>inquam,</strong></span> <span class='ocrx_word' id='word_1_263' title='bbox 525 2491 550 2554; x_wconf 87' lang='lat' dir='ltr'>C</span> <span class='ocrx_word' id='word_1_264' title='bbox 573 2492 658 2551; x_wconf 89' lang='lat' dir='ltr'><strong>ristus</strong></span> <span class='ocrx_word' id='word_1_265' title='bbox 678 2489 804 2550; x_wconf 89' lang='lat' dir='ltr'><strong>nominis</strong></span> <span class='ocrx_word' id='word_1_266' title='bbox 822 2492 867 2552; x_wconf 86' lang='lat' dir='ltr'><strong>sui</strong></span> <span class='ocrx_word' id='word_1_267' title='bbox 885 2491 1103 2583; x_wconf 78' lang='lat' dir='ltr'><strong>professionem</strong></span> <span class='ocrx_word' id='word_1_268' title='bbox 1121 2497 1200 2559; x_wconf 81' lang='lat' dir='ltr'><strong>salsis</strong></span> 
     </span>
     <span class='ocr_line' id='line_1_27' title="bbox 70 2567 1200 2653; baseline 0.004 -23"><span class='ocrx_word' id='word_1_269' title='bbox 70 2569 269 2653; x_wconf 72' lang='lat' dir='ltr'><strong>religionibus</strong></span> <span class='ocrx_word' id='word_1_270' title='bbox 290 2590 328 2648; x_wconf 92' lang='lat' dir='ltr'><strong>op</strong></span> <span class='ocrx_word' id='word_1_271' title='bbox 352 2569 412 2629; x_wconf 90' lang='lat' dir='ltr'><strong>oni.</strong></span> <span class='ocrx_word' id='word_1_272' title='bbox 451 2568 529 2644; x_wconf 85' lang='lat' dir='ltr'><strong>Quia</strong></span> <span class='ocrx_word' id='word_1_273' title='bbox 548 2589 595 2628; x_wconf 87' lang='lat' dir='ltr'><strong>res</strong></span> <span class='ocrx_word' id='word_1_274' title='bbox 615 2567 718 2628; x_wconf 85' lang='lat' dir='ltr'><strong>odiosa</strong></span> <span class='ocrx_word' id='word_1_275' title='bbox 738 2578 796 2641; x_wconf 87' lang='lat' dir='ltr'><strong>est,</strong></span> <span class='ocrx_word' id='word_1_276' title='bbox 820 2568 907 2628; x_wconf 74' lang='lat' dir='ltr'><strong>nobis</strong></span> <span class='ocrx_word' id='word_1_277' title='bbox 927 2571 1126 2633; x_wconf 87' lang='lat' dir='ltr'><strong>testimouium</strong></span> <span class='ocrx_word' id='word_1_278' title='bbox 1147 2574 1200 2634; x_wconf 84' lang='lat' dir='ltr'><strong>de·</strong></span> 
     </span>
     <span class='ocr_line' id='line_1_28' title="bbox 71 2589 1255 2732; baseline 0.004 -24"><span class='ocrx_word' id='word_1_279' title='bbox 71 2646 207 2722; x_wconf 88' lang='lat' dir='ltr'><strong>nuntiat,</strong></span> <span class='ocrx_word' id='word_1_280' title='bbox 230 2666 268 2706; x_wconf 90' lang='lat' dir='ltr'><strong>ne</strong></span> <span class='ocrx_word' id='word_1_281' title='bbox 287 2589 429 2706; x_wconf 71' lang='lat' dir='ltr'><strong>sudiocata</strong></span> <span class='ocrx_word' id='word_1_282' title='bbox 448 2644 538 2706; x_wconf 85' lang='lat' dir='ltr'><strong>lateat</strong></span> <span class='ocrx_word' id='word_1_283' title='bbox 554 2647 586 2705; x_wconf 93' lang='lat' dir='ltr'><strong>in</strong></span> <span class='ocrx_word' id='word_1_284' title='bbox 607 2644 697 2705; x_wconf 88' lang='lat' dir='ltr'><strong>corde</strong></span> <span class='ocrx_word' id='word_1_285' title='bbox 716 2643 856 2722; x_wconf 86' lang='lat' dir='ltr'><strong>cuiusque</strong></span> <span class='ocrx_word' id='word_1_286' title='bbox 875 2645 1032 2732; x_wconf 45' lang='lat' dir='ltr'><strong>fides,¹sed</strong></span> <span class='ocrx_word' id='word_1_287' title='bbox 1052 2648 1148 2730; x_wconf 88' lang='lat' dir='ltr'><strong>palam</strong></span> <span class='ocrx_word' id='word_1_288' title='bbox 1167 2671 1200 2712; x_wconf 84' lang='lat' dir='ltr'><strong>se</strong></span> <span class='ocrx_word' id='word_1_289' title='bbox 1226 2649 1255 2686; x_wconf 53' lang='lat'><strong>⁵*</strong></span> 
     </span>
    </p>
   </div>
   <div class='ocr_carea' id='block_1_8' title="bbox 8 2720 1200 2964">
    <p class='ocr_par' dir='ltr' id='par_1_8' title="bbox 8 2720 1200 2964">
     <span class='ocr_line' id='line_1_29' title="bbox 8 2720 1199 2801; baseline 0.003 -17"><span class='ocrx_word' id='word_1_290' title='bbox 8 2727 9 2736; x_wconf 75' lang='grc'>’</span> <span class='ocrx_word' id='word_1_291' title='bbox 95 2724 211 2784; x_wconf 78' lang='lat' dir='ltr'><strong>roserat</strong></span> <span class='ocrx_word' id='word_1_292' title='bbox 220 2744 316 2784; x_wconf 84' lang='lat' dir='ltr'><strong>coram</strong></span> <span class='ocrx_word' id='word_1_293' title='bbox 337 2721 515 2782; x_wconf 84' lang='lat' dir='ltr'><strong>bominibus.</strong></span> <span class='ocrx_word' id='word_1_294' title='bbox 554 2722 695 2801; x_wconf 81' lang='lat' dir='ltr'><strong>Quisquis</strong></span> <span class='ocrx_word' id='word_1_295' title='bbox 712 2720 776 2794; x_wconf 80' lang='lat' dir='ltr'><strong>reip</strong></span> <span class='ocrx_word' id='word_1_296' title='bbox 799 2724 821 2781; x_wconf 86' lang='lat' dir='ltr'><strong>it</strong></span> <span class='ocrx_word' id='word_1_297' title='bbox 833 2744 866 2783; x_wconf 87' lang='lat' dir='ltr'><strong>ac</strong></span> <span class='ocrx_word' id='word_1_298' title='bbox 875 2721 952 2795; x_wconf 84' lang='lat' dir='ltr'><strong>silet,</strong></span> <span class='ocrx_word' id='word_1_299' title='bbox 971 2745 1008 2783; x_wconf 88' lang='lat' dir='ltr'><strong>an</strong></span> <span class='ocrx_word' id='word_1_300' title='bbox 1018 2746 1079 2785; x_wconf 89' lang='lat' dir='ltr'><strong>non</strong></span> <span class='ocrx_word' id='word_1_301' title='bbox 1092 2727 1199 2788; x_wconf 90' lang='lat' dir='ltr'><strong>Filium</strong></span> 
     </span>
     <span class='ocr_line' id='line_1_30' title="bbox 72 2740 1200 2880; baseline 0.003 -18"><span class='ocrx_word' id='word_1_302' title='bbox 72 2748 133 2862; x_wconf 67' lang='lat' dir='ltr'><strong>itai</strong></span> <span class='ocrx_word' id='word_1_303' title='bbox 155 2799 323 2862; x_wconf 81' lang='lat' dir='ltr'><strong>frustrando</strong></span> <span class='ocrx_word' id='word_1_304' title='bbox 342 2819 373 2859; x_wconf 86' lang='lat' dir='ltr'><strong>se</strong></span> <span class='ocrx_word' id='word_1_305' title='bbox 399 2799 491 2880; x_wconf 88' lang='lat' dir='ltr'><strong>ipsum</strong></span> <span class='ocrx_word' id='word_1_306' title='bbox 513 2820 546 2858; x_wconf 83' lang='lat' dir='ltr'><strong>ex</strong></span> <span class='ocrx_word' id='word_1_307' title='bbox 565 2798 622 2880; x_wconf 77' lang='lat' dir='ltr'><strong>Dei</strong></span> <span class='ocrx_word' id='word_1_308' title='bbox 646 2798 753 2866; x_wconf 86' lang='lat' dir='ltr'><strong>familia</strong></span> <span class='ocrx_word' id='word_1_309' title='bbox 771 2740 906 2860; x_wconf 60' lang='lat' dir='ltr'><strong>delent</strong></span> <span class='ocrx_word' id='word_1_310' title='bbox 942 2800 1114 2880; x_wconf 85' lang='lat' dir='ltr'><strong>Requiritur</strong></span> <span class='ocrx_word' id='word_1_311' title='bbox 1155 2807 1200 2865; x_wconf 87' lang='lat' dir='ltr'><strong>ui-</strong></span> 
     </span>
     <span class='ocr_line' id='line_1_31' title="bbox 8 2826 1199 2964; baseline 0.003 -24"><span class='ocrx_word' id='word_1_312' title='bbox 8 2927 10 2964; x_wconf 54' lang='grc'><strong>.</strong></span> <span class='ocrx_word' id='word_1_313' title='bbox 73 2879 143 2940; x_wconf 91' lang='lat' dir='ltr'><strong>dem</strong></span> <span class='ocrx_word' id='word_1_314' title='bbox 170 2877 314 2938; x_wconf 87' lang='lat' dir='ltr'><strong>illustrior</strong></span> <span class='ocrx_word' id='word_1_315' title='bbox 338 2875 405 2936; x_wconf 83' lang='lat' dir='ltr'><strong>fidei</strong></span> <span class='ocrx_word' id='word_1_316' title='bbox 432 2875 578 2938; x_wconf 84' lang='lat' dir='ltr'><strong>confessio</strong></span> <span class='ocrx_word' id='word_1_317' title='bbox 605 2874 829 2949; x_wconf 85' lang='lat' dir='ltr'><strong>adoctoribus,</strong></span> <span class='ocrx_word' id='word_1_318' title='bbox 859 2897 943 2955; x_wconf 91' lang='lat' dir='ltr'><strong>quam</strong></span> <span class='ocrx_word' id='word_1_319' title='bbox 963 2877 999 2937; x_wconf 86' lang='lat' dir='ltr'><strong>ab</strong></span> <span class='ocrx_word' id='word_1_320' title='bbox 1022 2826 1199 2944; x_wconf 72' lang='lat' dir='ltr'><strong>&#39;hominilsus</strong></span> 
     </span>
    </p>
   </div>
   <div class='ocr_carea' id='block_1_9' title="bbox 9 2944 1301 4339">
    <p class='ocr_par' dir='ltr' id='par_1_9' title="bbox 9 2944 1301 4339">
     <span class='ocr_line' id='line_1_32' title="bbox 72 2944 1242 3089; baseline 0.003 -75"><span class='ocrx_word' id='word_1_321' title='bbox 72 2953 211 3037; x_wconf 85' lang='lat' dir='ltr'><strong>privatis:</strong></span> <span class='ocrx_word' id='word_1_322' title='bbox 242 2952 348 3014; x_wconf 88' lang='lat' dir='ltr'><strong>deiude</strong></span> <span class='ocrx_word' id='word_1_323' title='bbox 368 2952 435 3032; x_wconf 91' lang='lat' dir='ltr'><strong>quia</strong></span> <span class='ocrx_word' id='word_1_324' title='bbox 466 2973 528 3012; x_wconf 90' lang='lat' dir='ltr'><strong>non</strong></span> <span class='ocrx_word' id='word_1_325' title='bbox 553 2972 655 3012; x_wconf 89' lang='lat' dir='ltr'><strong>omnes</strong></span> <span class='ocrx_word' id='word_1_326' title='bbox 679 2951 798 3089; x_wconf 65' lang='lat' dir='ltr'><strong>aequali</strong></span> <span class='ocrx_word' id='word_1_327' title='bbox 820 2951 886 3030; x_wconf 84' lang='lat' dir='ltr'><strong>fidei</strong></span> <span class='ocrx_word' id='word_1_328' title='bbox 911 2973 1046 3016; x_wconf 87' lang='lat' dir='ltr'><strong>mensura</strong></span> <span class='ocrx_word' id='word_1_329' title='bbox 1074 2944 1215 3048; x_wconf 33' lang='lat' dir='ltr'><strong>praediti*</strong></span> <span class='ocrx_word' id='word_1_330' title='bbox 1239 2962 1242 2968; x_wconf 85' lang='grc'><em>’</em></span> 
     </span>
     <span class='ocr_line' id='line_1_33' title="bbox 73 3027 1200 3110; baseline 0.004 -19"><span class='ocrx_word' id='word_1_331' title='bbox 73 3044 162 3106; x_wconf 83' lang='lat' dir='ltr'><strong>sunt,</strong></span> <span class='ocrx_word' id='word_1_332' title='bbox 193 3051 252 3110; x_wconf 92' lang='lat' dir='ltr'><strong>quo</strong></span> <span class='ocrx_word' id='word_1_333' title='bbox 277 3030 398 3110; x_wconf 86' lang='lat' dir='ltr'><strong>quisque</strong></span> <span class='ocrx_word' id='word_1_334' title='bbox 430 3029 519 3110; x_wconf 89' lang='lat' dir='ltr'><strong>magis</strong></span> <span class='ocrx_word' id='word_1_335' title='bbox 543 3039 696 3108; x_wconf 83' lang='lat' dir='ltr'><strong>exsuperat</strong></span> <span class='ocrx_word' id='word_1_336' title='bbox 739 3027 840 3108; x_wconf 76' lang='lat' dir='ltr'><strong>pinitus</strong></span> <span class='ocrx_word' id='word_1_337' title='bbox 858 3030 970 3106; x_wconf 82' lang='lat' dir='ltr'><strong>donis,</strong></span> <span class='ocrx_word' id='word_1_338' title='bbox 988 3053 1115 3110; x_wconf 78' lang='lat' dir='ltr'><strong>¹praetre</strong></span> <span class='ocrx_word' id='word_1_339' title='bbox 1146 3055 1200 3106; x_wconf 83' lang='lat' dir='ltr'><strong>suo</strong></span> 
     </span>
     <span class='ocr_line' id='line_1_34' title="bbox 9 3105 1275 3188; baseline 0.002 -20"><span class='ocrx_word' id='word_1_340' title='bbox 9 3171 11 3188; x_wconf 51' lang='lat'><strong>,</strong></span> <span class='ocrx_word' id='word_1_341' title='bbox 74 3106 210 3188; x_wconf 85' lang='lat' dir='ltr'><strong>exemplo</strong></span> <span class='ocrx_word' id='word_1_342' title='bbox 231 3106 329 3166; x_wconf 84' lang='lat' dir='ltr'><strong>debet·</strong></span> <span class='ocrx_word' id='word_1_343' title='bbox 367 3105 463 3178; x_wconf 81' lang='lat' dir='ltr'><strong>Nemo</strong></span> <span class='ocrx_word' id='word_1_344' title='bbox 481 3118 579 3166; x_wconf 86' lang='lat' dir='ltr'><strong>tamen</strong></span> <span class='ocrx_word' id='word_1_345' title='bbox 601 3105 808 3181; x_wconf 75' lang='lat' dir='ltr'><strong>esttidelium,</strong></span> <span class='ocrx_word' id='word_1_346' title='bbox 832 3127 919 3185; x_wconf 89' lang='lat' dir='ltr'><strong>quem</strong></span> <span class='ocrx_word' id='word_1_347' title='bbox 940 3128 1002 3166; x_wconf 90' lang='lat' dir='ltr'><strong>non</strong></span> <span class='ocrx_word' id='word_1_348' title='bbox 1027 3108 1137 3170; x_wconf 85' lang='lat' dir='ltr'><strong>habere</strong></span> <span class='ocrx_word' id='word_1_349' title='bbox 1156 3122 1202 3170; x_wconf 89' lang='lat' dir='ltr'><strong>te·</strong></span> <span class='ocrx_word' id='word_1_350' title='bbox 1271 3107 1275 3130; x_wconf 76' lang='lat'><strong>¹</strong></span> 
     </span>
     <span class='ocr_line' id='line_1_35' title="bbox 9 3181 1200 3268; baseline -0.002 -22"><span class='ocrx_word' id='word_1_351' title='bbox 9 3229 12 3246; x_wconf 85' lang='grc'><strong>.</strong></span> <span class='ocrx_word' id='word_1_352' title='bbox 74 3197 151 3248; x_wconf 89' lang='lat' dir='ltr'><strong>stem</strong></span> <span class='ocrx_word' id='word_1_353' title='bbox 171 3182 244 3245; x_wconf 88' lang='lat' dir='ltr'><strong>velit.</strong></span> <span class='ocrx_word' id='word_1_354' title='bbox 259 3183 350 3242; x_wconf 85' lang='lat' dir='ltr'><strong>Filius</strong></span> <span class='ocrx_word' id='word_1_355' title='bbox 368 3182 435 3240; x_wconf 89' lang='lat' dir='ltr'><strong>Dei.</strong></span> <span class='ocrx_word' id='word_1_356' title='bbox 474 3181 629 3244; x_wconf 79' lang='lat' dir='ltr'><strong>Caeterum</strong></span> <span class='ocrx_word' id='word_1_357' title='bbox 649 3181 715 3256; x_wconf 85' lang='lat' dir='ltr'><strong>ubi,</strong></span> <span class='ocrx_word' id='word_1_358' title='bbox 739 3182 872 3262; x_wconf 87' lang='lat' dir='ltr'><strong>quando,</strong></span> <span class='ocrx_word' id='word_1_359' title='bbox 898 3184 1028 3263; x_wconf 88' lang='lat' dir='ltr'><strong>quoties,</strong></span> <span class='ocrx_word' id='word_1_360' title='bbox 1048 3188 1200 3268; x_wconf 79' lang='lat' dir='ltr'><strong>quomodo</strong></span> 
     </span>
     <span class='ocr_line' id='line_1_36' title="bbox 9 3247 1202 3346; baseline 0.003 -25"><span class='ocrx_word' id='word_1_361' title='bbox 9 3247 13 3336; x_wconf 43' lang='lat' dir='ltr'>f</span> <span class='ocrx_word' id='word_1_362' title='bbox 75 3274 107 3322; x_wconf 89' lang='lat' dir='ltr'><strong>et</strong></span> <span class='ocrx_word' id='word_1_363' title='bbox 126 3271 271 3340; x_wconf 82' lang='lat' dir='ltr'><strong>quatenus</strong></span> <span class='ocrx_word' id='word_1_364' title='bbox 291 3258 455 3339; x_wconf 84' lang='lat' dir='ltr'><strong>profitenda</strong></span> <span class='ocrx_word' id='word_1_365' title='bbox 478 3260 515 3328; x_wconf 79' lang='lat' dir='ltr'><strong>sit</strong></span> <span class='ocrx_word' id='word_1_366' title='bbox 538 3258 608 3318; x_wconf 88' lang='lat' dir='ltr'><strong>fides</strong></span> <span class='ocrx_word' id='word_1_367' title='bbox 626 3267 747 3333; x_wconf 70' lang='lat' dir='ltr'><strong>‘uostra,</strong></span> <span class='ocrx_word' id='word_1_368' title='bbox 778 3270 886 3320; x_wconf 82' lang='lat' dir='ltr'><strong>certam</strong></span> <span class='ocrx_word' id='word_1_369' title='bbox 917 3260 1020 3344; x_wconf 83' lang='lat' dir='ltr'><strong>legem</strong></span> <span class='ocrx_word' id='word_1_370' title='bbox 1038 3264 1202 3346; x_wconf 84' lang='lat' dir='ltr'><strong>praefigere</strong></span> 
     </span>
     <span class='ocr_line' id='line_1_37' title="bbox 9 3324 1201 3417; baseline 0.003 -21"><span class='ocrx_word' id='word_1_371' title='bbox 9 3335 12 3366; x_wconf 62' lang='lat'>³</span> <span class='ocrx_word' id='word_1_372' title='bbox 76 3338 200 3398; x_wconf 85' lang='lat' dir='ltr'><strong>difficile</strong></span> <span class='ocrx_word' id='word_1_373' title='bbox 222 3349 279 3409; x_wconf 87' lang='lat' dir='ltr'><strong>est,</strong></span> <span class='ocrx_word' id='word_1_374' title='bbox 308 3324 359 3414; x_wconf 59' lang='lat' dir='ltr'><strong>sed</strong></span> <span class='ocrx_word' id='word_1_375' title='bbox 378 3336 534 3415; x_wconf 85' lang='lat' dir='ltr'><strong>spectanda</strong></span> <span class='ocrx_word' id='word_1_376' title='bbox 555 3347 598 3394; x_wconf 87' lang='lat' dir='ltr'><strong>est</strong></span> <span class='ocrx_word' id='word_1_377' title='bbox 617 3336 747 3410; x_wconf 84' lang='lat' dir='ltr'><strong>occasio,</strong></span> <span class='ocrx_word' id='word_1_378' title='bbox 773 3356 810 3395; x_wconf 87' lang='lat' dir='ltr'><strong>ne</strong></span> <span class='ocrx_word' id='word_1_379' title='bbox 851 3337 980 3417; x_wconf 66' lang='lat' dir='ltr'><strong>uinquam</strong></span> <span class='ocrx_word' id='word_1_380' title='bbox 999 3351 1132 3402; x_wconf 86' lang='lat' dir='ltr'><strong>nostrum</strong></span> <span class='ocrx_word' id='word_1_381' title='bbox 1154 3341 1201 3402; x_wconf 80' lang='lat' dir='ltr'><strong>of-</strong></span> 
     </span>
     <span class='ocr_line' id='line_1_38' title="bbox 9 3357 1202 3495; baseline 0.003 -22"><span class='ocrx_word' id='word_1_382' title='bbox 9 3437 11 3464; x_wconf 40' lang='grc'><strong>’]</strong></span> <span class='ocrx_word' id='word_1_383' title='bbox 75 3415 145 3474; x_wconf 86' lang='lat' dir='ltr'><strong>ficio</strong></span> <span class='ocrx_word' id='word_1_384' title='bbox 165 3434 220 3476; x_wconf 84' lang='lat' dir='ltr'><strong>suo</strong></span> <span class='ocrx_word' id='word_1_385' title='bbox 240 3413 271 3472; x_wconf 95' lang='lat' dir='ltr'><strong>in</strong></span> <span class='ocrx_word' id='word_1_386' title='bbox 291 3424 425 3490; x_wconf 86' lang='lat' dir='ltr'><strong>tempore</strong></span> <span class='ocrx_word' id='word_1_387' title='bbox 438 3412 520 3473; x_wconf 87' lang='lat' dir='ltr'><strong>desit.</strong></span> <span class='ocrx_word' id='word_1_388' title='bbox 549 3411 696 3473; x_wconf 87' lang='lat' dir='ltr'><strong>Petendus</strong></span> <span class='ocrx_word' id='word_1_389' title='bbox 708 3357 960 3474; x_wconf 54' lang='lat' dir='ltr'><strong>etiamadomioo</strong></span> <span class='ocrx_word' id='word_1_390' title='bbox 975 3427 1019 3474; x_wconf 88' lang='lat' dir='ltr'><strong>est</strong></span> <span class='ocrx_word' id='word_1_391' title='bbox 1028 3418 1202 3495; x_wconf 84' lang='lat' dir='ltr'><strong>prudentiae</strong></span> 
     </span>
     <span class='ocr_line' id='line_1_39' title="bbox 9 3488 1202 3572; baseline -0.002 -18"><span class='ocrx_word' id='word_1_392' title='bbox 9 3535 11 3554; x_wconf 87' lang='lat'><em>.</em></span> <span class='ocrx_word' id='word_1_393' title='bbox 77 3503 108 3550; x_wconf 88' lang='lat' dir='ltr'><strong>ct</strong></span> <span class='ocrx_word' id='word_1_394' title='bbox 133 3488 315 3550; x_wconf 81' lang='lat' dir='ltr'><strong>fortitudinis</strong></span> <span class='ocrx_word' id='word_1_395' title='bbox 332 3488 479 3572; x_wconf 77' lang='lat' dir='ltr'><strong>Spiritus,</strong></span> <span class='ocrx_word' id='word_1_396' title='bbox 504 3509 563 3566; x_wconf 92' lang='lat' dir='ltr'><strong>quo</strong></span> <span class='ocrx_word' id='word_1_397' title='bbox 589 3488 736 3548; x_wconf 86' lang='lat' dir='ltr'><strong>directore</strong></span> <span class='ocrx_word' id='word_1_398' title='bbox 761 3489 882 3550; x_wconf 83' lang='lat' dir='ltr'><strong>sciamus</strong></span> <span class='ocrx_word' id='word_1_399' title='bbox 902 3491 973 3570; x_wconf 88' lang='lat' dir='ltr'><strong>quid</strong></span> <span class='ocrx_word' id='word_1_400' title='bbox 998 3494 1145 3572; x_wconf 83' lang='lat' dir='ltr'><strong>expediat,</strong></span> <span class='ocrx_word' id='word_1_401' title='bbox 1172 3504 1202 3552; x_wconf 88' lang='lat' dir='ltr'><strong>et</strong></span> 
     </span>
     <span class='ocr_line' id='line_1_40' title="bbox 9 3561 1202 3647; baseline 0.003 -22"><span class='ocrx_word' id='word_1_402' title='bbox 9 3561 11 3570; x_wconf 68' lang='grc'>’</span> <span class='ocrx_word' id='word_1_403' title='bbox 77 3567 200 3628; x_wconf 88' lang='lat' dir='ltr'><strong>sortiter</strong></span> <span class='ocrx_word' id='word_1_404' title='bbox 217 3586 282 3626; x_wconf 80' lang='lat' dir='ltr'><strong>erse</strong></span> <span class='ocrx_word' id='word_1_405' title='bbox 304 3585 422 3640; x_wconf 86' lang='lat' dir='ltr'><strong>namur,</strong></span> <span class='ocrx_word' id='word_1_406' title='bbox 441 3567 520 3644; x_wconf 90' lang='lat' dir='ltr'><strong>quod</strong></span> <span class='ocrx_word' id='word_1_407' title='bbox 541 3577 653 3624; x_wconf 89' lang='lat' dir='ltr'><strong>certum</strong></span> <span class='ocrx_word' id='word_1_408' title='bbox 672 3565 728 3624; x_wconf 89' lang='lat' dir='ltr'><strong>erit</strong></span> <span class='ocrx_word' id='word_1_409' title='bbox 747 3564 833 3626; x_wconf 90' lang='lat' dir='ltr'><strong>nobis</strong></span> <span class='ocrx_word' id='word_1_410' title='bbox 854 3568 993 3628; x_wconf 88' lang='lat' dir='ltr'><strong>mandari.</strong></span> <span class='ocrx_word' id='word_1_411' title='bbox 1040 3565 1202 3647; x_wconf 68' lang='lat' dir='ltr'><strong>Confitebor·</strong></span> 
     </span>
     <span class='ocr_line' id='line_1_41' title="bbox 77 3585 1201 3728; baseline 0.003 -26"><span class='ocrx_word' id='word_1_412' title='bbox 77 3657 104 3702; x_wconf 81' lang='lat' dir='ltr'><strong>et</strong></span> <span class='ocrx_word' id='word_1_413' title='bbox 121 3643 213 3702; x_wconf 72' lang='lat' dir='ltr'><strong>inmo.</strong></span> <span class='ocrx_word' id='word_1_414' title='bbox 262 3585 390 3702; x_wconf 65' lang='lat' dir='ltr'><strong>Additur</strong></span> <span class='ocrx_word' id='word_1_415' title='bbox 409 3641 579 3721; x_wconf 76' lang='lat' dir='ltr'><strong>promissio,</strong></span> <span class='ocrx_word' id='word_1_416' title='bbox 610 3637 684 3728; x_wconf 64' lang='lat' dir='ltr'><strong>luae</strong></span> <span class='ocrx_word' id='word_1_417' title='bbox 713 3641 808 3702; x_wconf 81' lang='lat' dir='ltr'><strong>zelum</strong></span> <span class='ocrx_word' id='word_1_418' title='bbox 833 3656 965 3706; x_wconf 86' lang='lat' dir='ltr'><strong>nostrum</strong></span> <span class='ocrx_word' id='word_1_419' title='bbox 992 3644 1045 3703; x_wconf 90' lang='lat' dir='ltr'><strong>hac</strong></span> <span class='ocrx_word' id='word_1_420' title='bbox 1068 3648 1097 3702; x_wconf 93' lang='lat' dir='ltr'><strong>in</strong></span> <span class='ocrx_word' id='word_1_421' title='bbox 1117 3656 1201 3723; x_wconf 84' lang='lat' dir='ltr'><strong>parte</strong></span> 
     </span>
     <span class='ocr_line' id='line_1_42' title="bbox 78 3717 1201 3785; baseline 0.004 -7"><span class='ocrx_word' id='word_1_422' title='bbox 78 3719 228 3785; x_wconf 72' lang='lat' dir='ltr'><strong>accendat</strong></span> <span class='ocrx_word' id='word_1_423' title='bbox 264 3719 417 3779; x_wconf 85' lang='lat' dir='ltr'><strong>Notandae</strong></span> <span class='ocrx_word' id='word_1_424' title='bbox 437 3730 534 3781; x_wconf 86' lang='lat' dir='ltr'><strong>autem</strong></span> <span class='ocrx_word' id='word_1_425' title='bbox 553 3729 621 3780; x_wconf 86' lang='lat' dir='ltr'><strong>sunt</strong></span> <span class='ocrx_word' id='word_1_426' title='bbox 639 3717 809 3778; x_wconf 85' lang='lat' dir='ltr'><strong>antitheses:</strong></span> <span class='ocrx_word' id='word_1_427' title='bbox 828 3739 894 3779; x_wconf 88' lang='lat' dir='ltr'><strong>nam</strong></span> <span class='ocrx_word' id='word_1_428' title='bbox 914 3722 938 3780; x_wconf 87' lang='lat' dir='ltr'><strong>si</strong></span> <span class='ocrx_word' id='word_1_429' title='bbox 957 3740 1011 3779; x_wconf 92' lang='lat' dir='ltr'><strong>nos</strong></span> <span class='ocrx_word' id='word_1_430' title='bbox 1023 3719 1201 3782; x_wconf 81' lang='lat' dir='ltr'><strong>conferimus</strong></span> 
     </span>
     <span class='ocr_line' id='line_1_43' title="bbox 78 3793 1202 3878; baseline 0.003 -24"><span class='ocrx_word' id='word_1_431' title='bbox 78 3817 145 3857; x_wconf 90' lang='lat' dir='ltr'><strong>cum</strong></span> <span class='ocrx_word' id='word_1_432' title='bbox 165 3795 242 3858; x_wconf 82' lang='lat' dir='ltr'><strong>Filio</strong></span> <span class='ocrx_word' id='word_1_433' title='bbox 262 3795 336 3870; x_wconf 90' lang='lat' dir='ltr'><strong>Dei,</strong></span> <span class='ocrx_word' id='word_1_434' title='bbox 361 3815 447 3874; x_wconf 88' lang='lat' dir='ltr'><strong>qoam</strong></span> <span class='ocrx_word' id='word_1_435' title='bbox 469 3806 556 3876; x_wconf 90' lang='lat' dir='ltr'><strong>turpe</strong></span> <span class='ocrx_word' id='word_1_436' title='bbox 577 3808 620 3855; x_wconf 86' lang='lat' dir='ltr'><strong>est</strong></span> <span class='ocrx_word' id='word_1_437' title='bbox 638 3806 776 3855; x_wconf 90' lang='lat' dir='ltr'><strong>nostrum</strong></span> <span class='ocrx_word' id='word_1_438' title='bbox 800 3793 842 3854; x_wconf 89' lang='lat' dir='ltr'><strong>illi</strong></span> <span class='ocrx_word' id='word_1_439' title='bbox 864 3796 1063 3860; x_wconf 84' lang='lat' dir='ltr'><strong>testimonium</strong></span> <span class='ocrx_word' id='word_1_440' title='bbox 1083 3816 1202 3878; x_wconf 87' lang='lat' dir='ltr'><strong>negare,</strong></span> 
     </span>
     <span class='ocr_line' id='line_1_44' title="bbox 101 3871 1203 3954; baseline 0.005 -22"><span class='ocrx_word' id='word_1_441' title='bbox 101 3895 171 3932; x_wconf 88' lang='lat' dir='ltr'><strong>uum</strong></span> <span class='ocrx_word' id='word_1_442' title='bbox 191 3871 278 3934; x_wconf 88' lang='lat' dir='ltr'><strong>nobis</strong></span> <span class='ocrx_word' id='word_1_443' title='bbox 296 3873 346 3932; x_wconf 90' lang='lat' dir='ltr'><strong>ille</strong></span> <span class='ocrx_word' id='word_1_444' title='bbox 365 3872 594 3947; x_wconf 77' lang='lat' dir='ltr'><strong>suumvicissIm,</strong></span> <span class='ocrx_word' id='word_1_445' title='bbox 615 3871 695 3950; x_wconf 88' lang='lat' dir='ltr'><strong>quasi</strong></span> <span class='ocrx_word' id='word_1_446' title='bbox 712 3875 957 3952; x_wconf 82' lang='lat' dir='ltr'><strong>&#39;compensationis</strong></span> <span class='ocrx_word' id='word_1_447' title='bbox 977 3872 1056 3946; x_wconf 91' lang='lat' dir='ltr'><strong>loco,</strong></span> <span class='ocrx_word' id='word_1_448' title='bbox 1075 3872 1203 3954; x_wconf 74' lang='lat' dir='ltr'><strong>offerat?</strong></span> 
     </span>
     <span class='ocr_line' id='line_1_45' title="bbox 79 3893 1202 4035; baseline 0.004 -28"><span class='ocrx_word' id='word_1_449' title='bbox 79 3893 114 4007; x_wconf 65' lang='lat' dir='ltr'><strong>li</strong></span> <span class='ocrx_word' id='word_1_450' title='bbox 133 3950 270 4035; x_wconf 77' lang='lat' dir='ltr'><strong>moqtales</strong></span> <span class='ocrx_word' id='word_1_451' title='bbox 291 3949 321 4010; x_wconf 90' lang='lat' dir='ltr'><strong>e&#39;t</strong></span> <span class='ocrx_word' id='word_1_452' title='bbox 339 3939 422 4007; x_wconf 89' lang='lat' dir='ltr'><strong>nihili</strong></span> <span class='ocrx_word' id='word_1_453' title='bbox 441 3948 574 4008; x_wconf 85' lang='lat' dir='ltr'><strong>homines</strong></span> <span class='ocrx_word' id='word_1_454' title='bbox 595 3969 658 4007; x_wconf 89' lang='lat' dir='ltr'><strong>cum</strong></span> <span class='ocrx_word' id='word_1_455' title='bbox 672 3948 739 4008; x_wconf 89' lang='lat' dir='ltr'><strong>Deo</strong></span> <span class='ocrx_word' id='word_1_456' title='bbox 760 3959 790 4007; x_wconf 86' lang='lat' dir='ltr'><strong>et</strong></span> <span class='ocrx_word' id='word_1_457' title='bbox 810 3949 919 4032; x_wconf 84' lang='lat' dir='ltr'><strong>angelis</strong></span> <span class='ocrx_word' id='word_1_458' title='bbox 939 3960 1060 4026; x_wconf 86' lang='lat' dir='ltr'><strong>totaque</strong></span> <span class='ocrx_word' id='word_1_459' title='bbox 1081 3947 1202 4018; x_wconf 74' lang='lat' dir='ltr'><strong>coelesti</strong></span> 
     </span>
     <span class='ocr_line' id='line_1_46' title="bbox 81 4024 1202 4144; baseline 0.004 -61"><span class='ocrx_word' id='word_1_460' title='bbox 81 4024 175 4104; x_wconf 85' lang='lat' dir='ltr'><strong>gloria</strong></span> <span class='ocrx_word' id='word_1_461' title='bbox 194 4026 385 4098; x_wconf 84' lang='lat' dir='ltr'><strong>conferimus,</strong></span> <span class='ocrx_word' id='word_1_462' title='bbox 404 4037 514 4144; x_wconf 81' lang='lat' dir='ltr'><strong>quanto</strong></span> <span class='ocrx_word' id='word_1_463' title='bbox 534 4024 720 4094; x_wconf 69' lang='lat' dir='ltr'><strong>excellentius</strong></span> <span class='ocrx_word' id='word_1_464' title='bbox 740 4035 794 4110; x_wconf 77' lang='lat' dir='ltr'><strong>est,</strong></span> <span class='ocrx_word' id='word_1_465' title='bbox 813 4027 892 4116; x_wconf 90' lang='lat' dir='ltr'><strong>quod</strong></span> <span class='ocrx_word' id='word_1_466' title='bbox 913 4025 1202 4104; x_wconf 81' lang='lat' dir='ltr'><strong>promittitClrrietus</strong></span> 
     </span>
     <span class='ocr_line' id='line_1_47' title="bbox 81 4101 1201 4195; baseline 0.004 -35"><span class='ocrx_word' id='word_1_467' title='bbox 81 4121 168 4178; x_wconf 88' lang='lat' dir='ltr'><strong>quam</strong></span> <span class='ocrx_word' id='word_1_468' title='bbox 189 4104 268 4183; x_wconf 92' lang='lat' dir='ltr'><strong>quod</strong></span> <span class='ocrx_word' id='word_1_469' title='bbox 287 4101 423 4182; x_wconf 88' lang='lat' dir='ltr'><strong>requirit.</strong></span> <span class='ocrx_word' id='word_1_470' title='bbox 456 4101 531 4160; x_wconf 89' lang='lat' dir='ltr'><strong>Nam</strong></span> <span class='ocrx_word' id='word_1_471' title='bbox 544 4101 669 4181; x_wconf 83' lang='lat' dir='ltr'><strong>quamvis</strong></span> <span class='ocrx_word' id='word_1_472' title='bbox 687 4101 836 4164; x_wconf 74' lang='lat' dir='ltr'><strong>increduli·</strong></span> <span class='ocrx_word' id='word_1_473' title='bbox 852 4103 910 4162; x_wconf 91' lang='lat' dir='ltr'><strong>sint</strong></span> <span class='ocrx_word' id='word_1_474' title='bbox 930 4101 1061 4176; x_wconf 18' lang='lat' dir='ltr'><strong>lrolrnines</strong></span> <span class='ocrx_word' id='word_1_475' title='bbox 1080 4101 1122 4163; x_wconf 57' lang='lat' dir='ltr'><strong>ac*</strong></span> <span class='ocrx_word' id='word_1_476' title='bbox 1133 4125 1201 4195; x_wconf 84' lang='lat' dir='ltr'><strong>per-</strong></span> 
     </span>
     <span class='ocr_line' id='line_1_48' title="bbox 81 4175 1203 4260; baseline 0.008 -27"><span class='ocrx_word' id='word_1_477' title='bbox 81 4175 170 4249; x_wconf 81' lang='lat' dir='ltr'><strong>versi,</strong></span> <span class='ocrx_word' id='word_1_478' title='bbox 202 4180 323 4260; x_wconf 83' lang='lat' dir='ltr'><strong>perinde</strong></span> <span class='ocrx_word' id='word_1_479' title='bbox 347 4191 446 4238; x_wconf 86' lang='lat' dir='ltr'><strong>tamen</strong></span> <span class='ocrx_word' id='word_1_480' title='bbox 466 4178 546 4259; x_wconf 91' lang='lat' dir='ltr'><strong>quod</strong></span> <span class='ocrx_word' id='word_1_481' title='bbox 572 4177 628 4237; x_wconf 88' lang='lat' dir='ltr'><strong>illis</strong></span> <span class='ocrx_word' id='word_1_482' title='bbox 652 4179 798 4240; x_wconf 85' lang='lat' dir='ltr'><strong>reddimus</strong></span> <span class='ocrx_word' id='word_1_483' title='bbox 827 4177 1040 4253; x_wconf 83' lang='lat' dir='ltr'><strong>testimonium,</strong></span> <span class='ocrx_word' id='word_1_484' title='bbox 1071 4192 1203 4242; x_wconf 75' lang='lat' dir='ltr'><strong>aestimat</strong></span> 
     </span>
     <span class='ocr_line' id='line_1_49' title="bbox 82 4249 1301 4339; baseline 0.004 -29"><span class='ocrx_word' id='word_1_485' title='bbox 82 4249 216 4316; x_wconf 85' lang='lat' dir='ltr'><strong>Christus</strong></span> <span class='ocrx_word' id='word_1_486' title='bbox 235 4257 293 4316; x_wconf 89' lang='lat' dir='ltr'><strong>acsi</strong></span> <span class='ocrx_word' id='word_1_487' title='bbox 312 4267 388 4318; x_wconf 86' lang='lat' dir='ltr'><strong>esset</strong></span> <span class='ocrx_word' id='word_1_488' title='bbox 405 4257 464 4318; x_wconf 90' lang='lat' dir='ltr'><strong>Dei</strong></span> <span class='ocrx_word' id='word_1_489' title='bbox 483 4268 513 4316; x_wconf 87' lang='lat' dir='ltr'><strong>et</strong></span> <span class='ocrx_word' id='word_1_490' title='bbox 532 4253 703 4339; x_wconf 87' lang='lat' dir='ltr'><strong>angelornm</strong></span> <span class='ocrx_word' id='word_1_491' title='bbox 723 4276 883 4318; x_wconf 81' lang='lat' dir='ltr'><strong>consessus.</strong></span> <span class='ocrx_word' id='word_1_492' title='bbox 927 4253 1001 4316; x_wconf 89' lang='lat' dir='ltr'><strong>Ideo</strong></span> <span class='ocrx_word' id='word_1_493' title='bbox 1026 4257 1101 4337; x_wconf 87' lang='lat' dir='ltr'><strong>apud</strong></span> <span class='ocrx_word' id='word_1_494' title='bbox 1115 4257 1201 4318; x_wconf 85' lang='lat' dir='ltr'><strong>ltlar·</strong></span> <span class='ocrx_word' id='word_1_495' title='bbox 1291 4292 1301 4315; x_wconf 85' lang='lat'><strong><em>.</em></strong></span> 
     </span>
    </p>
   </div>
   <div class='ocr_carea' id='block_1_10' title="bbox 80 4329 1200 4443">
    <p class='ocr_par' dir='ltr' id='par_1_10' title="bbox 80 4329 1200 4443">
     <span class='ocr_line' id='line_1_50' title="bbox 80 4329 1200 4443; baseline 0.021 -57"><span class='ocrx_word' id='word_1_496' title='bbox 80 4345 147 4388; x_wconf 86' lang='lat' dir='ltr'><strong>cum</strong></span> <span class='ocrx_word' id='word_1_497' title='bbox 171 4329 330 4443; x_wconf 40' lang='lat' dir='ltr'><strong>egdorem</strong></span> <span class='ocrx_word' id='word_1_498' title='bbox 361 4332 556 4416; x_wconf 80' lang='lat' dir='ltr'><strong>amplificaqdi</strong></span> <span class='ocrx_word' id='word_1_499' title='bbox 573 4333 803 4410; x_wconf 55' lang='lat' dir='ltr'><strong>canendique,</strong></span> <span class='ocrx_word' id='word_1_500' title='bbox 825 4335 858 4390; x_wconf 73' lang='lat' dir='ltr'><strong>in</strong></span> <span class='ocrx_word' id='word_1_501' title='bbox 882 4329 937 4394; x_wconf 77' lang='lat' dir='ltr'><strong>dac</strong></span> <span class='ocrx_word' id='word_1_502' title='bbox 956 4345 1040 4409; x_wconf 55' lang='lat'><strong>3⁰⁹⁸&amp;</strong></span> <span class='ocrx_word' id='word_1_503' title='bbox 1054 4332 1200 4410; x_wconf 58' lang='lat' dir='ltr'><strong>minim,</strong></span> 
     </span>
    </p>
   </div>
   <div class='ocr_carea' id='block_1_11' title="bbox 0 0 1414 4742">
    <p class='ocr_par' dir='ltr' id='par_1_11' title="bbox 0 0 1414 4742">
     <span class='ocr_line' id='line_1_51' title="bbox 0 0 1414 4742; baseline 0 0"><span class='ocrx_word' id='word_1_504' title='bbox 0 0 1414 4742; x_wconf 95' lang='lat' dir='ltr'><strong> </strong></span> 
     </span>
    </p>
   </div>
  </div>
 </body>
</html>
