2808 4748
421 295 480 383 (do.
501 305 582 368 lesus
601 304 674 389 legit
691 319 746 369 titt.
766 285 939 390 apostolos.)
1151 277 1161 288 ι
1183 313 1243 384 133

113 452 145 512 in
164 460 306 514 montem
344 450 436 519 Lucas
457 469 489 510 ex
513 449 591 509 rimit
611 455 735 525 causam,
754 461 787 509 ut
806 449 925 513 liberius
944 453 976 514 iu
995 473 1112 516 secessu
1130 465 1241 532 oraret,

113 529 194 608 quod
214 528 327 608 saepius
346 529 443 588 facere
462 470 580 587 solitum
601 546 635 586 ex
654 526 716 586 aliis
735 525 809 587 locis
834 539 938 588 notum
958 541 1010 590 est.
1054 533 1122 592 Hoc
1142 542 1240 592 autem

113 604 277 685 exemplum
297 603 383 665 nobis
401 616 562 684 perpetuae
580 603 702 684 regulae
720 601 814 662 instar
832 623 895 664 esse
915 605 1018 682 debet,
1042 621 1111 670 uta
1134 628 1240 689 preca-

112 681 197 740 tione
223 681 384 754 ordiamur,
409 680 524 759 quoties
550 679 678 760 eligendi
702 690 771 738 sunt
793 680 932 740 Ecclesiis
957 695 1104 760 pastores,
1129 684 1240 766 alioqui

11 769 13 778 ’
112 757 322 836 inauspicatum
349 757 406 817 erit
432 755 571 836 quicquid
595 755 792 820 tentabimus..
826 757 891 817 Nec
916 777 985 816 sane
1010 759 1155 822 Dominus
1178 772 1240 821 tam
1278 779 1280 788 '
1367 773 1371 780 '

11 891 13 894 .
71 841 73 848 ‘
112 854 163 894 sua
183 855 267 895 causa
287 845 419 913 precatus
440 844 500 907 cst,
522 853 609 912 quam
628 843 662 891 ut
681 831 769 892 nobis
788 831 885 913 legem
904 833 1124 912 praescriberet.
1161 838 1240 898 Pru·

113 908 213 970 dentia
232 909 310 970 enim
330 910 513 972 destituimur
533 920 563 968 et
581 908 723 983 consilio,
748 919 853 988 atque,
872 920 906 969 ut
924 909 1045 969 maxime
1064 910 1151 972 simus
1170 933 1240 992 pcr-
1292 931 1298 951 ’

112 986 255 1078 spicaces,
279 985 352 1046 nihil
370 998 469 1064 tamen
489 984 615 1060 facilius,
642 1006 728 1065 quam
748 983 802 1045 hac
822 985 853 1044 iu
873 997 957 1065 parte
978 985 1082 1066 decipi.
1125 988 1187 1048 Iam
1206 1001 1240 1050 ut

109 1085 199 1123 simus
219 1075 298 1124 extra
319 1063 435 1124 errandi
454 1060 628 1143 periculum,
648 1062 705 1122 nisi
724 1059 871 1123 Dominus
892 1061 1015 1122 aflectus
1036 1074 1154 1124 nostros
1173 1068 1240 1124 nio-

111 1140 242 1214 deretur,
255 1152 370 1218 'quanta
390 1139 426 1200 ad
445 1159 500 1212 nos
521 1136 710 1221 abripiendos
720 1136 770 1199 vel
786 1138 895 1200 favoris
916 1150 947 1198 et
965 1137 1086 1221 gratiae,
1101 1140 1148 1200 vel
1169 1140 1240 1219 odii,

110 1217 158 1276 vel
177 1217 345 1279 ambitionis
364 1217 407 1278 vis
426 1228 486 1289 est,
512 1225 562 1278 aut
581 1213 679 1294 potius
697 1213 859 1277 violentia?
893 1213 941 1274 Ad
961 1216 1050 1290 haec,
1078 1227 1113 1277 ut
1130 1239 1241 1278 summa

110 1293 141 1352 in
167 1294 314 1354 electione
339 1293 467 1374 viguerit
496 1291 665 1366 dexteritas,
693 1289 852 1350 infeliciter
877 1303 976 1352 tamen
1001 1290 1242 1372 cedentomnia,

109 1370 326 1430 nisiDorninus
345 1368 492 1450 regendos
512 1365 658 1446 suscipiat,
678 1366 729 1444 qui
747 1365 858 1426 fuerint
877 1368 973 1444 electi,
994 1391 1028 1429 ac
1048 1369 1167 1430 dotibus
1185 1390 1241 1438 ne·
1287 1416 1290 1434 .

110 1447 241 1506 cessariis
261 1445 396 1505 instruat.
437 1443 525 1518 Quid
539 1441 630 1524 ergo?
661 1442 739 1501 dicet
758 1443 913 1522 quispiam,
939 1465 977 1506 an
996 1464 1059 1504 nnn
1085 1447 1163 1506 serio
1183 1466 1241 1527 po-

108 1523 229 1582 stulavit
249 1543 264 1580 a
283 1522 372 1580 Patre
394 1520 542 1594 Christus,
566 1531 600 1580 ut
623 1517 762 1579 electioni
785 1540 856 1579 suae
881 1521 1046 1600 praeesset?
1084 1522 1153 1584 Hoc
1174 1523 1240 1604 qui-

12 1647 13 1652 ,
110 1599 180 1659 dem
200 1598 297 1657 fateor
316 1609 347 1658 et
364 1596 451 1658 simul
470 1596 562 1671 addo,
588 1594 646 1656 hoc
665 1594 834 1656 testimonio
856 1595 1033 1674 declarasse,
1056 1620 1142 1678 quam
1164 1613 1242 1662 esset

11 1661 13 1708 *³
111 1675 149 1735 de
173 1673 305 1735 Ecclesia
329 1695 382 1734 sua
410 1671 559 1736 sollicitus.
603 1673 708 1752 Itaque
732 1690 793 1732 non
821 1673 992 1751 quotidrano
1016 1696 1101 1736 more
1124 1677 1242 1759 rogavit

106 1748 241 1827 Patrem,
260 1751 311 1811 sed
330 1761 423 1813 totam
436 1761 555 1811 noctem
574 1749 605 1808 in
624 1747 761 1829 precibus
774 1749 963 1828 consumpsit.
1001 1751 1115 1812 Verum
1133 1752 1158 1814 si
1176 1754 1241 1834 ipse
1297 1783 1302 1790 =

109 1828 226 1908 Spiritu
244 1840 346 1893 saneto
364 1828 469 1908 plenus
488 1839 549 1886 tam
565 1825 704 1886 ardenter
723 1835 753 1884 et
772 1824 855 1884 anxie
867 1825 984 1887 Patrem
998 1827 1150 1890 electionis
1169 1850 1241 1890 suae

14 1957 18 1962 ,
100 1904 274 1986 “praesidem
292 1905 449 1979 invocavit,
469 1915 579 1983 quanto
600 1901 695 1963 maior
715 1912 759 1962 est
777 1913 879 1962 nostra
899 1905 1071 1966 necessitas?
1112 1903 1152 1964 V
1147 1910 1258 1968 uem

107 1981 155 2042 nd.
167 2003 199 2042 eo
215 2003 288 2077 quos
305 1981 400 2050 voluit
439 1981 509 2042 Non
530 1980 633 2041 dubito
655 1979 726 2058 quin
752 1977 809 2070 hoc
827 1978 920 2041 verbo
945 1982 1090 2064 significet
1108 1983 1238 2062 Marcus,

106 2079 190 2120 mera
213 2058 324 2120 (ahristi
344 2058 453 2141 gratia,
484 2070 546 2118 non
588 2077 622 2118 ro
642 2077 693 2118 sua
713 2056 873 2192 dIgmtate,
904 2058 942 2118 ad
961 2071 1023 2118 tam·
1038 2058 1237 2127 honorificum

106 2157 214 2196 munus
234 2135 322 2196 fuisse
341 2146 512 2215 assumptos.
563 2153 627 2192 varn
646 2133 670 2192 si
689 2132 750 2191 inte
764 2133 1089 2214 ligasdelectosfuisse,
1108 2136 1161 2216 qui
1174 2136 1238 2199 aliis
1276 2189 1284 2209 χ
1351 2213 1354 2225 Ι

104 2213 333 2293 praestantiores
354 2223 454 2283 crant,
477 2230 544 2270 non
563 2207 719 2288 quadrabit
740 2209 799 2267 hoc
824 2209 855 2268 in
874 2210 988 2272 ludam.
1033 2201 1142 2272 Sensus
1162 2232 1236 2296 ergo

106 2302 165 2350 est:
191 2309 253 2347 nou
273 2287 362 2348 fuisse
383 2287 510 2347 delatum
537 2285 689 2346 bominum
713 2283 823 2343 meritis
842 2283 1066 2365 Apostolatum,
1091 2288 1142 2348 sed
1190 2311 1238 2350 ra-

104 2367 180 2428 tuita
198 2363 257 2424 Dei
276 2362 489 2435 misericordia,
514 2361 565 2441 qui
583 2359 703 2431 minime
723 2359 805 2441 digni
830 2373 929 2437 eraut,
954 2365 985 2420 in
1004 2362 1087 2422 illmn
1149 2309 1236 2424 adum
1273 2373 1274 2380 ’

108 2451 245 2514 evectos,
268 2451 356 2518 atque
380 2439 421 2498 ita
441 2437 597 2518 impletum
618 2454 691 2510 esse,
711 2434 790 2513 quod
810 2434 880 2494 alibi
900 2438 1118 2518 pronuntiatC
1141 2440 1238 2518 ristus,

104 2519 178 2577 Non
201 2535 253 2575 vos
278 2535 326 2573 me
357 2513 499 2595 elegistis,
517 2512 569 2578 sed
595 2531 652 2592 ego
677 2509 754 2590 clegi
778 2509 914 2588 vos(10.
937 2518 991 2585 15,
1012 2518 1082 2588 ab).
1120 2514 1237 2575 Eodem

105 2611 227 2674 quoque
251 2611 338 2651 sensu
363 2590 470 2652 Paulus
492 2589 554 2663 Dei
578 2587 763 2668 propositum
787 2586 818 2646 in
842 2607 896 2646 suo
920 2584 1098 2666 Apostolatu
1122 2591 1237 2672 saepius

105 2668 296 2732 commendat
315 2666 433 2751 (Ephes.
453 2673 482 2742 3,
502 2673 530 2732 7.
551 2665 666 2727 Coloss.
686 2667 722 2738 1,
740 2665 809 2742 25).
847 2663 908 2723 Sed
927 2661 976 2725 hic
996 2678 1152 2750 emergunt
1163 2666 1238 2748 plu·
1269 2687 1283 2728 .·

104 2767 153 2808 res
174 2745 369 2826 quaestiones.
412 2742 529 2819 Primo,
556 2755 608 2804 cur
628 2739 773 2806 destinato
796 2740 951 2822 proposito
972 2742 1081 2820 tutam,
1101 2743 1237 2840 elegerit,

105 2842 194 2906 quem
216 2820 380 2882 ethonore
399 2820 555 2903 indignum
577 2816 706 2893 sciebat,
731 2828 760 2876 et
779 2815 845 2877 lore
868 2819 1063 2897 proditorem.
1105 2819 1236 2898 Deinde,

105 2923 158 2962 cur
176 2899 275 2972 Deus,
303 2919 320 2962 a
339 2892 415 2960 Filio
436 2909 496 2959 tam
514 2895 652 2958 ardenter
674 2906 812 2974 rogatus,
831 2893 874 2956 ,in
898 2893 1068 2976 primarium
1086 2895 1236 2959 Ecclesiae
1270 2972 1273 2979 ‚

11 3035 12 3040 ,
65 3006 74 3016 ·
103 2996 174 3040 suae
196 2976 331 3037 ordinem
351 2973 497 3056 obrepere
523 2995 622 3054 passus
642 2971 732 3031 fuerit
758 2970 908 3032 honinem
927 2972 1072 3051 perliduln
1091 2986 1123 3034 et
1141 2974 1234 3035 scele-

11 3053 12 3058 ’
103 3067 203 3128 stum,
230 3053 288 3114 acsi
308 3051 457 3113 Christum
477 3072 509 3111 re
532 3051 665 3111 udiasset.
714 3047 838 3124 Tertio,
871 3069 923 3108 cur
941 3048 1071 3109 voluerit
1091 3050 1234 3143 primit's
1281 3089 1284 3102 ·

102 3130 256 3208 Ecclesiae
271 3144 344 3188 'suae
361 3140 422 3188 tarn
452 3074 543 3188 foedo
564 3126 711 3186 dedecore
731 3123 834 3206 pollui.
917 3137 1018 3198 uarto,
1049 3147 1099 3206 qur
1124 3123 1201 3189 sarth

104 3209 152 3284 sit,
171 3217 208 3266 ut
225 3205 329 3286 probis
349 3225 382 3264 ac
396 3203 531 3266 fidelibus
550 3199 691 3264 ministris
702 3202 806 3262 Iudam
820 3199 954 3263 Christus
972 3203 1066 3263 sciens
1086 3205 1234 3271 acvolens

69 3337 75 3352 .
103 3284 278 3366 praeferret.
315 3280 414 3340 Prima
427 3280 557 3341 obiectio
580 3279 634 3339 hac
652 3278 847 3359 responsione
867 3278 999 3355 solvitur,
1018 3278 1145 3342 voluisse
1160 3302 1234 3342 cou-

104 3362 182 3423 sulto
207 3357 369 3418 Dominum
395 3376 554 3417 occurrere
577 3355 682 3415 futuris
709 3354 868 3429 scandalIs,
899 3369 938 3414 ne
966 3357 1121 3418 turbemur
1145 3378 1233 3439 supra

105 3439 245 3509 modum,
265 3434 388 3514 quotics
400 3433 501 3492 locum
518 3434 551 3493 in
569 3431 701 3512 Ecclqsia
720 3442 868 3511 occupant
886 3431 990 3512 perlidi
1011 3434 1166 3510 doctores,
1185 3433 1233 3495 vel
1306 3474 1309 3480 -

106 3536 141 3574 ex
169 3509 387 3595 professoribus
406 3509 559 3591 Evangelii
590 3509 667 3570 fiunt
696 3519 859 3589 apostatae:
892 3520 922 3569 et
950 3509 1037 3572 simul
1068 3511 1232 3591 exemplum
1307 3575 1309 3590 Ι

105 3589 271 3651 horrendae
292 3585 465 3647 delectionis
489 3586 621 3646 statuisse
645 3585 676 3647 in
697 3587 787 3654 ,unius
808 3583 934 3647 hominis
969 3594 1094 3662 emona,
1119 3605 1159 3646 ne
1176 3584 1233 3646 sibi

104 3669 230 3728 nimium
250 3664 403 3746 placeant,
426 3661 475 3744 qui
495 3663 525 3722 in
546 3663 651 3723 altiore
671 3659 822 3744 dignitatis
842 3662 935 3744 gradu
952 3608 1043 3726 locati
1062 3674 1139 3724 sunt.
1178 3661 1232 3734 lq-

104 3756 187 3804 terea
207 3764 269 3802 nnn
291 3742 430 3815 dicemus,
449 3739 593 3821 repulsam
612 3759 726 3820 passum
746 3738 833 3798 fuisse
853 3737 1011 3800 Christum
1052 3740 1154 3814 Quum
1172 3737 1231 3799 Pa-

11 3869 12 3872 .
104 3832 152 3880 ter
171 3817 335 3881 admirabili
355 3816 479 3888 consilio
500 3816 650 3876 diabolum
661 3835 760 3890 *unum
779 3815 890 3907 angelis
909 3817 1045 3878 undecim
1060 3815 1233 3898 adiungens,

11 3951 12 3956 ,
105 3897 146 3957 sic
165 3907 264 3959 tamen
284 3895 451 3955 moderatus
472 3905 515 3953 cst
535 3894 577 3952 rei
597 3905 749 3970 eventum,
768 3903 802 3952 ut
820 3892 896 3954 illius
916 3893 1045 3955 delectio
1065 3891 1152 3952 fidem
1172 3893 1231 3954 Eo-

106 3971 210 4034 clesiae
229 3991 297 4033 suae
318 3970 505 4032 confirmaret
523 3971 718 4050 potiusquam
738 3981 926 4031 concuteret..
958 3969 1040 4029 Haec
1059 3967 1161 4028 eadem
1180 3988 1232 4028 so-

105 4049 181 4110 lutio
200 4049 305 4108 tertiae
326 4047 489 4128 quaestioni
514 4047 637 4139 aptanda
661 4058 714 4106 est.
763 4046 802 4106 ln
826 4047 896 4127 ipsis
920 4043 1089 4125 primordiis
1116 4055 1232 4104 mature

107 4134 289 4186 ostensa'est
308 4125 406 4184 futura
423 4123 572 4184 Ecclesrae
592 4123 740 4198 conditio,
764 4142 803 4202 ne
823 4123 859 4184 ad
885 4123 1022 4188 ulliusve
1061 4121 1113 4184 obi
1133 4142 1231 4184 casum
1251 4148 1253 4151 ·

107 4200 289 4262 labascercnt
306 4201 429 4276 infirmi,
453 4201 520 4281 quia
544 4199 697 4281 indiguum
718 4210 779 4276 cst,
806 4212 840 4259 ut
859 4199 896 4261 ab
917 4199 1029 4260 homini
1051 4222 1084 4261 us
1103 4198 1232 4282 pendeat

107 4277 260 4360 Evangelii
277 4277 426 4338 stabilitas.
466 4275 558 4356 Quod
577 4278 613 4338 ad
638 4276 774 4338 ultimum
800 4276 950 4336 obiectum
974 4289 1101 4356 spectat,
1127 4275 1230 4337 Iudam

107 4373 170 4412 nou
189 4353 330 4433 praetulit
340 4353 474 4416 Christus
493 4355 548 4436 piis
568 4354 734 4434 sanctisque
746 4353 904 4434 discipulis,
922 4352 973 4413 sed
986 4373 1052 4414 eum
1064 4355 1095 4414 in
1107 4353 1231 4416 sublime
1246 4413 1248 4418 .

108 4427 227 4508 tollens,
244 4431 324 4494 unde
342 4431 469 4495 ruiturus
482 4444 554 4514 erat,
574 4433 711 4498 omuibus
721 4427 889 4513 spectaculo
901 4449 963 4493 esse
974 4430 1078 4513 voluit,
1096 4431 1232 4514 adeoque
