2824 4756
8 1135 10 1196 i
85 1136 161 1196 dere
180 1159 212 1198 su

425 231 533 302 ‹a-s.
552 200 684 312 unguo
703 228 880 313 uaesana)
903 212 905 220 ’
1033 220 1035 224 ’
1180 194 1216 303 's

86 368 149 451 qub
169 371 310 440 fruantur
328 369 386 432 soli
403 383 554 452 parentes,
579 371 626 434 vel
645 371 724 454 quod
744 393 781 433 se
799 374 918 454 privatis
936 374 1096 457 parietibus
1115 377 1214 438 conti·
1288 377 1292 383 ’

86 459 169 524 neat,
188 450 241 509 sed
255 449 404 509 ‘extraneis
424 449 509 508 etiam
529 469 696 523 commune,
715 450 750 509 ad
762 472 835 529 quos
854 448 1009 514 nativitatis
1029 454 1140 524 fructus
1181 475 1212 515 a·

85 525 176 585 tebit.
204 525 347 584 ‘Perinde
366 545 436 606 ergo
457 537 501 586 est
520 527 578 586 acsi
598 526 709 586 diceret
720 526 861 608 Angelus,
881 548 940 586 non
960 532 1010 603 uni
1028 475 1179 591 tantumi
1197 569 1212 581 -

86 599 208 662 chariae
218 603 393 662 nasciturum
406 601 506 678 lilium,
528 601 757 666 sedDoctorem
778 603 834 662 toti
853 604 964 682 populo
979 627 1010 665 ac
1023 606 1211 688 Prophetam.

83 677 186 738 Abu'si
206 688 276 739 sunt
294 677 349 738 boc
369 678 435 738 loco
456 678 663 770 Papistae,.ut
681 676 837 758 profanum
858 699 969 738 morem
988 682 1160 744 inducerent
1179 686 1210 745 in
1247 747 1251 752 ,

84 754 270 814 celebrando
282 755 398 814 loannis
418 755 514 815 natali.
543 757 608 815 Hoc
620 755 736 829 omitto,
750 756 829 847 quod
849 756 981 835 tripudiis
1003 767 1032 816 et
1049 759 1211 822 saltationi-

83 830 147 890 bus
166 852 201 890 ac
219 851 304 890 omne
323 851 414 914 genus
435 831 565 905 lasciviis,
584 832 764 892 comessandi
784 831 901 894 licentia
920 833 1005 892 nimis
1025 848 1212 913 praepostere

86 907 171 966 diem
193 907 306 982 colunt,
336 929 422 986 quem
445 909 561 989 fingunt
578 907 633 968 sibi
657 929 770 978 sacrum
796 928 873 983 esse,
902 909 962 968 imo
989 909 1068 988 quod
1092 913 1211 994 magicis

85 983 202 1044 artibus
222 995 250 1042 et
268 982 422 1045 diabolicis
439 985 602 1078 praestigiis
621 983 651 1044 in
673 1005 709 1044 eo
729 983 785 1044 sibi
802 984 905 1062 luders
951 987 1119 1064 ermittunt,
1149 1011 1211 1050 non

85 1079 174 1122 secus
193 1071 220 1120 at
243 1080 279 1118 ue
298 1061 329 1119 in
343 1061 461 1124 Cereus
473 1061 623 1141 mysteriis.
661 1061 696 1120 ln
708 1007 954 1140 praesentiamilli
974 1061 1212 1124 breviterusten·
1265 1067 1268 1072 '

216 1083 296 1210 ricta,
308 1137 418 1218 Angcli
429 1137 517 1197 verba
537 1138 643 1198 insulse
664 1136 777 1198 abillis
796 1139 931 1218 torqueri
951 1139 986 1198 ad
1008 1159 1131 1198 annuam
1154 1141 1211 1202 dici

83 1211 190 1274 natalis
214 1213 371 1288 laetitiam,
400 1235 488 1294 quum
513 1212 685 1294 simpliciter
707 1214 842 1294 gaudium
864 1216 1052 1278 commendet
1065 1214 1212 1352 Angelus,

83 1289 169 1368 quod
188 1289 351 1349 rediturum
372 1290 408 1351 ad
434 1307 548 1350 omnes
562 1290 627 1370 pios
649 1301 711 1349 erat
730 1311 764 1349 ex
788 1290 884 1351 fructu
905 1291 1065 1352 doctrinae.
1143 1292 1213 1353 arisi

83 1367 166 1425 enim
191 1376 275 1441 snn't,
302 1377 402 1448 natum
426 1367 483 1428 sibi
508 1383 570 1426 esse
589 1366 883 1448 Prophetam,·cuius
907 1367 1069 1429 ministerio
1095 1370 1213 1431 adducti

83 1441 205 1503 suntin
224 1462 307 1524 spem
327 1443 433 1504 salutis.
1137 1471 1140 1479 ¹

162 1525 209 1584 15.
248 1518 319 1577 Erit
334 1523 410 1578 enim
432 1539 564 1595 mugram.
617 1517 780 1580 Confirmat
810 1521 889 1600 qnod
920 1520 991 1581 dixit
1020 1521 1057 1583 de
1089 1525 1211 1609 gaudio,

83 1594 206 1674 quiaad
223 1615 286 1654 rem
305 1617 440 1678 magnam
460 1608 490 1656 et
508 1594 653 1656 insolitam
671 1595 830 1657 destinatus
852 1607 914 1657 erat
933 1598 1066 1660 Ioannes.
1104 1603 1213 1681 Neque
1252 1633 1262 1648 ·
1350 1601 1352 1608 '

25 1723 31 1736 ,
83 1673 166 1731 enim
185 1671 233 1731 bic
252 1683 312 1732 tam
331 1672 484 1733 laudantur
502 1672 749 1752 virtutes.quibus
770 1672 913 1746 excelluit,
934 1694 1019 1766 quam
1038 1679 1210 1760 magnitudo

8 1751 15 1762 ²
85 1760 118 1807 et
139 1748 308 1818 excellentia
326 1751 417 1811 officii
438 1749 597 1812 extollitur:
619 1749 863 1830 quemadmodum
883 1749 1014 1811 Christus
1033 1754 1148 1827 (Mattb.
1161 1761 1210 1830 11,

83 1825 160 1902 11.)‚
181 1826 249 1885 dum
261 1826 534 1906 praestantissimum
555 1826 632 1886 inter
644 1825 720 1886 lilios
738 1827 892 1886 mulierum
913 1847 974 1888 esse
994 1829 1127 1903 affirmat,
1147 1851 1210 1891 non

82 1913 145 1960 tam
167 1902 203 1961 ad
221 1902 442 1964 sanctimoniam
465 1905 556 1978 vitae,
580 1925 665 1987 quam
684 1903 718 1962 ad
737 1905 928 1964 ministerium
948 1907 1075 1986 respicit
1117 1907 1210 1981 Quod

58 1979 230 2052 ‚continuo
250 1991 319 2059 post
337 1981 484 2061 sequitur,
507 1983 603 2038 vinum
622 1993 649 2038 et
665 1983 786 2040 sicarum
804 2002 864 2042 uon
882 1978 968 2054 biber,
995 1983 1115 2044 nonita
1132 1983 1210 2044 acci-⁴
1296 1985 1298 1992 ’

83 2053 225 2136 piendum
245 2066 298 2130 est,
317 2059 396 2134 quasi
415 2057 573 2138 praecipua
593 2057 681 2114 luerit
693 2055 812 2118 Ioannis
822 2057 925 2133 virtus,
946 2077 1008 2118 esse
1027 2059 1211 2135 abstemium,

68 2131 141 2202 1sed
164 2133 230 2211 quia
261 2131 318 2191 boc
348 2135 507 2214 conspicuo
538 2132 673 2212 symbolo
704 2154 817 2192 servum
843 2155 927 2193 suum
951 2135 1092 2217 insignire
1116 2135 1215 2197 voluib'

82 2209 184 2283 Dens,
208 2208 288 2268 unde
305 2210 430 2270 mundus
455 2221 630 2289 perpetuum
649 2209 828 2269 Nazaraeum
848 2213 1045 2291 agnosceret.¹
1068 2211 1211 2273 Abstine-

82 2284 160 2344 bant
177 2286 272 2344 ‘etiam
303 2296 333 2344 et
355 2287 522 2346 sacerdotes
549 2285 652 2345 asino
679 2295 709 2342 et
731 2286 838 2357 sicera,
872 2305 961 2364 quum
984 2305 1050 2348 suas
1075 2289 1151 2349 ric'es
1178 2290 1211 2348 in
1316 2309 1321 2322 ’

80 2360 198 2439 templu
217 2380 287 2439 pera
311 2373 403 2421 erent.
445 2359 555 2419 Eadem
572 2359 750 2419 'abstinentia
768 2361 923 2419 Nazaraeis
943 2364 1118 2442 praescripta
1139 2371 1214 2442 erat,

81 2437 184 2498 donec
209 2379 386 2514 completum
412 2435 493 2494 loret
516 2453 619 2493 eorum
638 2446 748 2494 votum.
791 2436 873 2494 Deus
892 2437 988 2495 autern
1008 2438 1133 2496 notabili
1151 2450 1212 2498 tes-

81 2534 151 2574 sera
171 2510 315 2570 Ioannem
339 2513 370 2570 in
395 2522 489 2570 totam
507 2511 593 2569 vitam
613 2511 793 2568 Nazaraeum
821 2510 946 2568 dicatum
967 2529 1029 2571 esse
1047 2513 1104 2572 sibi
1123 2529 1213 2572 mon:

15 2633 22 2642 ·
83 2589 203 2662 stravit,
223 2587 309 2654 sicuti
327 2599 359 2648 et
377 2587 408 2645 iu
429 2585 565 2645 Simsone
586 2585 694 2645 lactum
716 2604 777 2644 esse
799 2585 930 2678 legimus.
970 2583 1127 2649 Caeterum
1148 2611 1214 2651 non

84 2679 131 2726 est
149 2666 208 2724 boc
228 2675 380 2744 praetextu
399 2661 553 2744 fingendus
574 2660 632 2720 Dei
653 2659 745 2720 cultus
765 2661 794 2721 in
815 2663 874 2724 viui
893 2661 1084 2748 abstioeptia,
1106 2687 1211 2747 quem·
1231 2709 1232 2713 ,

84 2739 244 2804 admodum
263 2741 360 2802 simiae
372 2739 483 2820 quidvis
496 2758 530 2797 ex
548 2751 664 2819 patrum
685 2737 768 2798 lactis
783 2740 939 2819 'arripiunt
959 2742 1039 2822 qnod
1059 2744 1211 2803 aemulen-

83 2832 143 2880 tur.
186 2817 290 2878 Solum
315 2837 417 2877 omnes
442 2816 663 2896 temperantiam
690 2813 804 2878 colant:
826 2817 877 2954 qql
904 2839 1005 2878 noxam
1025 2819 1155 2880 sentiunt
1176 2842 1215 2883 tr
1300 2829 1301 2832 ¹
1403 2887 1404 2906 ,

8 2933 10 2962 i
83 2896 148 2960 vini
165 2907 254 2975 potu,
279 2905 385 2975 sponte
410 2892 590 2952 abstineant:
616 2890 666 2972 qui
686 2905 801 2967 carent,
865 2893 972 2954 lectum
997 2895 1093 2956 leraut
1111 2918 1211 2977 aequo

86 2973 193 3032 animo.
233 2970 382 3044 Quantum
409 2970 444 3029 ad
466 2968 584 3028 Sicerae
604 2971 729 3042 nomen',
758 2967 892 3030 libenter
915 2991 1017 3033 eorum
1044 2973 1212 3036 sententiae

84 3047 251 3122 subscribo,-
269 3047 319 3127 qui
339 3058 404 3111 aaut
421 3045 564 3105 Hebraeis
578 3043 636 3122 dici
654 3047 892 3126 putantquodvis
909 3067 1000 3128 genus
1011 3050 1070 3109 riui
1090 3049 1213 3112 facticii.

85 3133 200 3208 Spiritu
217 3144 315 3190 sancto
331 3125 493 3204 replebitur.
532 3127 586 3187 llis
614 3128 711 3188 verbis
742 3127 816 3187 nihil
846 3128 922 3189 aliud
949 3131 1046 3194 notari
1070 3132 1212 3211 arbitror,

84 3231 168 3292 quam
189 3207 319 3267 indolem
338 3226 353 3265 a
376 3199 531 3285 parituram
551 3203 582 3262 in
602 3201 725 3279 Ioanne,
745 3223 820 3282 quae
837 3225 919 3284 spem
940 3207 1074 3266 ostendat
1095 3208 1211 3274 suturae

84 3284 303 3366 magnitudinis.
353 3228 449 3341 lorro
474 3279 605 3339 indolem
631 3281 713 3353 dico,
742 3301 803 3340 non
828 3279 921 3360 qualis
953 3295 1043 3342 exstat
1068 3286 1151 3344 etiam
1177 3288 1209 3348 in

58 3363 61 3372 '
84 3361 218 3445 profanis
236 3351 414 3434 bominibus,
432 3357 484 3416 sed
505 3375 579 3436 quae
600 3355 691 3416 olficii
711 3358 902 3435 praestantiae
922 3360 1106 3439 respondeat.
1129 3361 1209 3422 Sen-

85 3461 133 3501 sus
153 3457 225 3520 ergo
246 3447 304 3509 est,
323 3455 385 3494 uon
405 3433 494 3491 modo
514 3445 585 3491 tunc
605 3432 634 3490 in
655 3451 692 3492 eo
712 3451 743 3490 se
762 3432 896 3514 proferet
914 3434 957 3494 ris
977 3447 1007 3494 et
1025 3438 1208 3519 gratia,Spi.

85 3517 173 3588 ritus,
198 3534 287 3592 quum
307 3509 503 3590 suspicabitur
520 3529 625 3572 munus
645 3530 744 3581 suum,
774 3509 826 3568 sed
845 3511 940 3569 statim
961 3511 996 3570 ab
1017 3526 1102 3574 utero
1123 3515 1207 3577 donis

87 3591 213 3672 Spiritus
239 3586 375 3660 excellet,
408 3599 482 3665 quae
505 3583 586 3644 velut
611 3596 737 3644 tesserae
761 3586 900 3720 quaedam
921 3587 1012 3666 qualis
1038 3590 1151 3650 fusurus
1171 3593 1208 3652 δὴ

84 3665 237 3732 ιεεῑοιιῑιιτζ
275 3661 328 3726 Ab
345 3677 425 3722 utero
444 3660 522 3720 enim
541 3661 713 3719 tantundem
727 3681 762 3719 ‘va
777 3674 807 3720 et
825 3672 912 3742 atque
928 3685 948 3722 ⁴a
969 3665 1060 3744 prima
1077 3667 1207 3729 infanti&

84 3745 195 3806 Fateor
215 3742 365 3822 equidem,
385 3737 516 3822 Spiritus
531 3737 668 3797 virtutem
687 3735 718 3795 in
737 3736 867 3830 Ioanne²
891 3761 979 3819 quum
1000 3742 1094 3802 adlrnc
1113 3743 1208 3802 inclu-

85 3843 132 3883 sus
152 3829 227 3878 esset
245 3831 332 3880 utero
352 3815 460 3885 matris,
481 3825 628 3892 operatam
649 3832 726 3887 esse,
746 3815 795 3874 sed
816 3813 879 3890 hic',
898 3837 966 3876 meo
987 3818 1109 3890 iudicio,
1129 3817 1207 3876 aliud

84 3896 178 3958 roluit
189 3895 331 3977 Angelus,
351 3891 430 3972 quod
448 3889 574 3948 loannes
591 3889 685 3949 adhuc
704 3889 799 3951 iulans
820 3892 899 3971 quasi
919 3893 950 3952 in
970 3887 1115 3953 tbeatrrim
1136 3912 1207 3970 pro-

84 3972 222 4033 ferendus
248 3971 324 4032 e‘sset
348 3980 413 4029 'cum
439 3987 501 4025 rara
526 3970 635 4044 gratiae
654 3966 712 4024 Dei
737 3969 998 4028 commendatione.
1037 3971 1084 4026 De
1112 3969 1208 4046 pleni.

82 4049 185 4112 tudine
214 4068 277 4107 non
303 4057 347 4106 est
371 4042 450 4124 quod
475 4040 607 4110 subtilius
637 4042 831 4126 disputemus,
862 4044 914 4104 vel
939 4045 1033 4125 potius
1062 4064 1209 4123 ungemur

85 4148 149 4187 cunr
173 4123 329 4204 sophistis,
355 4122 422 4202 quia
447 4115 597 4197 Scriptura
623 4122 684 4178 non
709 4121 784 4179 aliud
810 4120 867 4179 boc
896 4119 1016 4182 nornine
1037 4139 1121 4198 quam
1148 4122 1208 4180 cxi.

84 4203 171 4265 ruiana
191 4212 223 4260 et
246 4198 366 4259 minime
385 4196 533 4290 vulgarem
554 4194 698 4254 donorum
718 4196 843 4276 Spiritus
870 4194 1075 4257 abundantiam
1092 4196 1207 4280 signifi.

85 4290 147 4340 cat›
175 4276 239 4336 Uni
258 4274 379 4336 Christo
403 4293 509 4334 scamus
529 4271 627 4330 datum
651 4267 740 4332 luisse
764 4271 907 4408 Spiritum
931 4270 1040 4350 absque
1063 4293 1209 4350 mensura,

84 4367 118 4416 ut
136 4374 171 4416 ex
189 4349 454 4436 eius'pleoitudiue
473 4347 636 4412 hauriamut‘
655 4367 765 4426 omnes,
802 4352 1012 4426 oaun.1,16.,
1031 4347 1096 4414 aliis
1112 4366 1210 4418 autem
1316 4419 1318 4430 ,
