2816 4746
355 1501 357 1508 Ι
470 1375 944 1508 ARGUMENTUM
1187 1492 1211 1508 h

171 1635 172 1640 a
216 1556 281 1658 'ru
324 1577 725 1694 evadentium
768 1595 908 1701 insu
947 1590 1191 1692 ounts'l't
1270 1676 1273 1694 ,

249 1733 458 1854 {sammoni
479 1756 738 1850 nnrr'nrnmr,
762 1779 927 1838 nnncrm
950 1781 1000 1838 nr
1018 1751 1164 1834 'noctu

658 2005 801 2012 ..m-—

140 2191 203 2304 Ut
223 2249 291 2296 cu'm
311 2236 447 2316 prosectu
467 2237 615 2300 historiam
636 2239 831 2330 evpngelicam
852 2241 998 2324 legamus,
1017 2235 1116 2327 magui
1135 2234 1271 2309 interest,
1311 2295 1319 2304 ,

141 2329 232 2414 quid
237 2328 369 2390 valeat
358 2345 455 2411 ipsum
474 2331 634 2414 Evangelii
651 2353 761 2394 nomeu
786 2344 899 2394 tenere.
948 2333 1024 2391 Nam
1050 2329 1121 2388 hine
1145 2336 1273 2388 statuere

98 2409 117 2426 N
139 2423 266 2516 licebit,
295 2423 443 2502 quodnam
469 2423 574 2486 divinis
598 2427 660 2488 istis
684 2425 810 2486 testibus
829 2425 920 2487 luerit
939 2421 1087 2484 scribendi
1107 2420 1274 2500 eonsilium,
1296 2428 1298 2437 “

141 2529 192 2577 et
199 2527 345 2594 quorsum
359 2516 486 2577 referre
492 2518 647 2576 conveniat
666 2535 858 2595 quaecunque
879 2515 914 2573 ab
935 2513 991 2574 illis
1011 2511 1178 2572 traduntur
1192 2513 1273 2588 Ne-

140 2626 205 2691 que
226 2607 304 2666 enim
325 2605 382 2667 lroc
402 2595 542 2665 ndmen
532 2626 662 2686 ipsorum
683 2607 811 2669 liistoriis
831 2607 946 2668 aliunde
966 2604 1177 2688 impositum,
1166 2608 1217 2669 sed
1237 2611 1274 2672 ab

141 2700 347 2764 auctoribus'
337 2711 378 2760 ιιι
399 2686 486 2766 inisse
504 2701 673 2782 inscriptas,
698 2711 865 2764 constater
884 2701 1005 2778 illareo,
1036 2723 1086 2782 qur
1079 2701 1242 2769 'diserte
1232 2717 1274 2769 ιιι

141 2797 296 2904 loquitur,
326 2813 357 2854 se
377 2786 493 2854 idititim
512 2795 630 2871 tradere
649 2795 800 2892 Evangelii
819 2797 886 2857 lesu
907 2795 1026 2858 Christi.
1076 2793 1173 2858 Porro
1194 2810 1273 2858 certa

143 2901 175 2950 et
209 2877 333 2956 dilucida
357 2873 509 2972 'Evangelii
542 2889 683 2952 delinitio
701 2911 734 2956 ex
760 2911 820 2951 uno
845 2889 929 2950 Pauli
953 2889 1021 2949 loco
1047 2883 1147 2994 (Rom
1168 2896 1203 2968 1,
1229 2894 1272 2969 2.)

141 2981 269 3042 maxime
287 2979 459 3064 colligitur,
491 2981 542 3043 ubi
567 2984 670 3073 oDeo
696 2984 870 3066 promissum
892 3002 953 3042 esse
974 2962 1073 3040 dicit
1063 3003 1093 3040 ιιι
1115 2980 1273 3064 Scripturis

142 3091 202 3158 per
220 3073 393 3154 Prophetas,
413 3071 449 3136 de
463 3075 540 3136 Filio
561 3098 624 3154 suo,
644 3079 695 3160 qui
713 3077 828 3162 genitus
850 3083 893 3136 est
912 3095 946 3134 ex
964 3075 1075 3135 semiue
1087 3075 1191 3154 David,
1211 3101 1274 3139 ma·
1365 3145 1366 3162 ,

143 3166 298 3228 nilestatus
318 3169 415 3228 autem
434 3167 624 3232 DeiFilius
615 3195 644 3231 m
665 3172 810 3252 potentia,
829 3160 988 3231 secundum
1006 3165 1165 3248 Spiritum
1167 3157 1275 3238 sancti
1307 3233 1313 3252 ,

144 3261 290 3322 ficationis
311 3279 345 3320 ex
364 3264 579 3334 resurrectione
603 3267 797 3326 mortuorum.
841 3255 943 3323 Primo
969 3261 1114 3340 ostendit,
1138 3263 1274 3328 testimo
1311 3303 1356 3325 ·.

145 3355 229 3416 nium
256 3375 319 3416 esse
348 3351 384 3414 de
410 3355 534 3418 exhibita
558 3358 667 3433 salute,
699 3380 774 3439 quae
793 3338 929 3418 Patribus
949 3353 1023 3414 olim
1041 3375 1094 3435 per
1114 3358 1274 3420 continuos
1382 3391 1383 3394 ¹

145 3461 275 3511 aetatum
294 3457 393 3538 succes
395 3472 441 3509 sus
461 3447 603 3546 promissa
625 3442 726 3512 lueral.
772 3451 842 3528 Quo
868 3449 954 3510 etiam
971 3445 1132 3523 discrimen
1152 3463 1275 3512 notatur

146 3546 226 3605 inter
245 3533 487 3626 promissiones,
502 3565 575 3624 quae
601 3565 681 3626 spem
707 3529 846 3606 fidelium
862 3541 1004 3604 tenebant
1028 3563 1211 3627 suspensam,
1243 3557 1288 3608 et*

146 3638 226 3698 hunc
246 3633 353 3696 laetum
374 3636 519 3714 nuntium,
539 3660 599 3720 quo
620 3659 650 3699 se
669 3637 750 3700 Deus
770 3637 982 3724 praestitisse
966 3647 1090 3700 testetur
1104 3639 1184 3728 quod
1197 3621 1288 3708 ιιιιιιί

147 3751 259 3814 sperari
250 3725 420 3792 “voluerat
444 3718 719 3808 Quemadmodum
741 3743 772 3792 et
790 3731 876 3812 paulo
897 3741 967 3811 post
985 3727 1122 3791 iustitiam
1143 3731 1201 3792 Dei
1220 3755 1272 3814 pa-

148 3826 205 3885 lam
217 3823 264 3887 hic
277 3822 354 3883 mani
357 3821 453 3883 testam
446 3821 563 3901 tradit,
582 3847 656 3905 quae
667 3827 866 3889 testimonium
887 3821 1013 3886 habebat
1026 3843 1041 3884 a
1052 3823 1133 3906 Lege
1154 3836 1184 3884 et
1196 3816 1273 3887 Pro·
1288 3843 1290 3846 ·

148 3917 280 3999 plretis..
301 3915 374 3976 Ideo
395 3915 464 3978 alibi
490 3917 541 3982 ab
551 3921 655 3982 eodem
675 3920 823 4012 Apostolo
848 3919 903 4002 (ΙΙ.
925 3915 996 3980 Cor.
1016 3923 1050 3993 ὅ,
1069 3917 1131 3994 20)
1152 3932 1274 3991 vocatur

147 4000 288 4096 Legatid,
316 4031 387 4091 qua
385 4009 594 4074 reconciliatio
615 4001 715 4074 mundi
735 4037 800 4074 curn
822 4013 905 4086 Deo,
936 4011 1025 4080 semel
1046 4021 1141 4070 morte
1162 4009 1273 4076 Christi

150 4113 283 4186 peracta,
314 4100 447 4183 quotidie
476 4105 511 4166 ad
544 4105 676 4169 homines
709 4108 847 4168 defertur
886 4105 1004 4164 Deinde
1023 4101 1180 4186 signifieat,
1209 4129 1271 4196 non
1326 4165 1328 4172 s

150 4199 238 4260 modo
252 4197 449 4260 Christum'
419 4221 524 4281 pignus
545 4221 606 4260 esse
626 4202 774 4264 bonorum
796 4199 939 4272 omnium,
960 4215 1033 4276 quae
1053 4219 1180 4278 unquam
1200 4189 1273 4280 pro-

152 4293 227 4352 misit
246 4291 356 4366 Deus,
374 4293 424 4352 sed
442 4292 566 4378 ,plenam
594 4308 624 4356 et
648 4295 770 4356 solidam
798 4289 1061 4372 exhibitIonenrffin
1089 4301 1125 4354 eit
1152 4305 1274 4364 exstare,

153 4378 394 4464 quemadmodum
415 4379 483 4447 atili
502 4389 607 4464 tradit,
632 4379 742 4450 'omnes
762 4389 818 4447 Dei
844 4383 1052 4464 promissiones
1078 4379 1191 4459 inipso
1212 4399 1274 4441 esse
