2808 4748
103 3615 105 3618 -
194 3576 281 3638 simul
293 3579 338 3641 vir
357 3579 564 3657 confitebatur,
583 3603 614 3644 se
635 3605 697 3645 nou
712 3583 858 3647 dimittere
878 3607 1030 3648 uxoremo

195 234 254 296 152
652 226 804 292 SECTlO
826 227 878 289 vt

199 391 303 436 omnes
320 369 383 434 illas
394 371 600 511 querimonias.
637 372 674 434 In
693 393 802 434 summa
822 373 975 456 siguificat,
994 370 1173 466 qupntururis
1187 351 1311 447 dillicile,
1368 415 1369 446 ,

199 449 334 526 arduum,
351 462 519 525 moestum,
535 448 583 512 vel
603 469 736 530 asperum
756 453 794 512 sit
813 450 892 531 quod
912 461 1056 532 praecrprt
1073 449 1163 523 Deus,
1183 447 1256 508 uiltil
1272 460 1311 508 ta-

199 546 269 586 meu
289 527 481 588 excusationis
498 527 568 588 inde
588 527 763 608 captandum
784 547 861 603 esse,
885 527 953 607 quia
971 526 1063 608 pluris
1082 525 1168 589 nobis
1189 543 1251 586 esse
1269 525 1312 583 de-

201 602 273 663 beat
290 602 398 663 iustitia
419 603 493 676 Dei,
513 623 598 683 quam
618 603 672 663 alia
690 603 790 663 omnia
831 623 884 662 uae
903 625 968 664 cara
988 603 1127 684 imprimis
1146 614 1176 662 et
1194 601 1313 680 pretiosa

199 691 282 738 suut:
301 681 360 740 acsi
380 678 511 753 dixisset,
529 681 599 741 Nou
620 691 664 738 est
683 680 762 758 quod
781 682 821 739 mi
842 682 851 738 i
871 679 1009 752 obiicias,
1027 691 1059 739 te
1077 679 1122 740 vix
1141 698 1229 760 posse
1249 699 1311 736 ucu-

198 753 261 815 lum
280 755 337 815 huc
355 756 424 816 illuc
443 768 573 828 vertere,
598 756 668 835 quin
690 775 723 814 ex
741 755 898 836 improviso
918 754 1075 816 illecebrae
1100 755 1214 834 aliquae
1234 754 1312 812 obre-

199 844 284 910 pant:
305 831 396 892 oculis
416 832 494 892 enim
515 832 688 912 tuispotius
707 832 933 893 renuntiandum
954 844 1012 908 est,
1033 853 1119 912 quam
1139 842 1172 891 ut
1192 829 1311 892 discedas

198 907 377 970 amandatis
395 907 462 969 Dei.
499 908 545 968 Ne
569 929 604 967 ue
623 918 722 968 tamen
735 908 830 969 intelli
853 909 875 970 it
885 909 1029 984 Christus,
1048 905 1241 968 mutilandum
1259 925 1313 966 csse

199 1003 306 1064 corpus
325 995 529 1076 utpareauuus
548 929 631 1044 beor
655 983 707 1044 sed
726 985 793 1064 quia
812 927 941 1048 libenter
960 997 1097 1066 optarent
1116 1003 1235 1058 omnes,
1259 1003 1312 1041 uon

198 1059 240 1120 ita
260 1060 370 1121 freuarr
388 1081 488 1123 sensus
499 1081 578 1137 suos,
599 1060 669 1139 quiu
689 1059 812 1122 liberum
832 1062 977 1124 haberent
996 1081 1097 1122 eorum
1118 1081 1215 1135 usum,
1236 1059 1311 1120 Chri-

200 1145 268 1197 stus·
280 1136 470 1230 hyperbolice
490 1137 578 1197 docet
595 1137 786 1198 resecandum
806 1159 885 1215 esse,
911 1137 1049 1274 quicquid
1068 1158 1124 1198 nos
1142 1137 1265 1272 impedit
1281 1153 1312 1193 ue

199 1213 273 1274 obse
295 1235 374 1276 urum
395 1214 462 1276 Deo
481 1224 672 1294 praestemus,
693 1213 777 1294 quale
796 1216 834 1276 fla
867 1227 910 1276 tat
928 1217 958 1274 in
1004 1233 1059 1298 ege
1077 1235 1137 1275 sua.

198 1235 335 1352 cousiilto
356 1289 440 1365 lacit,
470 1290 538 1370 quia
558 1289 643 1350 nimis
666 1289 792 1352 licenter
810 1237 867 1354 sill
896 1290 1029 1352 homines
1049 1290 1102 1352 hac
1121 1290 1152 1349 in
1172 1302 1255 1371 parte
1272 1310 1312 1347 m-

199 1365 332 1461 dulgent.
369 1365 403 1426 Si
422 1388 512 1446 purus
532 1377 609 1428 esset
628 1367 751 1443 animus,
769 1369 872 1431 oculos
893 1387 1011 1460 quoque
1031 1377 1062 1427 et
1080 1387 1182 1427 manus
1202 1365 1313 1425 haberet

198 1443 257 1506 sibr
276 1443 489 1522 obsequentes,
513 1442 620 1523 quibus
640 1442 818 1506 certum'est
839 1445 952 1506 nullum
970 1463 1065 1506 merse
1084 1444 1238 1524 proprium
1254 1463 1311 1501 mo-

197 1530 270 1580 tum.
307 1519 345 1578 In
365 1537 401 1578 eo
421 1530 520 1579 autem
540 1520 668 1604 graviter
686 1543 852 1602 peccamus,
872 1521 952 1602 quod
971 1521 1045 1581 adeo
1065 1540 1128 1580 uon
1147 1541 1244 1580 sumus
1262 1515 1312 1578 sol-

196 1593 282 1673 liciti,
300 1605 335 1655 ut
353 1593 491 1671 decebat,
508 1595 539 1656 iu
560 1597 696 1658 cavendis
715 1598 872 1676 illecebris,
891 1609 925 1659 ut
942 1599 1044 1681 potius
1060 1596 1096 1660 ad
1115 1595 1224 1658 malurn
1242 1595 1309 1656 ultro

196 1689 391 1752 provocemus
407 1691 509 1736 seusus
527 1683 646 1738 nostros
665 1673 773 1736 elfreui
790 1674 917 1738 licentia.

238 1919 322 2004 (47.)
362 1921 535 2007 Masruu.
547 1923 589 1991 V.
628 1921 682 1994 31.
702 1923 833 1991 Dictum
853 1933 902 1989 est
922 1933 1036 2003 eutem,
1057 1923 1252 2014 Quicunque
1270 1944 1310 1988 re·

195 2020 381 2110 pudiaverit
406 2045 539 2091 uxorem
565 2047 670 2104 suam,
697 2026 753 2092 det
778 2023 828 2092 illi
854 2023 1003 2092 libellum
1031 2025 1172 2111 divortii.
1212 2028 1260 2092 32
1275 2025 1310 2090 At

196 2121 258 2210 ego
288 2124 364 2191 dico
390 2115 500 2205 vobis,
535 2125 625 2213 quod
652 2128 798 2214 quisquis
824 2127 1045 2214 repudiaverit
1076 2148 1211 2192 uxorem
1235 2146 1310 2192 sunu

195 2225 258 2288 nisi
289 2247 385 2291 causa
409 2228 528 2314 stupri,
556 2226 634 2292 lacit
661 2247 732 2294 eam
753 2227 933 2295 moechari:
961 2236 993 2294 et
1017 2229 1205 2316 quicunque
1228 2247 1309 2314 repu-

196 2321 313 2390 diatam
334 2325 475 2406 duxerit,
496 2314 693 2394 moechatur.

278 2459 382 2528 LUC.
401 2443 488 2526 XVI.
531 2461 581 2528 18.
603 2460 761 2552 Quisquis
782 2461 912 2530 dimittit
926 2483 1057 2529 uxorem
1078 2482 1179 2541 suam,
1197 2471 1228 2528 et
1246 2457 1309 2524 altu

194 2559 385 2640 conducit,
414 2559 607 2628 adulterium
629 2566 778 2630 comittit:
806 2573 839 2630 et
865 2565 1010 2656 quisquis
1031 2561 1192 2632 dimissam
1221 2579 1309 2626 aua·
1370 2565 1371 2576 ¹

140 2672 157 2702 ⁸
194 2663 258 2725 rito
280 2657 380 2739 ducit,
401 2661 594 2728 adulterium
616 2667 792 2730 committit.

707 2767 714 2802 l

266 2815 375 2884 Matth-
386 2821 434 2880 31.
466 2813 846 2901 anmqrrerepndiauerit.
879 2822 960 2897 Quia
973 2821 1172 2904 opportunior
1190 2820 1244 2881 erit
1259 2828 1309 2877 tra-

195 2889 319 2951 ctandae
338 2891 429 2954 fusius
449 2905 479 2954 et
503 2893 687 2976 explicandae
711 2897 862 2957 doctrinae
887 2899 970 2960 locus
990 2900 1150 2992 capite19.
1170 2892 1308 2964 Matthaei,

194 2987 275 3026 nunc
301 2967 431 3031 breviter
454 2989 639 3050 percurram,
663 2972 743 3052 quod
767 2970 816 3033 bic
841 2973 974 3036 Christus
1000 2977 1080 3036 decit
1129 2974 1224 3036 Sicuti
1247 2969 1308 3030 falso

195 3043 351 3106 defunctos
371 3066 403 3136 se
423 3065 493 3128 erga
511 3048 609 3109 Deum
629 3048 773 3128 putabant
790 3049 903 3125 Iudaei,
922 3052 947 3112 si
965 3053 1076 3136 Legem
1117 3052 1219 3112 olitico
1236 3061 1309 3107 more

194 3125 361 3196 servarent,
385 3132 426 3183 rte
444 3146 559 3184 rursum
579 3124 716 3204 quicquid
735 3127 796 3187 Lex
818 3127 939 3208 politica
960 3147 1020 3189 non
1040 3073 1210 3209 probibeat,
1233 3121 1308 3186 stulte

193 3196 431 3276 imaginabantur
448 3200 505 3260 sibi
518 3219 580 3262 esse
600 3201 720 3260 licitum.
759 3203 906 3282 Divortia‚
927 3205 1084 3286 quaerfieri
1103 3202 1236 3266 solebant
1253 3215 1307 3259 cum

195 3272 346 3348 uxoribus,
366 3277 464 3337 Moses
504 3276 582 3338 uoad
607 3289 758 3339 externum
784 3279 919 3340 ordinem
939 3303 1002 3342 uon
1022 3293 1170 3358 vetuerat,
1188 3278 1237 3341 sed
1254 3287 1309 3334 tau·

194 3359 256 3407 tum
282 3349 466 3412 cohibendae
485 3298 627 3430 libidinis
655 3374 738 3416 causa
761 3358 885 3417 iusserat
910 3357 973 3418 dari
1003 3357 1162 3438 repudiatis
1185 3351 1308 3416 uxoribus

194 3422 325 3484 libellum
339 3426 468 3486 divortii.
489 3431 579 3499 „Erat
591 3442 687 3491 autem
698 3432 845 3512 quoddam
858 3435 1093 3496 manumissionis
1112 3428 1308 3496 testimonium,

193 3512 228 3562 ut
251 3501 346 3564 libera
376 3505 518 3566 essetin‘
532 3517 682 3586 posterum
708 3508 814 3569 mulier
837 3531 853 3571 a
877 3511 974 3571 mariti
1001 3511 1031 3570 iu
1055 3532 1072 3572 o
1100 3522 1130 3571 et
1158 3515 1306 3592 potestate:

1032 3531 1174 3648 berimen
1193 3577 1308 3675 aliquod,

194 3655 246 3716 sed
266 3655 333 3737 quia
354 3675 415 3716 non
435 3657 574 3738 placeret.
614 3660 692 3722 Hinc
712 3680 797 3724 error
816 3663 993 3736 invaluerat,
1019 3662 1129 3726 nullam
1152 3664 1184 3723 iu
1201 3661 1250 3722 talu
1266 3673 1306 3713 rt·

193 3731 286 3865 pudio
307 3732 420 3814 culpam
442 3753 520 3811 esse,
548 3738 639 3798 modo
658 3738 733 3822 Legi
760 3739 922 3800 satisfieret
966 3740 1027 3800 Sed
1052 3759 1203 3821 perperam
1222 3747 1306 3797 sumt·

207 3820 268 3898 ‚³3³
286 3809 335 3889 pie
355 3821 514 3892 sancteque
526 3813 642 3875 vivendi
660 3815 792 3898 regulam
812 3835 847 3876 ex
863 3817 929 3876 iure
949 3817 1036 3878 civili.
1075 3817 1149 3878 Nam
1168 3815 1243 3896 leges
1260 3825 1306 3887 po·

193 3882 292 3946 lrtrcae
310 3886 458 3948 interdum
478 3887 515 3947 ad
534 3887 683 3951 hominum
703 3913 800 3954 mores
823 3893 999 3954 flectuntur:
1025 3893 1107 3954 Deus
1130 3911 1199 3954 vero
1222 3887 1306 3971 legem

193 3961 763 4106 settetetatte”esseest
780 3965 1229 4107 coerceretur
1246 3953 1306 4098 set

192 4114 299 4202 tumyis
324 4113 387 4177 eius
416 4063 608 4198 praeradiat
637 4065 852 4184 sacutusgndi
876 4122 1001 4186 deficiat.
1053 4122 1100 4184 Ita
1122 4141 1158 4182 ue
1180 4062 1304 4204 indonet

194 4185 346 4276 Chrptus,
377 4213 439 4254 nou
484 4195 598 4258 rotinus
621 4194 713 4258 licere
737 4198 838 4260 doram
856 4200 942 4276 Deo,
972 4199 1005 4260 si'
1042 4199 1093 4259 uid
1102 4144 1175 4260 qLex
1201 4189 1305 4275 poltllca

191 4259 285 4321 Moses
304 4267 422 4330 tolerat
460 4217 616 4336 lraetextu
634 4274 740 4358 Legis,
768 4274 883 4356 inquit,
911 4296 943 4337 se
959 4219 1101 4353 absdlrit,
1126 4273 1305 4368 quiunxorem

195 4331 346 4406 omittens
365 4343 416 4408 dat
433 4347 477 4413 illi
495 4350 612 4436 repudii
632 4349 779 4418 libellum:
803 4365 834 4417 at
858 4351 985 4418 sanctius
1008 4363 1054 4416 est
1071 4369 1199 4433 courugu
1216 4343 1304 4412 uncu-

1205 1210 1312 1302 tqueld
1369 1227 1370 1230 ’
