2824 4756
735 35 741 70 ι
809 19 814 27 .

172 317 212 380 ⁶⁰
283 351 285 356 v
365 257 1146 372 SECT10111.usurirmrsrrmrmru..

173 458 259 528 bunt
278 477 399 525 nomen
421 457 490 521 eius
510 449 694 518 Immanuel.
737 447 841 536 Quod
861 451 977 537 siquis
998 449 1234 534 interpretetur,
1256 469 1311 511 va-

178 559 240 640 let,
265 557 444 624 Nobiscum
465 552 566 619 Deus.
614 553 667 618 24.
693 551 856 620 Excitatus
881 571 961 615 vero
989 550 1108 638 loseph
1138 571 1157 613 a
1182 569 1311 626 somno,

178 661 257 728 iecit
273 662 356 726 sicut
376 658 407 740 ei
424 663 636 743 praeceperat
655 651 800 738 Angelus
820 650 970 731 Domini,
991 661 1023 717 et
1045 652 1214 736 assumpsit
1233 655 1319 714 uxo-¹

178 783 247 828 rem
267 782 372 827 suam:
412 753 464 822 25:
491 755 534 822 Et
552 776 620 823 uon
642 755 794 840 cognovit
813 773 901 832 eam,
930 750 1037 818 donec
1057 754 1186 842 peperit
1198 751 1310 816 'filium

177 884 270 929 suum
289 859 551 948 primogenitum,
573 865 606 920 et
624 856 753 920 vocavit
774 873 894 920 nomen
916 854 985 918 eius
1003 854 1116 919 Issou.

256 1063 303 1124 18.
340 1055 410 1116 Iesu
431 1051 538 1116 otum
554 1053 696 1113 mairiam.
740 1052 881 1114 Nondum
906 1053 1027 1135 exponit
1049 1049 1233 1126 Matthaeus,
1256 1051 1310 1112 ubi

180 1146 231 1199 aut
250 1131 376 1216 qualiter
394 1143 479 1194 natus
498 1132 536 1192 sit
555 1129 707 1204 Christus,
730 1128 783 1190 sed
803 1131 955 1209 quomodo
980 1127 1116 1191 eoelestis
1136 1128 1196 1196 eius
1216 1149 1310 1268 gene·
1345 1183 1352 1196 ,

181 1212 257 1274 ratio
277 1211 334 1293 ipsi
353 1209 462 1288 Ioseph
483 1227 548 1269 corn
572 1216 635 1266 crta
655 1205 753 1266 luerit.
790 1205 873 1268 Dicit
891 1207 1034 1288 primum,
1053 1207 1201 1274 iuventam

179 1289 302 1351 Mariam
322 1285 469 1370 gravidam
489 1304 524 1347 ex
543 1228 655 1363 §piritu
674 1294 790 1344 sancto:
814 1304 876 1344 non
897 1284 978 1364 quod
997 1305 1133 1346 arcanum
1157 1282 1230 1345 illud
1249 1284 1310 1342 Dei

181 1388 256 1448 opus
274 1362 363 1444 vulgo
384 1372 488 1424 notum
507 1359 603 1436 iuret,
628 1359 680 1420 sed
705 1380 772 1420 cum
792 1359 946 1421 bominum
967 1360 1073 1422 notitia
1091 1361 1195 1422 miscet
1214 1360 1311 1442 Spiri-

180 1456 228 1506 tus
241 1442 389 1514 virtutem,
409 1457 485 1518 quae
505 1436 599 1497 adhoc
618 1434 738 1496 latebat.
776 1438 907 1518 Tempus
927 1437 1145 1512 notat,‚Quum
1165 1438 1311 1518 desponsa

181 1513 257 1581 esset
275 1515 398 1596 Ioseph,
423 1514 502 1594 prius
521 1526 620 1575 tamen
640 1534 726 1594 quam
747 1515 951 1575 cou'renireut.
994 1516 1069 1575 Nam
1097 1509 1193 1594 qrioad
1221 1513 1309 1574 fidem

180 1591 322 1675 coniugii,
341 1592 462 1652 simulac
480 1590 578 1672 puella
597 1589 660 1652 viro
681 1591 823 1672 promissa
841 1601 913 1666 erat,
932 1589 1144 1651 ludaeiiustar
1162 1591 1310 1674 legitimae

180 1671 277 1734 uxoris
296 1661 453 1729 habebant.
490 1667 595 1749 Itaque
615 1668 662 1727 lex
680 1666 817 1728 adulterii
837 1668 1006 1743 damnabat,
1031 1686 1107 1761 quae
1125 1666 1310 1748 sponsalibus

180 1747 341 1810 contractis
361 1747 522 1806 castitatem
534 1741 731 1807 ‘violaverant
769 1744 903 1805 Verbum
922 1765 983 1824 quo
1003 1757 1096 1806 utitur
1113 1743 1309 1827 Evangelista,

151 1859 159 1875 ι
179 1821 227 1886 vel
246 1822 435 1884 concubitum
445 1822 613 1883 uerecunde
624 1831 718 1895 notat,
735 1817 786 1882 rel
804 1819 975 1902 simpliciter
985 1824 1046 1882 ac'ci
1069 1821 1128 1881 itur
1146 1824 1310 1902 (muaqoom
1345 1829 1347 1832 ’
1405 1845 1406 1852 “

179 1900 374 1978 madeant)
393 1919 449 1980 pro
469 1897 556 1958 simul
573 1897 717 1973 babitare,
736 1909 770 1957 ut
789 1898 907 1958 domum
928 1910 959 1959 ct
977 1843 1066 1959 famil

181 1978 261 2039 ciant
278 1976 399 2036 maritus
419 1987 450 2035 et
467 1995 562 2034 oxon·
588 1974 634 2042 Ita
653 1993 754 2035 sensns
773 1974 841 2046 crit,
860 1975 993 2040 nondum
1010 1976 1154 2058 virginem
1173 1976 1307 2036 traditam

180 2054 271 2145 luisse
289 2053 322 2112 in
340 2051 458 2113 uranum
476 2051 532 2112 viri
551 2072 567 2113 a
586 2050 772 2132 parentibus,
791 2051 843 2113 sed
863 2049 958 2114 adbuc
976 2052 1031 2114 sub
1053 2073 1156 2114 eorum
1176 2052 1307 2115 custodia

179 2151 303 2273 milit
345 2205 548 2290 (luminatus
565 2217 645 2264 casca
689 2203 817 2280 Quidam
842 2205 1019 2288 interpretes
1043 2204 1226 2300 intelligunt,
1256 2205 1307 2268 Io‹

180 2283 270 2378 seph,
296 2283 366 2343 ideo
388 2279 467 2364 quod
492 2282 583 2343 iustus
604 2291 693 2356 esset,
722 2281 849 2342 voluisse
869 2285 953 2344 uxori
971 2303 1107 2366 parcere:
1139 2297 1179 2345 rta
1199 2284 1309 2344 iustitia
1405 2319 1406 2332 κ

92 2401 98 2413 ·
170 2355 242 2423 -illrs'
256 2371 300 2422 est
319 2359 492 2435 humanitas,
509 2358 557 2421 vel
576 2358 741 2419 moderatio
761 2359 852 2420 animi
868 2361 902 2420 ad
914 2360 1306 2442 clementiampropcnsior.

180 2437 242 2500 Sed
261 2436 311 2499 alii
330 2440 454 2512 rectius,
473 2437 524 2517 qui
543 2436 615 2496 haec
636 2435 695 2495 duo
713 2436 845 2498 membra
864 2438 1043 2500 adversative
1062 2436 1181 2520 leffrnt,
1201 2439 1307 2498 iustum

201 2515 299 2576 uidem
318 2514 405 2576 luisse
424 2513 548 2596 Ioseph,
577 2512 629 2573 sed
647 2522 748 2572 tamen
768 2513 806 2574 do
825 2514 900 2574 fama
919 2516 1017 2576 uxoris
1035 2515 1123 2576 inisse
1142 2514 1306 2576 sollicitum.

179 2538 312 2653 iroinde
330 2591 454 2666 iustitia,
474 2591 550 2671 quae
569 2590 617 2652 bic
630 2589 784 2666 laudatur,
810 2591 840 2651 iu
861 2591 931 2652 odio
951 2604 981 2652 et
999 2591 1197 2652 detestatione
1215 2593 1307 2653 scele-

27 2749 31 2756 .
99 2715 106 2730 .
159 2670 220 2736 ,τῖε
240 2669 304 2727 suit
344 2663 424 2740 Quia
442 2678 606 2747 suspectam
624 2665 762 2727 adulterii
782 2666 908 2728 habebat
926 2665 1057 2742 uxorem,
1076 2669 1135 2729 imo
1145 2667 1306 2729 adulteram

181 2763 244 2804 esse
268 2763 421 2822 persuasus
446 2753 529 2817 erat,
552 2741 613 2802 tale
638 2741 879 2804 scelus-nolebat
902 2743 1085 2828 indulgentia
1112 2767 1162 2805 sua
1196 2747 1305 2806 lovere.

138 2833 142 2840 ·
180 2821 220 2879 Et
240 2830 320 2878 certe
339 2817 435 2879 uxoris
453 2818 522 2878 suae
540 2818 611 2894 leno
632 2830 691 2892 est,
717 2819 847 2899 quisquis
867 2820 903 2880 ad
924 2822 984 2882 eius
1003 2823 1212 2904 impudicitiam
1232 2843 1305 2884 con-

181 2895 276 2954 nirett
302 2913 358 2954 nec
381 2905 493 2954 tantum
519 2915 536 2956 a
558 2894 611 2956 tali
629 2893 742 2978 flagitio
762 2896 926 2957 abhorrent
942 2899 1096 2982 ingenuae
1116 2911 1146 2959 et
1164 2895 1306 2960 honestae

180 2983 305 3045 mentes,
323 2967 374 3030 sed
394 2970 473 3030 illam
486 2991 570 3106 poam
590 2971 649 3030 dixi
667 2971 833 3031 socordiam
853 2971 933 3063 leges
953 2989 1058 3036 notant
1072 2976 1198 3038 iufamia.
1223 2977 1304 3071 Ergo

1235 1197 1311 1267 uisse
1405 1275 1406 1284 χ

1059 1902 1115 1958 ianr
1134 1921 1222 1964 unam
1242 1898 1308 1958 efli-
1405 1913 1406 1916 ’

181 3047 290 3126 Ioseph
309 3046 434 3106 iustitiae
452 3066 518 3124 aco
539 3047 620 3127 quod
636 3046 761 3139 putabat
780 3068 842 3108 esse
861 3072 893 3110 ru
912 3072 1003 3112 uxore
1024 3053 1134 3114 crimen
1146 3054 1304 3136 damnavit:
1323 3103 1328 3110 .
1404 3065 1405 3068 ’

179 3125 293 3183 interea
311 3122 449 3203 proclivis
469 3123 504 3183 ad
521 3124 736 3192 ,humanitatem
754 3125 866 3187 animus
877 3127 1024 3208 obstabat,
1046 3151 1083 3190 ne
1102 3151 1215 3190 summo
1237 3131 1305 3204 iuris
1404 3143 1405 3150 ’

178 3200 279 3334 rigore
297 3221 312 3260 a
336 3211 407 3259 eret.
452 3200 551 3291 Media
569 3201 619 3293 illa
639 3212 701 3261 erat
720 3211 752 3261 et
769 3203 862 3285 magis
881 3214 1044 3285 temperata
1062 3206 1155 3280 ratio,
1180 3207 1204 3266 si
1224 3207 1305 3268 clan-

178 3297 215 3337 cu
229 3297 277 3335 um
296 3276 448 3336 discedens
466 3276 524 3337 alro
543 3289 693 3360 migraret.
733 3279 819 3339 Unde
835 3280 1012 3363 colligimus,
1032 3304 1095 3343 non
1114 3285 1153 3346 ita
1171 3283 1255 3344 molli
1275 3298 1306 3346 et

178 3352 352 3414 effeminato
372 3352 580 3430 soisscanimo,
599 3367 632 3414 ut
646 3356 863 3417 misericordiae
882 3371 1033 3440 praetextu
1045 3360 1156 3435 crimen
1175 3361 1305 3444 tegendo
1403 3365 1404 3384 ¹

179 3429 285 3488 aleret:
316 3440 431 3490 tautum
461 3431 569 3514 aliquid
594 3433 706 3493 remisit
732 3453 766 3492 ex
784 3447 898 3496 summo
919 3437 998 3513 iure,
1030 3457 1067 3496 ne
1086 3457 1206 3498 uxorem
1225 3439 1305 3519 turpi
1403 3443 1404 3448 ’

177 3505 286 3566 iudicio
313 3501 481 3585 exponeret
525 3509 589 3569 Nec
613 3530 684 3570 vero
705 3509 827 3570 dubium
846 3512 933 3589 nobis
954 3534 1016 3574 esse
1035 3514 1142 3591 debet,
1167 3515 1237 3599 quin
1258 3538 1305 3575 ar-

177 3603 252 3644 cano
263 3580 392 3662 Spiritus
411 3583 551 3646 instinctu
570 3599 702 3648 retentus
722 3587 814 3648 luerit
833 3588 894 3650 eius
914 3591 1034 3652 animus.
1074 3590 1198 3666 Scimus,
1217 3613 1304 3671 qoam

177 3659 325 3740 impotens
343 3659 382 3720 sit
400 3662 558 3753 zelotypia,
577 3675 607 3723 et
626 3685 711 3744 quam
722 3663 871 3726 violenter
889 3667 1038 3727 hominem
1054 3667 1193 3748 abripiat:
1215 3689 1305 3760 quare
1403 3663 1404 3674 ¹

177 3734 288 3798 etiamsi
308 3736 393 3795 nimis
409 3740 603 3831 praecipitem
621 3739 762 3820 impeturn
783 3745 975 3806 continuisset
992 3741 1111 3824 loseph,
1130 3745 1306 3808 mirabiliter

176 3823 275 3872 tamen
300 3833 454 3872 occursum
478 3814 533 3874 sust
557 3816 642 3877 variis
688 3816 822 3894 ericulis,
853 3841 927 3900 quae
947 3818 1109 3896 instabant,
1138 3843 1229 3902 quum
1248 3822 1304 3884 soli

174 3889 309 3950 vertendi
328 3888 483 3951 consilium
507 3893 595 3971 cepit.
637 3893 654 3951 1
676 3913 721 3953 em
747 3897 834 3956 etde
856 3896 975 3960 silentio
995 3897 1107 3958 Mariae
1130 3895 1247 3982 iudico:
1272 3911 1305 3959 ut

175 3965 287 4042 demus,
299 3966 420 4047 ‘pudore
440 3965 527 4026 luisse
541 3968 710 4047 cohibitam,
730 3990 768 4032 ne
786 3976 892 4038 marito
904 3973 1031 4053 prodere
1044 3975 1177 4051 auderet,
1195 3995 1227 4038 se
1237 3998 1304 4060 gra-

173 4041 268 4102 vidam
290 4062 352 4104 esse
371 4063 407 4101 ex
426 4043 548 4123 Spiritu,
567 4046 625 4104 Dei
643 4058 743 4106 tamen
765 4050 950 4129 providentia
969 4054 1059 4134 magis
1074 4074 1159 4132 quarn
1181 4054 1303 4134 proprio

175 4118 300 4179 consilio
320 4129 435 4180 retenta
455 4119 525 4180 luit:
554 4143 621 4182 nam
646 4125 670 4182 si
694 4123 818 4188 verbum
842 4127 974 4202 iecisset,
1005 4141 1039 4188 ut
1058 4149 1104 4189 res
1125 4143 1204 4204 erat,
1228 4131 1303 4210 'plus

6 4255 7 4270 χ
51 4173 59 4184 Η
97 4203 102 4222 ’·
175 4213 262 4270 quam
293 4196 476 4278 incredibilis
501 4209 630 4278 putasset
649 4201 773 4280 Ioseph,
805 4223 837 4263 se
870 4204 998 4265 ludibrio
1015 4205 1136 4268 baberi.
1175 4206 1211 4265 Id
1231 4227 1303 4269 vero
1338 4239 1342 4246 ·
1402 4201 1403 4250 ἓ

6 4277 8 4290 ’
174 4271 306 4329 omnium
325 4272 385 4333 risu
406 4284 543 4352 tanquam
563 4274 729 4338 fabulosum
742 4293 895 4360 exceptum
916 4280 1011 4341 soret:
1032 4303 1168 4344 uecrero
1189 4295 1303 4344 tanturn
1402 4289 1403 4312 ³

76 4393 83 4406 ,
178 4342 280 4402 luisset
297 4349 440 4408 momenti
460 4351 561 4413 divino
586 4353 723 4429 oraculo,
742 4357 766 4414 si
791 4369 894 4436 postca
917 4369 1072 4437 sequutum
1094 4371 1177 4419 esset.
1218 4361 1302 4440 Ergo
1402 4403 1403 4410 κ

175 4439 275 4496 passus
294 4433 338 4480 est
349 4423 512 4505 Dominus,
530 4450 646 4520 serrum
665 4453 750 4492 suum
769 4431 876 4512 loseph
897 4434 1160 4516 ignorantia'trabi
1181 4435 1211 4493 in
1233 4457 1302 4516 per·
1402 4481 1403 4488 κ
