2808 4748
85 540 88 552 ·
198 501 258 562 ciat
274 499 339 559 sine
357 498 529 559 necessitate
546 496 580 554 in
597 493 675 556 mani

112 3593 114 3605 ι
208 3551 274 3616 cula
286 3553 345 3630 (Ps.
361 3558 412 3630 91,
427 3555 501 3632 lb),
518 3553 559 3614 In
569 3554 697 3616 omnibus
709 3559 763 3631 viis
772 3560 839 3630 tots,
860 3558 1036 3618 sententiam
1054 3557 1221 3636 Prophetae

845 63 865 116 h

196 282 255 347 112
361 275 512 341 suc'rto
532 275 585 335 IV.
624 273 700 334 lesu
720 217 904 350 narrrsuris
924 285 965 352 ur
985 284 1161 348 rsurarro.

122 412 126 428 ¹
197 421 307 496 licitat,
330 433 364 483 ut
381 417 525 503 neglectis
543 416 657 493 mediis,
675 435 752 554 lim
770 414 807 479 ad
824 403 942 475 ⁴manum
962 427 1045 492 sunt,
1064 436 1096 477 se
1113 417 1208 498 ipsum
1226 417 1327 497 proii-
1394 433 1395 494 ζ

197 573 331 637 exsultet.
354 572 461 652 ,Atqui
479 583 513 630 ut
530 572 628 664 frangi
647 589 702 631 nos
720 568 1064 645 minimecoaveninubi
1075 589 1174 630 rerum
1193 572 1327 630 omnium

706 504 782 555 stum
803 491 968 568 discrimen,
986 503 1018 554 et
1035 493 1115 574 quasi
1134 505 1213 554 extra
1230 506 1326 553 metas
1394 515 1395 530 ¹

197 653 302 743 inopia
312 650 489 732 premimur,
509 669 581 729 quan
600 645 876 729 pendeamusaDei
894 645 1011 720 fiducia,
1030 646 1072 708 sic
1091 647 1190 708 cristas
1210 647 1327 728 erigere
1394 661 1395 728 ᾖ

198 749 263 790 uon
282 727 361 802 lrcet,
380 736 416 786 ut
432 724 517 796 altius
537 745 623 804 quam
641 723 723 800 Deus
738 721 888 856 permittit
905 743 961 782 nos
981 721 1145 784 efferamus.
1174 723 1326 784 Tenemus

194 805 290 879 'uuum
308 801 394 883 quale
412 801 503 875 fuerit
521 802 651 862 Satanae
665 821 747 860 const
760 800 833 858 inm:
854 818 963 879 nempe
980 811 1015 858 ut
1035 799 1185 875 Christus,
1211 801 1325 879 experi-
1394 847 1395 858 ,

85 903 90 914 ’
197 893 332 942 mentum
360 889 497 959 capturus
518 897 588 941 suae
613 874 784 952 divinitatis,
811 874 901 937 stulta
926 886 957 936 ct
985 875 1076 970 impia
1103 875 1270 938 temeritate
1294 876 1323 936 in

200 951 299 1019 Deurir
318 957 493 1038 insurgeret.

276 1039 305 1098 6.
342 1030 470 1107 Angelis
486 1033 546 1090 suis
562 1017 711 1092 mndata
728 1025 765 1087 ds
781 1037 820 1102 te,
840 1042 867 1088 at
884 1025 1017 1088 mnibus
1034 1041 1087 1088 eto.
1124 995 1262 1089 Notanda
1282 1039 1326 1088 est
1394 1031 1395 1042 ¹

199 1110 273 1172 baec
283 1109 409 1170 Satanae
423 1106 542 1183 malitia,
560 1106 640 1188 quod
653 1105 823 1187 Scripturas
841 1105 1010 1168 testimonio
1029 1105 1168 1179 abutitur,
1187 1116 1222 1164 ut
1238 1105 1326 1166 vitam

98 1217 100 1227 ’
201 1187 322 1252 Christo
339 1183 522 1246 mortiferam
541 1183 662 1259 reddat,
673 1202 780 1262 panem
804 1199 840 1242 ne
858 1193 1011 1243 convertat
1028 1184 1060 1241 in
1072 1201 1226 1245 vencnum.
1250 1183 1326 1244 Nam

201 1263 309 1326 eodem
328 1261 460 1341 qnotidie
484 1259 607 1321 artificio
631 1260 675 1321 nti
700 1262 763 1319 nbn
782 1203 908 1334 desinit,
933 1271 964 1319 et
981 1257 1075 1320 voluit
1097 1257 1325 1319 hoc-certamen

199 1341 301 1403 subire
319 1339 350 1399 in
370 1357 420 1398 sua
434 1355 561 1417 persona
571 1331 663 1398 Filiris
674 1335 743 1412 Dei,
762 1336 814 1414 qui
832 1353 989 1396 commuue
1007 1346 1051 1396 est
1062 1335 1177 1417 piorum
1194 1337 1325 1394 omnium

201 1415 359 1495 exemplar,
378 1423 412 1474 ut
429 1412 486 1474 sibi
504 1433 608 1475 omnes
626 1412 733 1474 sedulo
751 1431 853 1474 cavere
873 1411 1002 1487 discant,
1020 1431 1059 1471 ne
1079 1411 1173 1472 fallaci
1192 1412 1326 1504 Scriptu-
1394 1435 1395 1440 ¹

200 1514 253 1554 rae
270 1500 422 1572 praetentu
440 1489 571 1552 incidant
589 1492 620 1550 in
640 1489 913 1569 Satanae‘laqueos.
950 1488 1015 1549 Nec
1034 1487 1154 1548 dubium
1173 1498 1232 1563 est,
1255 1511 1327 1568 qum

201 1567 348 1630 Dominus
365 1576 481 1626 tantum
501 1567 645 1628 concedat
662 1566 742 1628 hosti
761 1577 865 1626 nostro
885 1565 1030 1640 licentiae,
1050 1585 1088 1624 ne
1102 1565 1196 1625 securi
1207 1577 1326 1646 torpea-

126 1683 130 1690 ·
201 1665 282 1718 mus,
305 1641 357 1704 sed
384 1644 476 1725 magis
495 1644 604 1704 intenti
622 1645 710 1704 simus
730 1642 766 1702 ad
785 1642 910 1724 agendas
931 1643 1072 1702 excubias.
1111 1640 1269 1702 Caeterum
1289 1661 1326 1701 ne

200 1719 398 1803 praeposteris
416 1718 586 1782 bominibus
604 1719 712 1781 similes
730 1720 830 1795 simus,
850 1719 901 1799 qui
913 1719 1094 1798 Scripturam
1114 1718 1195 1796 quasi
1213 1718 1326 1778 flexilo-

201 1807 290 1878 quanl
313 1795 474 1875 abiiciunt,
520 1808 658 1879 ropterea
682 1795 763 1874 quod
789 1815 853 1855 eam
876 1794 1021 1856 adulterat
1044 1794 1191 1854 diabolus:
1220 1814 1326 1874 nempe

201 1874 305 1936 eadem
330 1893 414 1934 causa
438 1895 455 1934 a
480 1819 552 1934 cibis
576 1871 782 1936 abstinendum
801 1882 893 1946 esset,
914 1891 956 1950 pe
974 1871 1121 1933 veneficiis
1141 1882 1218 1932 esset
1235 1871 1325 1932 locus.

200 1949 347 2012 Profanat
362 1948 486 2041 yerbnm
503 1947 563 2010 Dei
582 1949 687 2025 Satan,
707 1959 738 2008 et
755 1949 792 2015 in
807 1947 930 2008 exitium
944 1959 1078 2008 nostrum
1090 1960 1237 2027 torquere
1256 1948 1325 2007 niti-

201 2040 266 2090 tur:
289 2037 386 2106 atqui,

426 2029 496 2087 nuni
515 2025 652 2086 divinitus
671 2024 839 2086 ordinatum
858 2024 898 2086 sit
915 2023 1004 2090 nobis
1023 2025 1053 2084 in
1073 2022 1207 2099 salmam,
1225 2045 1265 2084 an
1284 2027 1327 2084 ir-
1394 2089 1395 2094 η

185 2105 292 2166 ¹ritum
317 2103 375 2167 erit
396 2047 456 2163 Ilei
480 2102 650 2174 consilium,
675 2102 733 2161 nisi
757 2112 859 2162 nostra
882 2101 996 2183 ignaria
1020 2101 1149 2162 salutaris
1174 2101 1236 2161 eins
1258 2123 1326 2162 usus
1394 2119 1395 2154 1

87 2211 91 2220 ·
202 2180 290 2242 nobis
308 2179 429 2259 pereat?
451 2179 516 2242 Nec
533 2199 605 2241 vero
625 2177 715 2259 longa
734 2177 930 2258 disputatione
948 2179 1021 2239 haee
1039 2197 1086 2238 res
1109 2178 1246 2258 indigetc‘
1259 2189 1327 2238 tan-

113 2255 115 2266 ’
202 2268 267 2318 tum
285 2267 460 2338 spectemus,
500 2255 549 2316 uid
568 2255 747 2336 praescribat
765 2254 853 2316 nobis
865 2254 998 2316 Christus
1011 2275 1064 2316 suo
1085 2273 1136 2326 exe

1166 2255 1228 2334 plo,
1247 2255 1327 2334 quod

112 2376 116 2386 ι
202 2335 296 2396 instar
314 2331 433 2416 regulae
452 2353 492 2394 no
516 2333 810 2414 issequendum'est.
837 2331 887 2392 An
907 2331 1030 2414 Satanae
1050 2277 1339 2410 ceditlbcripturam

202 2410 345 2474 scelerate
364 2408 534 2491 torquenti?
559 2430 597 2470 an
621 2408 816 2502 scripturam,
840 2428 949 2488 quase
974 2408 1054 2488 prius
1075 2407 1208 2481 armavit,
1235 2408 1328 2468 excuti

202 2487 262 2566 sibi
279 2487 326 2550 rel
345 2487 420 2568 eripi
437 2485 564 2568 patitur?
587 2486 648 2554 imo
673 2487 792 2566 impiam
806 2485 939 2546 ‹Satanae
959 2485 1130 2546 calumniam
1150 2485 1267 2544 obieeta
1284 2485 1326 2546 ri-
1394 2543 1395 2560 ,

204 2563 302 2626 cis‘sim
321 2563 472 2645 Scriptura
490 2562 609 2624 fortiter
626 2561 744 2624 refellit
780 2562 912 2623 Proinde
938 2561 1051 2642 quoties
1070 2561 1250 2640 scripturam
1270 2561 1327 2621 suis
1394 2607 1395 2632 ,

95 2713 96 2718 η
199 2639 325 2711 'fallaciis
345 2641 490 2702 obtendet
508 2640 617 2717 Satan,
643 2650 674 2699 et
697 2641 754 2700 hoc
779 2639 885 2699 eodem
904 2649 1055 2719 praetextu
1077 2657 1133 2698 nos
1157 2637 1327 2698 adorientnr

203 2716 288 2796 impii
305 2716 451 2792 homines,
470 2727 503 2774 ut
521 2715 610 2776 fidem
629 2727 759 2776 nostram
779 2715 1018 2792 circumveniant,
1033 2733 1095 2774 non
1105 2707 1223 2775 aliunde
1243 2735 1327 2794 quam

165 2812 172 2830 ¹
206 2811 243 2853 ex
266 2791 420 2870 Scriptura
449 2791 589 2851 tutandae
612 2789 682 2850 fidei
705 2801 823 2852 nostrae
848 2801 928 2851 arma
951 2803 1132 2852 mutuemur.
1171 2790 1327 2852 Caeterum

205 2865 263 2929 etsi
282 2866 436 2958 promissio
460 2867 531 2940 ista,
558 2866 682 2959 hugelis
700 2867 758 2945 suis
776 2867 925 2927 mandabit
944 2867 981 2926 de
1004 2879 1035 2927 tc
1059 2880 1134 2943 etc,
1164 2867 1200 2928 ad
1225 2887 1327 2928 omnes
1394 2915 1395 2918 η

205 2941 308 3003 fideles
323 2954 472 3034 pertinet,
490 2943 788 3033 ‘specialitenotamen
812 2943 956 3023 competit
978 2943 1010 3004 iu
1036 2943 1198 3021 Christum,
1243 2945 1273 3004 ui
1296 2955 1329 3003 ut
1394 2949 1395 3000 t

207 3030 253 3080 est
274 3030 366 3096 totius
384 3019 535 3080 Ecclesiae
560 3029 663 3102 capnt,
687 3030 728 3079 rta
751 3020 816 3078 iure
839 3039 894 3080 suo
918 3031 1034 3101 praeest
1058 3020 1183 3104 angelis,
1212 3020 1234 3079 il
1249 3021 1328 3100 ’que
1394 3039 1395 3094 j

176 3162 178 3172 ,
205 3095 303 3158 nostri
326 3115 424 3167 curam
451 3095 574 3178 delegat.
614 3096 716 3169 Quare
744 3096 775 3155 in
791 3115 837 3156 ¹eo
860 3096 993 3157 nondum
1019 3096 1092 3157 fallit
1119 3097 1224 3172 Satan,
1249 3097 1328 3177 quod

126 3189 128 3196 ’
205 3171 266 3232 boc
283 3171 456 3233 testimonio
475 3171 584 3252 probat
608 3169 729 3253 angelos
749 3171 869 3234 Christo
896 3174 980 3234 datos
1004 3193 1067 3236 esse
1090 3173 1256 3248 ministros,
1280 3173 1329 3265 qui

205 3265 274 3308 eum
294 3249 476 3324 custodiant,
501 3260 532 3309 et
555 3247 688 3309 manibus
712 3248 771 3310 suis
794 3261 931 3330 portent,
956 3251 1009 3311 sed
1032 3250 1063 3310 in
1084 3269 1123 3310 eo
1146 3262 1190 3312 est
1208 3249 1329 3326 fallacia,
1394 3253 1395 3264 ¹

140 3345 141 3352 ¹
205 3323 288 3404 qnod
306 3323 478 3405 angelorum
497 3325 660 3386 custodiam
679 3326 716 3386 ad
734 3346 839 3408 vagum
860 3338 891 3387 et
908 3328 1092 3388 temerarium
1105 3347 1220 3387 cursum
1231 3322 1330 3403 trabit,
1394 3333 1395 3348 ¹

205 3419 283 3480 quae
300 3411 373 3460 tunc
392 3401 509 3460 demum
528 3402 552 3460 F
554 3400 611 3461 iliis
630 3401 687 3480 Dei
707 3403 903 3483 promittitur,
927 3403 995 3463 dum
1020 3423 1052 3464 se
1071 3403 1227 3465 contifl‘ut
1252 3403 1329 3465 intra
1394 3401 1395 3464 J

206 3495 276 3540 suos
286 3475 358 3536 fines
369 3487 401 3536 et
410 3477 441 3538 in
450 3475 504 3539 rils
515 3477 573 3538 suis
584 3477 742 3540 ambulant.
761 3480 794 3538 Si
805 3497 890 3558 qaam
903 3477 1050 3561 emphasin
1060 3479 1231 3541 habetbaec
1240 3483 1331 3618 parti·

207 3630 338 3716 maligne
357 3632 520 3710 corrumpit
539 3642 569 3691 et
586 3633 712 3710 mutilat,
723 3633 890 3714 promiscue
902 3645 932 3694 et
941 3634 1064 3695 confuse
1077 3654 1138 3693 earn
1151 3569 1331 3715 detorqtiiirb

145 3749 147 3756 ·
207 3707 245 3770 ad
268 3727 358 3790 vagos
383 3717 414 3766 ct
438 3725 581 3780 erroneos
607 3729 714 3782 cursus.
749 3709 843 3770 lubet
864 3730 919 3772 nos
943 3710 1026 3771 Deus
1049 3709 1199 3770 ambulare
1221 3710 1264 3771 in·
1278 3711 1330 3771 viis

139 3795 141 3807 ¹
207 3785 329 3860 uostris,
347 3794 377 3844 et
394 3793 467 3854 tunc
484 3784 606 3869 angelos
626 3787 797 3866 pronuntiat
816 3786 881 3846 fore
901 3786 988 3847 nobis
1007 3777 1155 3848 custodes:
1176 3786 1266 3848 Satan
1278 3807 1330 3848 an·
1394 3849 1395 3854 ,

188 3860 345 3944 ,ςείοωω
364 3859 526 3924 custodiam
549 3860 714 3924 obtendens
735 3862 884 3925 Christum
908 3863 1057 3939 hortatur,
1080 3875 1113 3924 ut
1137 3863 1193 3924 sibi
1217 3875 1331 3927 temere

207 3936 371 4070 periculum
390 3948 528 4015 arcessat,
547 3941 606 3999 acsi
625 3938 752 4016 diceret,
777 3940 811 4000 Si
834 3951 866 3999 te
886 3939 1024 4021 proiicias
1042 3940 1074 4002 in
1092 3952 1218 4002 mortem
1237 3940 1330 4004 inrito
1394 3921 1395 3962 ³

240 4031 293 4090 eo,
313 4033 347 4074 an
370 4012 409 4073 eli
426 4013 514 4075 vitam
531 4023 612 4074 tuam
632 4014 801 4076 defendens
1207 4071 1210 4077 .

274 4093 313 4179 J·
402 4092 488 4166 'artum
505 4105 557 4168 ast,
568 4103 635 4152 mort
652 4090 772 4152 mutabas
789 4091 959 4154 Dorticum.
995 4091 1152 4230 Alptissime
1171 4093 1331 4174 respondet

210 4159 353 4252 (illustris,
372 4187 435 4228 uon
454 4167 540 4229 aliter
557 4170 732 4249 sperandum
752 4189 826 4248 esse,
846 4171 926 4249 quod
944 4169 1003 4250 illic
1046 4191 1096 4233 ens
1112 4171 1247 4232 auxilium
1260 4191 1331 4251 pro-

209 4245 308 4321 mitur,
326 4261 413 4319 quam
432 4243 457 4304 si
476 4245 608 4306 modeste
627 4245 670 4306 illi
688 4266 726 4311 se,
739 4247 885 4329 regendos
904 4247 1004 4308 fideles
1016 4249 1213 4309 committant:
1233 4266 1331 4326 neque

211 4313 354 4373 curmusi
366 4321 610 4398 promissionibus
629 4321 715 4384 aliter
733 4345 884 4404 possumus
902 4324 999 4399 inniti,
1018 4345 1105 4405 quarn
1124 4325 1148 4384 si
1167 4324 1228 4383 eius
1245 4344 1330 4382 man-

211 4375 284 4456 datis
313 4387 511 4474 obsequimur.
548 4401 645 4464 Porro
677 4421 767 4482 quum
796 4410 929 4488 tentetur
950 4401 1033 4465 Deus
1062 4399 1193 4482 pluribus
1221 4400 1331 4476 modis,
