2816 4746
86 237 91 242 ’
203 297 231 342 11
507 227 712 335 ansioni
730 255 1027 333 nantcaroma.
1070 267 1071 274 ¹

206 449 277 496 cum
303 442 491 512 progressus
518 421 638 487 faciant
665 417 720 484 vel
750 417 860 482 saltem
890 415 1028 482 eundem
1058 423 1234 501 sequautur
1260 421 1351 478 cur-'

193 550 284 594 sum.
325 525 442 610 Neque
468 533 576 588 tamen
598 525 737 588 omnium
758 517 875 606 quibus
897 514 1223 580 excellitis-virtutum
1246 523 1329 578 cata-

155 696 159 709 ,
206 631 315 717 logum
336 638 460 701 terere,
487 623 564 688 mihi
586 623 785 708 propositum
808 629 869 697 est,
890 617 947 683 sed
960 633 1066 682 -unam
1093 619 1127 681 iu
1149 615 1330 701 praesentia

207 729 343 796 laudare
364 724 514 801 sufficiet,
535 742 618 810 quae
640 731 740 787 meet
772 717 953 804 complures
965 717 1088 784 Christi
1106 738 1219 782 servos
1239 716 1331 802 quasi

208 833 371 898 sanctiore
392 823 523 890 vinculo
545 821 639 888 vobis
662 822 812 892 devinxit.
858 820 1012 904 Magnum
1033 816 1115 882 illud
1138 817 1211 897 luit,
1240 816 1331 906 quod

210 911 286 998 ante
305 927 559 1018 quinquennium
579 919 729 1006 hqrrihili
745 905 873 990 terrore
895 921 1011 1006 passim
1033 914 1183 1002 omuibus
1203 921 1333 993 iniecto,

209 1053 308 1120 quum
341 1037 374 1094 et
410 1024 620 1090 Germanicis.
642 1021 798 1086 Ecclesiis
838 1022 986 1086 miseram
1022 1017 1264 1105 dissipationem
1300 1028 1333 1083 et

207 1127 386 1216 Evangelio
408 1126 569 1190 interitum
595 1143 699 1209 prope
712 1139 715 1146 ·
730 1123 931 1188 minitaretur
958 1130 1091 1210 accepta
1114 1118 1239 1204 clades,
1271 1139 1331 1184 vos
1382 1134 1385 1148 ·

131 1246 158 1302 ·,
211 1231 254 1299 ad
280 1231 399 1318 primos
426 1244 572 1310 quosque
598 1221 737 1296 telorum
758 1225 858 1287 iaetus
887 1207 1036 1308 expositi,
1062 1223 1097 1286 in
1124 1217 1228 1286 libera
1248 1219 1331 1284 fidei

211 1329 415 1398 confessione
440 1336 521 1390 tunc
543 1321 639 1389 valde
667 1323 784 1389 odiosa
812 1321 897 1387 firmi
917 1324 1059 1398 stetistis,
1091 1334 1131 1386 ac*
1149 1326 1334 1386 constanter

209 1428 384 1497 retinuistis
404 1445 499 1514 quam
529 1427 624 1488 eratis
651 1423 787 1510 amplexi
814 1425 971 1488 sinceram
994 1424 1125 1509 pietatis
1146 1420 1334 1498 doctrinam,

209 1541 246 1596 ut
265 1525 361 1592 facile
385 1533 559 1602 constaret,
584 1523 679 1590 vobis
706 1529 789 1591 inter
816 1510 952 1604 summas
979 1544 1070 1587 curas
1092 1533 1124 1586 et
1150 1521 1334 1586 discrimina

184 1685 186 1690 .
209 1626 293 1698 nihil
312 1625 415 1715 pluris
429 1645 509 1704 esse,
528 1647 622 1711 quam
643 1624 781 1706 militare
793 1621 853 1689 sub
868 1619 990 1687 Christi
1008 1620 1136 1690 vexillo'.
1177 1621 1244 1687 Sed
1269 1621 1335 1686 hoc

210 1731 310 1814 magis
332 1725 579 1792 admemoriam
600 1727 738 1812 insigne,
766 1724 855 1811 quod
879 1745 947 1790 non
976 1721 1075 1788 modo
1096 1725 1181 1787 iuter
1196 1732 1263 1788 'vos
1283 1721 1335 1788 io*

210 1832 293 1896 vetis
318 1848 433 1916 purum
453 1825 520 1890 Dei
545 1825 680 1905 cultum,
710 1825 909 1913 fidelemque
943 1819 1076 1911 operam
1104 1823 1201 1902 datis,
1236 1811 1281 1888 ut'
1298 1844 1334 1888 se

166 1960 168 1972 =
210 1931 310 2006 vestri
328 1930 423 2008 cives
449 1929 533 1997 inter
560 1926 806 2013 Christisepta
833 1923 1131 2004 contineant,2sed
1160 1924 1335 2010 dissipatae

210 2029 379 2113 Ecclesiae
397 2021 553 2114 reliquias
575 2025 707 2112 aliunde
730 2027 877 2114 expulsas
898 2037 1048 2112 tanquam
1064 2024 1171 2102 lacera
1188 2024 1336 2108 membra

212 2131 373 2216 colligitis
412 2129 488 2218 ¹Hoc
518 2140 613 2195 certe¹
633 2140 670 2196 ut
695 2131 729 2194 in
756 2126 868 2222 rebus⁸
881 2126 1007 2194 acerbis
1033 2149 1101 2195 non
1122 2127 1336 2213 parummihi
1393 2123 1394 2130 '

212 2231 319 2301 attulit
350 2226 473 2308 solatii,
506 2251 603 2318 quum
634 2229 794 2309 audirem,
825 2229 897 2314 pios
922 2229 990 2297 Dei
1021 2227 1175 2309 cultores,
1207 2229 1264 2314 qui
1299 2251 1338 2294 ex
1393 2219 1394 2246 ¹

211 2327 328 2418 Anglia
347 2325 487 2416 profugi
513 2342 546 2400 et
577 2331 648 2400 aliis
675 2332 820 2420 partibus
847 2328 1062 2408 advenerant,
1096 2333 1170 2399 istie
1188 2327 1337 2416 henigne
1392 2393 1393 2412 ,

196 2429 311 2518 ,laisla
338 2429 480 2518 hospitio
510 2443 675 2520 exceptos,
710 2423 817 2518 neque
845 2431 945 2508 undo
976 2434 1058 2498 tristi
1083 2452 1194 2506 eorum
1221 2431 1337 2504 exsilio
1391 2451 1393 2554 p

211 2542 348 2621 portum·
363 2553 433 2596 esse
455 2530 666 2610 ‹tatum-sad
688 2535 809 2598 iustum·
827 2554 958 2619 quoque
985 2532 1142 2608 honorem
1161 2531 1248 2596 Filio
1269 2531 1339 2596 Dei
1392 2561 1393 2565 ¹

108 2647 111 2654 ⁴
211 2635 312 2735 iuhse
339 2629 514 2708 habitum,¹
529 2642 564 2696 nt
581 2634 633 2726 in·
652 2628 733 2696 urhe
754 2641 862 2696 vestra
887 2636 957 2708 eius
982 2619 1193 2722 Evangelium
1218 2630 1339 2717 linguis
1391 2619 1392 2676 l

205 2721 524 2819 ‚exterispersoneq
544 2727 808 2808 ‚Nongahsirnilis
826 2750 933 2816 nuper
955 2734 1101 2819 Tigurini
1121 2732 1257 2808 Senatus
1279 2733 1349 2798 hu-*

212 2836 349 2915 manitas
371 2831 831 2916 ergamiseroshocarueuses
852 2835 974 2910 enituit,
995 2833 1112 2921 quihus
1132 2855 1200 2900 nou
1220 2831 1337 2899 urbem

212 2933 312 3000 modo
343 2937 439 2998 *suam
468 2931 624 3030 patefecit
655 2933 746 3018 (quia
766 2931 861 2996 domi
883 2933 1047 3000 Christum
1062 2947 1113 3002 'ex
1140 2937 1237 3020 animi
1256 2948 1338 3002 voto

213 3033 324 3120 colere
344 3052 413 3098 nen
437 3030 571 3112 licebat)
578 3079 594 3110 ,‚
613 3031 672 3098 sed
692 3030 854 3117 templum,
868 3055 999 3122 quoque
1027 3022 1183 3115 attribuit,
1209 3039 1243 3101 in
1268 3059 1337 3124 quo
1389 3029 1390 3068 l

212 3154 324 3214 sacros
345 3143 632 3210 suosconventus„
644 3131 877 3214 hthaut,2qea
897 3125 1271 3222 eos-'deterruitdinguae
1289 3139 1338 3204 di·
1389 3123 1390 3195 l

211 3237 362 3312 versitas,
384 3235 463 3319 quin
484 3232 646 3316 Christum
672 3235 760 3320 apud
787 3255 822 3314 ee
844 3237 954 3312 italice
976 3259 1107 3324 quoque
1127 3236 1220 3325 loqui
1238 3261 1339 3326 cupe-
1388 3253 1389 3320 t

208 3344 293 3420 rent.
333 3334 380 3410 Ut
399 3343 504 3421 autem
521 3333 569 3402 ad
590 3329 821 3418 ,eosreverta'q
843 3357 904 3422 ego
918 3336 1051 3404 simulac
1063 3336 1192 3424 linguae
1204 3351 1338 3409 nostrae
1388 3329 1389 3403 l

141 3445 146 3460 '
211 3432 730 3519 hominihuspv'estramhumapirate
752 3442 1023 3524 permissumesse
1045 3438 1162 3518 audivi,
1183 3451 1219 3506 ut
1233 3439 1340 3508 eccle·
1387 3497 1388 3505 ,

210 3531 291 3602 siam
312 3536 384 3600 istic
403 3537 615 3612 instituerent,
635 3541 781 3623 privatim
803 3539 958 3608 merobis
977 3537 1163 3609 obstrictum
1184 3543 1338 3622 sentiens,

210 3635 441 3720 hecteriam,
467 3635 557 3722 quod
573 3637 1191 3726 mausolieis,neamt'gratitudinem
1218 3651 1339 3718 testari·
1360 3637 1387 3708 .’

91 3761 103 3788 x
210 3735 288 3820 ,dam
312 3737 431 3816 censui.
482 3737 564 3801 Nam
588 3748 627 3814 at
657 3741 772 3803 merito
800 3730 952 3808 deflenda
976 3744 1078 3827 gentis
1104 3753 1233 3822 nostrae
1259 3765 1339 3809 con-

207 3836 294 3908 ‚ditio
322 3844 389 3914 est,‘
414 3837 467 3903 cui
499 3835 546 3906 oh
566 3836 760 3924 sacrilegam
782 3841 920 3928 Papatus
933 3841 1152 3926 »tyrannidem
1170 3842 1338 3910 'hahitatio

165 3993 172 4018 ,
206 3929 335 4023 ‚patriae
358 3934 500 4018 exsilium
523 3938 592 4018 fere
614 3950 663 4004 est
685 3962 704 4004 a
725 3951 826 4027 regno
847 3942 928 4020 Dei,
958 3945 1002 4008 ita
1022 3945 1159 4010 vicissim
1185 3965 1260 4020 *nou¹
1281 3966 1339 4029 pa·

210 4057 281 4114 raim
300 4039 396 4116 iuvat,
415 4039 450 4120 ip
471 4037 671 4120 alienosolo
694 4039 835 4129 aliquam
856 4042 927 4108 dari
948 4045 1132 4122 stationem,
1154 4043 1338 4128 uhiglegiti-
1384 4115 1385 4128 ,

205 4135 301 4202 mum
317 4136 393 4204 Deo
413 4140 532 4235 cultum
552 4132 743 4226 praestent,
776 4143 869 4207 Haec
890 4153 976 4208 certe
996 4154 1104 4209 sancta
1125 4142 1336 4235 hospitalitas,
1384 4153 1385 4218 ξ

203 4257 281 4304 non
300 4249 364 4305 tam
383 4239 568 4308 hominihus
590 4263 685 4328 quam
711 4243 775 4327 ipsi
796 4242 928 4311 Christo
950 4242 1074 4323 oblata,
1094 4266 1154 4310 vos
1175 4248 1238 4310 iam
1258 4264 1338 4328 pro-
1384 4229 1385 4239 ¹

211 4357 310 4424 spero
328 4351 413 4410 statu
433 4343 588 4412 florentes
606 4344 700 4410 novis
721 4343 771 4425 (ut
790 4345 902 4428 spero)
922 4344 988 4412 Dei
1007 4344 1178 4426 benefieiis
1198 4342 1339 4424 ornabit,
