2808 4748
201 235 260 300 rt:
307 270 315 283 .
652 219 804 286 sscmo
825 220 878 281 vr.
904 205 908 213 “
1056 201 1068 225 “

203 381 350 436 sectaret
380 389 415 432 ea
445 368 573 430 novitas:
608 367 666 428 iam
695 376 820 428 testatur
850 365 1001 440 Christus,
1028 365 1101 428 adeo
1132 363 1244 428 nullum
1270 385 1342 428 esse

226 449 357 512 cetrinae
385 466 455 508 suae
484 467 550 506 cum
574 445 656 528 Lege
681 443 847 516 dissidium,
877 455 912 503 nt
936 441 1049 524 optime
1075 444 1239 504 consentiat
1263 465 1340 504 cum

204 528 288 608 Lege
303 536 335 584 et
344 521 512 602 Prophetis,
532 540 630 602 neque
648 522 678 581 id
697 520 800 595 modo,
817 517 869 580 sed
888 530 922 579 ut
940 519 1066 580 solidum
1086 521 1339 600 complementum

204 604 319 666 all‘erat.
357 599 479 660 Duabus
503 610 601 659 autem
626 597 750 657 maxime
774 595 868 656 camis
892 594 1033 658 adductus
1057 595 1144 656 fuisse
1162 597 1279 657 videtur
1297 598 1340 656 ad

205 665 373 740 testandum
398 675 476 736 hunc
495 675 538 734 Le
560 676 583 736 is
608 687 639 734 et
656 669 809 754 Evangelii
834 691 1018 732 consensum.
1057 672 1186 734 Simulac
1210 673 1340 755 emergit

206 777 285 817 nova
308 753 405 833 aliqua
424 751 551 815 docendi
574 751 663 826 ratio,
688 748 719 808 id
744 747 867 830 perinde
885 747 989 828 vulgus
1013 749 1130 830 arripit,
1153 749 1211 810 acsi
1234 768 1339 809 rerum

208 831 340 894 omnium
371 830 525 891 conversio
553 827 648 888 fieret:
679 824 743 886 talis
771 835 867 884 autem
892 836 955 886 erat
975 824 1127 908 Evangelii
1155 825 1338 906 praedicatio

207 908 309 989 (sicuti
327 925 423 988 nuper
441 903 550 988 attigi),
569 914 602 962 nt
620 921 701 983 spem
720 900 832 962 faceret
850 899 935 961 aliter
950 901 1174 962 constituendae
1185 901 1338 963 Ecclesiae

229 1005 296 1044 nam
320 983 400 1063 prius
426 981 529 1042 fuerat
567 978 715 1040 Petebant
742 977 834 1060 igitur
862 988 945 1038 vetus
977 989 1007 1038 et
1036 979 1172 1040 usitatum
1200 979 1336 1061 regimen

207 1007 332 1124 boteri.
371 1058 457 1133 Quae
477 1056 578 1138 opinio
597 1053 695 1115 multis
713 1054 808 1116 modis
828 1051 1015 1116 valde'noxia
1035 1067 1113 1116 erat:
1134 1055 1174 1136 pii
1187 1057 1262 1116 enim
1274 1055 1337 1114 Dei
1397 1051 1399 1064 '

208 1138 339 1200 cultores
361 1155 510 1214 nunquam
535 1131 728 1214 Evangelium
751 1130 875 1212 amplexi
899 1143 1014 1208 essent,
1038 1132 1064 1193 si
1089 1132 1191 1193 fuisset
1212 1153 1229 1192 a
1250 1131 1337 1214 Lege

208 1214 350 1286 defectio,
373 1211 451 1273 leves
475 1219 571 1272 autern
597 1221 628 1268 et
660 1207 824 1269 turbulenti
849 1207 977 1289 Spiritus
1001 1229 1071 1269 ansa
1094 1220 1211 1289 arrepta
1237 1219 1337 1268 totum

207 1289 361 1374 religionis
380 1298 487 1348 statum
507 1285 675 1346 convellere
699 1283 805 1366 cupide
826 1286 955 1368 aggressi
981 1296 1092 1347 essent:
1122 1286 1226 1346 scimus
1245 1286 1337 1361 enirn,

210 1389 298 1449 quam
316 1375 455 1445 proterve
474 1363 505 1422 in
523 1361 613 1423 rebus
632 1362 716 1424 novis
743 1359 865 1422 exsultet
889 1361 1046 1422 temeritas.
1084 1358 1131 1421 Ad
1156 1361 1226 1422 baec
1246 1361 1337 1422 Chri-

203 1457 270 1518 stus
289 1442 447 1524 plerosque
472 1459 506 1498 ex
524 1439 657 1515 Indaeis,
681 1439 796 1500 tametsi
819 1438 1035 1520 profitebantur
1058 1457 1088 1498 se
1107 1437 1181 1522 Legi
1205 1438 1338 1513 credere,

209 1518 330 1586 videbat
347 1527 445 1576 tamen
463 1515 607 1596 profanos
627 1536 689 1577 esse
708 1537 743 1577 ac
763 1515 938 1597 degeneres:
962 1515 1004 1577 sic
1029 1515 1106 1574 enirn
1124 1535 1171 1576 res
1190 1514 1337 1595 collapsae

209 1593 345 1658 scantin
364 1590 477 1674 populo
497 1592 567 1669 illo,
590 1593 679 1654 tantis
699 1613 788 1654 corrn
811 1591 874 1652 telis
897 1591 1008 1652 referta
1027 1603 1112 1652 erant
1130 1591 1241 1667 omnia,
1259 1590 1335 1652 adeo

208 1691 312 1754 puram
331 1668 485 1730 doetrinae
503 1667 599 1731 lucem
618 1689 670 1732 sua
688 1613 823 1732 soconda
842 1667 888 1730 vel
907 1667 1014 1744 malitia
1033 1669 1222 1728 exstinxerant
1240 1689 1337 1728 sacer-

210 1750 312 1820 dotes,
342 1758 376 1806 ut
400 1766 462 1807 non
486 1766 592 1828 magna
616 1745 739 1826 amplius
762 1745 850 1828 Legis
869 1746 1037 1823 reverentia
1061 1744 1182 1836 vigeret.
1220 1743 1337 1817 Quodsi

209 1825 330 1888 allatum
356 1822 459 1884 suisset
483 1841 576 1883 novae
607 1821 760 1882 doctrinae
805 1842 893 1896 enus,
923 1822 1004 1902 quod
1029 1821 1072 1882 Le
1127 1831 1158 1882 et
1180 1821 1337 1901 Prophetis

208 1901 298 1962 fidem
317 1897 486 1981 abrogaret,
504 1899 610 1961 misere
630 1897 770 1960 concussa
784 1842 890 1960 inisset
908 1898 1025 1979 religio.
1090 1903 1091 1906 ’
1110 1918 1144 1959 ec
1162 1901 1244 1980 prior
1255 1899 1337 1958 vide-

208 1990 260 2038 tur
283 1975 372 2037 fuisse
398 1976 484 2046 ratio,
516 1996 568 2034 cur
593 1986 716 2058 negaret
735 1973 885 2048 Christus,
913 1974 1083 2036 sevenisse
1108 1975 1143 2035 ad
1168 1974 1337 2036 solvendam

210 2055 336 2138 Legem:
361 2051 441 2132 quod
466 2051 538 2114 licet
564 2069 597 2110 ex
616 2063 755 2112 contextu
780 2052 868 2112 etiam
895 2049 1045 2134 colligere.
1082 2051 1156 2112 Nam
1181 2051 1337 2112 confirma-

209 2131 300 2192 tionis
319 2129 383 2209 vice
401 2148 470 2189 mox
488 2127 615 2202 subiicit,
633 2127 696 2187 fieri
716 2147 777 2188 non
797 2148 884 2208 posse
902 2140 935 2188 nt
953 2126 1004 2189 rel
1023 2149 1097 2188 nnus
1115 2147 1186 2208 aper
1205 2147 1238 2187 ex
1255 2127 1338 2220 Lege

211 2206 341 2282 excidat,
367 2218 397 2266 et
424 2225 476 2266 eos
500 2205 637 2268 doctores
662 2203 828 2282 maledicit,
858 2206 909 2284 qui
928 2225 990 2266 non
1010 2203 1136 2265 fideliter
1153 2205 1289 2265 laborant
1306 2227 1337 2268 ut

212 2286 275 2344 eins
295 2281 470 2344 auctoritate
489 2281 653 2342 asserenda.
692 2281 829 2352 Sechnda
853 2294 952 2342 autem
975 2281 1050 2342 ratio
1076 2281 1145 2355 suit,
1169 2293 1203 2341 ut
1221 2301 1335 2361 pravam

211 2359 387 2440 calumniam
407 2357 549 2434 dilueret,
572 2377 679 2440 quase
699 2359 776 2440 apud
795 2357 928 2420 rudiores
955 2371 985 2418 et
1002 2359 1119 2442 ignaros
1139 2358 1251 2440 gravari
1268 2378 1336 2418 sen-

210 2437 321 2500 tiebat:
352 2435 428 2498 hanc
456 2436 536 2496 enim
560 2448 661 2497 notam
689 2438 751 2498 eius
776 2436 928 2498 doctrinae
956 2435 1080 2496 inustam
1105 2456 1122 2495 a
1145 2433 1246 2494 scribis
1267 2435 1335 2494 inde

118 2527 120 2532 '
157 2567 162 2581 ,
210 2525 347 2652 apparet,
380 2511 461 2595 quod
486 2511 583 2576 statim
606 2515 639 2574 in
665 2511 672 2526 '
695 2534 743 2574 sos
767 2511 923 2578 invehitur.
960 2513 1028 2574 Hoc
1052 2510 1162 2573 Christi
1185 2509 1334 2572 consilium

211 2613 254 2652 no
278 2594 301 2652 is
320 2591 481 2651 tenendum
494 2601 557 2666 est,
577 2589 658 2670 quod
688 2590 796 2650 :idaeos
814 2590 855 2649 ita
873 2589 976 2650 invitat
995 2598 1025 2648 et
1045 2587 1177 2650 bortatur
1195 2587 1230 2647 ad
1248 2589 1335 2648 susci·
1397 2629 1398 2654 ι

209 2668 354 2760 piendum
373 2665 580 2756 Evangelium,
599 2677 748 2727 attamen
769 2667 896 2726 retineat
919 2666 950 2725 in
968 2664 1055 2746 Legis
1079 2663 1260 2725 ohedientia:
1285 2665 1335 2723 de-

207 2745 282 2804 rude
302 2741 382 2822 quod
400 2740 521 2823 indigna
539 2741 650 2821 probra
670 2753 701 2802 et
719 2740 875 2802 calumnias
894 2740 1012 2802 fortiter
1029 2739 1147 2816 refellit,
1162 2739 1265 2821 quibus
1285 2762 1335 2802 co·

211 2819 276 2878 nati
295 2828 379 2878 erant
397 2815 497 2876 hostes
515 2817 655 2877 infamem
674 2817 725 2890 vel
740 2839 786 2877 sus
810 2829 903 2878 ectam
923 2820 984 2880 eius
1003 2817 1251 2900 praedicationem
1268 2819 1336 2877 red-

212 2893 293 2953 dere.
331 2893 406 2954 Nam
426 2893 451 2953 si
469 2912 516 2954 res
532 2893 681 2973 dissipatas
696 2891 727 2951 in
739 2839 841 2954 melius
857 2894 1012 2956 restituere
1024 2895 1134 2955 animus
1153 2905 1206 2970 est,
1224 2913 1283 2955 sem
1307 2915 1338 2954 er

211 2968 379 3032 adhibenda
399 2981 444 3030 est
462 2968 533 3031 haec
552 2969 709 3049 prudentia
729 2981 759 3030 et
783 2969 966 3048 moderatio,
990 2983 1024 3032 ut
1041 2981 1180 3054 agnoscat
1198 2917 1338 3063 popubhs,

211 3065 276 3108 non
296 3045 424 3108 convelli
442 3058 600 3126 propterea
619 3056 771 3106 aeternum
789 3045 849 3108 Dei
868 3047 1006 3124 verbnm,
1031 3067 1087 3108 nec
1112 3049 1206 3130 ingen
1225 3049 1337 3109 novita-

210 3133 274 3184 tem
294 3141 369 3257 gnae
389 3123 559 3202 scripturae
586 3121 724 3204 deroget,
751 3143 789 3183 ne
813 3145 869 3206 qua
894 3125 1104 3208 repugnantiae
1126 3124 1252 3204 suspicio
1270 3126 1338 3204 pio-

211 3219 280 3259 rum
321 3198 387 3258 dem
406 3198 578 3275 labefactet,
603 3219 636 3259 ac
662 3219 701 3258 ne
724 3199 903 3263 insolescant
925 3202 1074 3264 temerarii
1098 3200 1230 3264 homines
1252 3203 1336 3263 novi·
1395 3249 1396 3258 ,

135 3300 139 3311 ’
195 3275 281 3336 *tatis
301 3287 465 3356 praetextu:
492 3275 620 3354 denique
639 3287 673 3334 ut
695 3277 823 3356 profano
842 3277 1003 3340 verbi'Dei
1021 3277 1203 3359 contemptui
1222 3276 1336 3338 obviam

213 3362 313 3424 eatur,
344 3371 442 3431 neque
471 3352 548 3432 apud
578 3351 716 3414 indoctos
743 3354 864 3415 vilescat
894 3354 1011 3438 religio.
1067 3353 1210 3416 Defensio
1241 3365 1336 3414 autem

215 3426 337 3501 Christi,
358 3448 415 3508 qua
434 3428 599 3488 doctrinam
616 3451 695 3490 suam
715 3443 838 3513 purgat,
858 3432 987 3492 animare
1004 3451 1060 3492 nos
1079 3429 1187 3504 dehet,
1205 3431 1231 3491 si
1251 3430 1337 3490 hodie
1394 3467 1395 3474 ι

212 3503 258 3564 his
278 3515 415 3641 patemus
441 3503 601 3567 calumniis.
641 3505 800 3568 Obiectum
826 3509 913 3568 etiam
932 3506 1025 3569 Paulo
1046 3505 1102 3566 luit
1119 3507 1196 3568 istud
1217 3507 1335 3583 crimen,
1394 3554 1395 3573 ,

167 3603 169 3610 ’
213 3600 275 3674 qno
311 3591 448 3661 apostata
467 3593 544 3642 esset
560 3603 577 3643 a
594 3581 675 3666 Lege
691 3583 749 3643 Dei
767 3583 848 3663 (Act.
864 3592 914 3660 21,
930 3584 1006 3661 21.):
1026 3601 1115 3663 quare
1129 3581 1207 3652 ,nihil
1225 3583 1339 3657 mirum,

213 3681 239 3720 sn
263 3679 297 3718 ex
321 3656 426 3717 eodem
451 3656 593 3741 figmento
616 3659 755 3720 invidiam
779 3661 867 3723 nobis
899 3661 1028 3722 eonllare
1054 3659 1174 3720 student
1196 3661 1337 3752 Papistae.

213 3735 304 3795 Exem
326 3732 357 3794 lo
377 3743 474 3793 autem
496 3733 606 3796 Christi
625 3735 696 3798 falsa
715 3737 837 3797 crimina
857 3737 969 3798 diluere
986 3736 1140 3797 convenit:
1159 3738 1275 3796 interam
1294 3749 1338 3797 ta-

213 3831 283 3872 men
303 3755 396 3872 bberc
436 3809 582 3872 cofitenda
601 3825 646 3874 est
662 3813 780 3890 veritas,
799 3816 926 3894 quamvis
945 3812 1209 3874 obtrectationibus
1228 3813 1339 3874 iniustis

214 3888 353 3949 obnoxia.
424 3908 463 3946 on
480 3893 544 3947 nent
566 3903 598 3948 ut
621 3888 776 3969 destnmns.
824 3890 980 3952 Pollicitus
998 3889 1115 3970 quidem
1135 3891 1230 3950 luerat
1258 3889 1339 3951 Deus

214 3983 325 4026 novum
344 3962 449 4026 foedus
470 3964 581 4026 Christi
600 3967 744 4045 adventu,
768 3967 820 4030 sed
839 3968 924 4028 simul
948 3965 1131 4043 ostenderat,
1155 3967 1275 4028 minime
1295 3967 1339 4027 di-

214 4057 330 4101 vereum
350 4039 417 4100 fore
441 4062 459 4101 a
479 4043 592 4122 primo,
623 4045 694 4123 quin
722 4043 823 4125 potius
846 4043 926 4105 hunc
950 4062 1012 4105 esse
1035 4041 1140 4121 finem,
1167 4056 1202 4104 ut
1227 4043 1341 4118 foedus,

216 4118 298 4194 quod
316 4116 354 4176 nb
374 4117 460 4179 initio
480 4124 632 4202 pepigerat
651 4143 717 4182 cum
738 4121 806 4196 suis,
825 4121 1050 4202 inperpetuum
1069 4121 1204 4182 sanciret.
1231 4120 1342 4181 Inseri-

216 4189 301 4268 ham,
320 4194 431 4274 inquit,
453 4195 548 4279 Leges
567 4217 644 4257 meas
664 4198 694 4258 in
715 4200 805 4259 corda
823 4200 971 4278 ipsorum,
997 4208 1028 4256 et
1045 4209 1166 4276 peccata
1186 4196 1341 4257 obliviscar

216 4265 337 4340 (ierem.
356 4277 411 4345 31,
429 4278 503 4353 33·):
531 4273 575 4336 his
597 4273 695 4336 verbis
718 4274 793 4335 adeo
818 4295 879 4334 non
900 4273 1023 4334 discedit
1048 4293 1065 4332 a
1077 4272 1183 4412 fpriori
1207 4272 1341 4350 loedere,

1090 4371 1108 4413 o

184 4371 190 4392 ι
218 4342 251 4398 u't
269 4345 367 4420 potius
387 4348 553 4430 denuntiet,
572 4349 676 4418 stabile
687 4351 804 4414 demum
818 4351 890 4412 illud
910 4371 944 4412 ac
963 4359 1057 4410 ratum
1110 4369 1154 4428 re,
1167 4347 1339 4416 uhinovum
1391 4399 1392 4430 ,
