2816 4746
474 219 777 326 ‘amiensem
859 276 861 280 .
1165 241 1227 313 ‘rs
1316 189 1320 197 ¹

112 391 166 466 ica,
185 387 360 468 hispanica,
378 384 429 448 sed
455 384 542 448 alam
567 383 705 447 hebraice
727 383 764 449 ab
782 385 964 450 Immanuele
989 387 1152 452 Tremellio
1170 389 1227 452 In-

89 410 169 532 daeo
191 465 379 539 Christiano,
403 475 434 524 et
452 482 558 545 graece
583 462 618 523 ab
640 462 774 524 ilenrico
794 464 944 544 Stephano
969 464 1085 548 legatur
1103 466 1227 550 elegan-

91 543 206 607 tissime
229 561 393 601 conversus.
432 539 494 616 Qui
518 538 657 619 deinceps
683 538 795 599 suerint
817 541 906 620 ipsius
929 542 1071 604 ordinarii
1094 541 1227 622 labores,

93 643 137 682 ex
150 641 186 680 re
199 620 263 699 ipsa
282 617 430 678 diiudicari
449 627 556 697 potest
574 615 705 676 Alternis
724 614 956 677 bebdomadibus
970 621 1043 680 totis
1062 622 1226 684 conciona-

91 698 203 771 batur,
234 695 329 754 triduo
355 715 425 756 vero
451 693 591 756 docebat:
622 691 744 773 singulis
774 691 877 752 diebus
908 693 986 754 lovis
1019 697 1224 776 coguitionem

90 771 277 853 Presbyterii
300 769 437 854 regebat,
462 770 564 848 diebus
585 769 708 830 Veneris
732 769 764 828 in
789 768 939 829 communi
963 769 1120 844 collatione
1140 774 1225 835 Scri-

117 865 218 924 tnrae,
238 869 320 927 quam
348 847 618 928 Congregationem
643 866 795 920 vocamus,
819 847 923 906 iustam
943 865 1036 925 paene
1064 848 1224 912 lectionem

92 875 237 988 babebat:
268 925 362 984 varios
386 944 485 984 sacros
510 921 601 983 libros
621 921 794 984 doctissimis
814 922 1032 982 commentariis
1051 923 1225 1004 illustrabat,

95 1003 187 1064 modo
207 1000 355 1083 religionis
375 999 508 1060 hostibus
532 997 744 1080 respondebat,
768 998 857 1060 mode
882 997 1052 1074 necessariis
1077 999 1113 1060 de
1135 1003 1226 1065 rebus

93 1080 282 1158 undiquaque
301 1075 463 1138 scribebat:
489 1095 563 1157 quae
583 1075 711 1156 quisquis
730 1087 844 1136 attente
862 1074 986 1156 legerit,
1006 1073 1160 1137 mirabitur
1176 1090 1227 1140 tot

90 1157 240 1238 tantisque
261 1150 412 1214 laboribus
436 1152 554 1213 unicum
580 1151 790 1212 homunculum
815 1151 950 1212 sulficere
970 1152 1127 1232 potuisse.¹
1149 1153 1226 1214 Ute-

91 1233 181 1293 batur
200 1245 298 1292 autem
317 1231 473 1310 plurimum
486 1226 602 1289 Farello
623 1238 653 1287 et
662 1229 781 1302 ¹Vireto,
800 1227 907 1309 quibus
925 1240 1025 1288 tamen
1044 1229 1109 1309 ipse
1129 1229 1229 1292 multo

92 1309 160 1404 plus
181 1308 363 1368 conferebat
402 1305 463 1366 Sed
484 1325 586 1365 eorum
606 1304 731 1364 amicitia
759 1316 789 1364 ct
808 1305 1021 1366 coniunctione
1046 1327 1109 1367 non
1127 1307 1228 1370 minus

93 1383 240 1466 improbis
259 1384 350 1446 invisa
370 1405 457 1463 quarn
476 1381 530 1460 piis
543 1379 677 1442 nmuibus
690 1381 815 1442 iucunda
826 1381 1000 1442 mirabiliter
1015 1381 1227 1446 delectabatur.

92 1464 135 1522 Et
152 1465 222 1522 sane
241 1460 478 1522 iucundissimum
489 1469 552 1518 erat
570 1457 776 1537 spectaculum,
793 1469 854 1518 tres
873 1458 944 1518 istos
963 1469 1060 1522 tantos
1076 1459 1108 1520 in
1119 1458 1228 1522 Eccle-

94 1541 139 1600 sia
157 1537 217 1598 Dei
235 1537 314 1600 viros
337 1557 430 1616 usque
453 1535 527 1596 adeo
552 1533 584 1593 in
611 1553 701 1614 opere
727 1533 826 1594 divino
850 1535 1083 1610 consentientes,
1112 1557 1228 1617 eosque

67 1615 219 1677 ‘diversis
239 1613 323 1676 donis
342 1613 482 1676 lloreutes
502 1629 624 1680 cernere
644 1621 674 1672 et
693 1610 802 1672 audire.
830 1609 999 1671 Excellebat
1017 1612 1141 1692 quadam
1161 1613 1229 1674 ani-

94 1693 138 1752 mi
161 1691 363 1773 magnitudine
382 1688 529 1766 Farellns,
560 1688 640 1748 cuius
663 1687 710 1748 rel
737 1687 837 1750 andire
856 1687 1122 1768 absquetremore
1145 1691 1227 1752 toni-

93 1781 178 1842 trua,
208 1767 255 1830 vel
279 1767 490 1828 ardentissimas
518 1785 620 1848 preces
645 1765 725 1846 perci
748 1785 797 1824 ere
826 1783 915 1838 nemo
941 1777 1059 1903 posset,
1089 1765 1160 1846 quin
1191 1767 1227 1828 in

92 1847 190 1926 ipsum
231 1865 305 1906 aene
323 1844 438 1905 coelum
456 1843 676 1904 subveheretur.
744 1843 833 1904 iretns
852 1841 939 1902 iacun
960 1842 1005 1903 iae
1025 1847 1163 1905 suavitate
1183 1843 1227 1905 sic

93 1865 273 1996 excellebat,
296 1933 330 1982 ut
349 1921 496 1982 auditores
516 1919 551 1980 ab
573 1919 663 2000 ipsius
683 1939 737 1981 ore
757 1919 920 1982 necessario
938 1921 1113 2014 penderent
1154 1919 1226 1982 Cal-

92 1999 274 2078 vinus‘quot
292 1997 416 2058 sonabat
434 1995 533 2071 verba,
552 2008 599 2057 tot
618 1996 789 2078 grarhsimis
806 1999 960 2062 sententies
979 1999 1120 2059 auditoris
1140 2017 1226 2058 men-

91 2089 155 2137 tem
176 2075 324 2155 explebat,
336 2086 376 2134 ut
393 2093 481 2154 saepe
499 2073 570 2134 mibi
589 2073 620 2132 in
630 2086 760 2134 mentem
770 2075 894 2150 venerit,
927 2075 1069 2142 erfectnm
1080 2074 1226 2156 quodam-

92 2152 186 2214 modo
211 2151 305 2211 videri
328 2167 413 2231 posse
437 2162 598 2229 pastorem,
629 2151 679 2230 qui
706 2171 739 2210 ex
763 2150 857 2211 tribus
888 2095 944 2212 illis
971 2159 1046 2212 esset
1070 2153 1225 2213 conflatus.

92 2231 139 2290 Ut
157 2230 193 2289 ad
207 2227 361 2289 Calvinum
372 2227 503 2302 redeam,
519 2247 581 2286 non
601 2226 644 2286 his
664 2227 753 2288 modo
774 2229 861 2302 curis,
880 2229 931 2288 sed
951 2229 1116 2290 domesticis
1136 2229 1227 2288 etiam

92 2307 279 2384 externisque
299 2304 360 2364 aliis
380 2302 476 2363 multis
496 2302 694 2363 exercebatur.
734 2303 784 2364 Sic
805 2304 882 2363 enim
900 2305 1046 2366 Dominus
1067 2299 1228 2364 benedice-

91 2381 146 2442 bat
167 2379 428 2454 ciusministerio,
453 2390 487 2437 ut
505 2400 539 2438 ex
559 2378 697 2440 omnihus
717 2379 796 2439 orbis
817 2379 974 2440 Christiani
992 2380 1141 2460 partibus,
1158 2400 1233 2459 par-r

94 2460 154 2518 tim
179 2457 241 2516 eins
266 2455 419 2515 consilinm
445 2453 476 2512 in
507 2475 592 2513 causa
616 2453 669 2513 reli
691 2453 766 2513 ionis
799 2453 1027 2536 efflagitaretur,
1056 2456 1161 2535 partim
1190 2454 1228 2516 ad

92 2553 165 2596 eum
186 2529 363 2592 audiendum
382 2538 624 2600 concurreretur,
648 2473 722 2587 adeo
743 2539 776 2586 ut
795 2527 935 2604 italicam,
954 2531 1111 2612 anglicam,
1131 2523 1234 2612 bispa-'2

92 2611 191 2670 nicam
218 2606 346 2684 denique
367 2602 518 2664 ecclesiam
540 2600 680 2664 Genevae
698 2603 870 2679 viderimus,
894 2627 932 2666 ne
955 2627 992 2666 ue
1006 2615 1058 2668 'tot
1077 2607 1228 2688 capiendis

92 2684 260 2764 hospitibus
280 2683 417 2744 sufficere
436 2700 599 2760 possenna
619 2681 718 2742 civitas
729 2681 894 2742 uideretur.
964 2685 1024 2744 omi
1043 2705 1114 2746 uero
1135 2686 1229 2748 etsie

94 2761 182 2822 bonis
209 2759 380 2834 colebatur,
408 2757 443 2818 ab
468 2755 611 2838 improbis
635 2757 838 2832 metuebatur,
869 2772 900 2819 et
928 2761 1039 2842 optime
1069 2782 1115 2823 res
1141 2763 1227 2824 erant

93 2839 283 2911 constitutae,
302 2857 364 2908 non
385 2835 507 2894 deerant
525 2845 623 2894 tamen
645 2835 695 2917 qni
714 2847 832 2896 strenue
845 2835 928 2896 illum
944 2849 1129 2900 exercerent:
1170 2858 1227 2900 uae

93 2914 254 2997 certamina
285 2911 433 2996 sigillatim
465 2910 688 2992 explicabimus,
721 2923 755 2972 ut
785 2911 911 2974 habeant
935 2915 1047 2995 posteri
1077 2861 1232 2997 singeilare.

93 2989 279 3052 fortitudinis
300 2989 477 3069 exemplum,
495 2988 583 3068 ,quod
607 3011 663 3070 pro
688 2989 799 3050 viribus
818 2990 982 3051 imitentur.
1006 2992 1117 3073 ¹Igitur
1136 3005 1170 3052 nt
1188 2991 1227 3053 ad

90 3068 242 3128 historiam
263 3066 429 3141 redeamus,
447 3065 620 3144 simulatque
640 3065 671 3126 in
691 3065 794 3125 urbem
813 3067 911 3138 rediit,
929 3087 1044 3128 memor
1061 3067 1137 3128 illius
1157 3088 1228 3128 sen-

91 3145 220 3218 tentiae,
253 3142 450 3222 quaerendum
477 3162 538 3204 esse
558 3143 683 3221 primum
709 3143 937 3223 regnum'Dei,
953 3156 985 3203 ut
1005 3158 1118 3206 caetera
1138 3144 1227 3206 nobis

93 3221 282 3296 adlicientur,
305 3217 378 3278 nihil
404 3217 506 3278 habuit
529 3219 691 3298 antiquius,
715 3240 802 3298 qnam
821 3231 855 3278 ut
875 3221 1087 3281 ecclesiasticae
1105 3221 1228 3314 politiae
1298 3248 1301 3256 ι
1325 3267 1329 3278 .

92 3297 174 3380 leges
199 3295 291 3358 verbo
311 3295 370 3354 Dei
397 3307 610 3356 consentaneae
636 3316 669 3354 ex
690 3297 814 3356 Senatus
835 3317 979 3357 consensu
1005 3298 1227 3377 perscriberen-

92 3387 157 3434 tur:
187 3393 203 3434 a
223 3372 327 3454 quibus
347 3383 451 3450 postea
471 3371 631 3448 discedere,
652 3391 748 3464 neque
768 3372 906 3433 ministris
926 3372 1011 3453 ipsis,
1034 3387 1138 3454 neque
1153 3373 1227 3436 civi-

91 3450 146 3510 bus
167 3449 278 3510 liceret.
315 3447 351 3507 Id
370 3468 441 3508 vero
461 3446 735 3522 nonnullissensrm
755 3469 790 3508 ex
806 3447 895 3530 uulgo
915 3463 1003 3529 atque
1029 3471 1064 3512 ex
1081 3451 1228 3531 primariis

94 3523 216 3601 civibus,
234 3519 286 3604 qui
304 3525 414 3605 Papam
434 3524 551 3604 quidem
572 3536 721 3600 exuerant,
741 3523 890 3586 Christum
909 3547 980 3588 uero
1000 3529 1227 3588 nominetenus

93 3602 268 3674 induerant,
297 3602 431 3663 odiosum
457 3601 521 3670 fuit.
565 3601 708 3662 Nonnulli
735 3621 855 3681 quoque
880 3622 914 3662 er
938 3603 971 3664 iis
994 3605 1149 3680 ministris,
1175 3603 1248 3692 qui*

95 3665 264 3738 bonishllis
290 3677 390 3738 eiectis
419 3676 451 3738 in
483 3677 557 3744 urbe
586 3690 752 3737 manserant
776 3679 913 3754 (quorum
945 3692 1042 3740 tamen
1073 3679 1226 3762 praecipui
1271 3692 1273 3700 '

93 3755 384 3836 posteallagitiorum
406 3754 448 3814 rei
467 3755 594 3834 turpiter
613 3753 770 3814 stationem
790 3757 1005 3835 deseruerant),
1018 3759 1072 3818 etsi
1088 3757 1225 3818 testimo-

95 3832 146 3892 nio
167 3831 366 3894 conscientiae
386 3830 513 3892 convicti
533 3850 699 3910 repugnare
719 3852 780 3890 non
800 3831 963 3909 audebant,
991 3833 1153 3896 clanculum
1178 3841 1226 3892 ta-

96 3928 163 3968 men
183 3907 381 3982 obsistebant,
405 3928 495 3988 seque
519 3907 549 3968 in
576 3909 710 3966 ordinem
738 3909 807 3990 cogi
832 3930 892 3969 non
921 3911 1006 3972 lacile
1029 3906 1227 3991 patiebantur.

95 3983 199 4064 Neque
220 4005 292 4046 vero
313 3985 428 4058 deerat,
455 3983 534 4063 quod
553 3983 621 4044 huic
646 4005 714 4044 suae
733 3984 914 4076 improbitati
932 3993 1137 4067 praetexerent
1155 3981 1226 4045 alia·
1329 4013 1338 4032 ·

96 4083 159 4120 rum
179 4061 321 4122 videlicet
346 4061 531 4121 ecclesiarum
557 4061 736 4142 exemplum,
769 4084 799 4120 ιιι
825 4062 929 4141 quibus
955 4063 1050 4122 nullus
1076 4070 1152 4118 essct
1176 4079 1247 4124 exn

95 4137 354 4200 communicationi
378 4136 470 4197 locus.
495 4136 577 4196 ¹Non
599 4138 721 4198 deerant
744 4138 888 4218 deniqne,
913 4137 964 4217 qni
982 4135 1155 4216 Papisticam
1175 4149 1225 4218 ty-

94 4214 245 4275 rannidem
265 4215 307 4276 sic
326 4213 458 4275 revocari
479 4211 669 4278 clamitarent.
708 4214 769 4274 Sed
789 4214 838 4274 bas
863 4212 1047 4272 difficultates
1065 4211 1133 4274 sicit
1153 4213 1224 4276 Cal-

94 4291 151 4351 vini
171 4291 336 4352 constantia
356 4311 420 4352 cum
441 4290 495 4350 insi
519 4290 547 4352 n'i
567 4291 771 4350 moderatione
796 4290 969 4350 coniuncta:
998 4289 1049 4370 qui
1074 4311 1163 4370 quum
1189 4311 1223 4350 ex

93 4367 179 4430 eacus
203 4367 297 4430 literis
324 4387 385 4430 uon
409 4309 516 4447 doctri
529 4387 562 4430 ae
588 4365 698 4441 modo,
722 4383 824 4428 rerum
851 4364 938 4424 etiam
962 4365 1222 4436 administrationis
