2786 4742
423 284 485 363 (82
506 269 588 352 Grex
607 283 871 370 Gergesenorum.)
1101 250 1107 258 ι
1159 241 1218 351 229

81 439 171 509 atque
182 413 221 490 ita
234 425 375 564 impletur
385 425 457 487 illud
466 427 566 504 esee,
575 435 632 505 10,
641 429 805 514 Componit
815 431 891 494 bella
900 403 992 513 usque
1003 431 1039 492 ad
1050 433 1226 492 extremum*

81 517 388 647 serrappcoplmm
405 603 471 654 pero
489 579 717 643 neutrumne.
760 586 827 646 Hoc
846 584 996 664 Apostolus
1014 585 1147 644 tribuere
1166 583 1212 644 vi-

82 657 191 718 dentur
209 659 324 720 Marcus
344 671 374 718 et
396 658 498 719 Lucas.
539 658 699 740 Postquam
725 662 804 722 enim
829 661 964 721 dixerunt
983 681 999 720 a
1018 659 1137 721 Christo
1163 679 1222 732 re-,

44 809 51 823 .
81 735 258 868 ppehensos,
282 733 457 810 subiiciunt,
481 757 548 794 cum
573 737 681 796 timore
707 738 894 812 exclamasse,
927 736 1067 818 Quicum
1085 751 1125 795 est
1142 733 1212 796 bic?

287 505 376 585 rin'git
395 525 504 580 arcum,
524 504 680 567 detruncat
697 507 825 586 hastam,
846 531 946 570 currus
965 511 1035 602 igne
1054 507 1213 569 comburit.

113 831 149 872 oc
172 822 270 875 tamen
296 813 326 871 in
350 811 421 872 alios
441 812 531 894 magis
556 813 846 894 competit„quibus
877 813 1009 874 nondum
1038 812 1210 873 innotuerat
1240 823 1253 848 t

83 885 226 949 Christus.
275 885 426 949 Utrumvis
450 900 548 949 tamen
574 911 748 969 sequamur,
784 891 832 951 hic
857 891 916 951 iam
939 887 1073 949 miraculi
1098 887 1210 949 tructus

81 965 222 1046 emergit,
242 985 332 1044 quum
351 965 517 1026 celebratur
538 963 651 1026 Christi
669 967 771 1049 gloria.
811 967 843 1028 si
863 967 925 1048 quis
944 964 1107 1046 Apostolos
1126 963 1216 1044 loqui

102 1052 175 1116 utet,
194 1060 294 1102 sensus
313 1040 471 1102 verborum
492 1040 558 1117 erit,
579 1041 705 1104 divinam
727 1045 788 1106 eius
830 1043 971 1104 ocentiam
993 1061 1029 1102 eo
1050 1039 1117 1100 satis
1136 1059 1210 1120 pro-

79 1059 156 1192 bari,
176 1118 255 1198 quod
275 1118 318 1179 illi
338 1117 480 1179 obediant
497 1129 603 1180 ventus
624 1131 654 1180 et
672 1141 762 1182 mare.
801 1066 830 1196 ὃ

79 1206 187 1274 quutos
207 1214 270 1258 esse
295 1196 388 1277 magis
434 1193 569 1255 robabile
594 1206 652 1271 est,
672 1193 722 1258 ¹hia
744 1197 840 1260 verbis
867 1197 976 1258 docent
995 1191 1211 1275 Evangelistae,

78 1270 222 1332 miraculo
243 1272 394 1352 perculsos
407 1215 496 1332 lirisse
509 1289 612 1331 eorum
632 1273 756 1354 animos,
774 1272 980 1336 utreverentia
994 1269 1106 1334 Christi
1116 1280 1209 1350 quae-
1227 1345 1233 1352 ι

3 1371 4 1434 p
80 1347 146 1408 dam
166 1359 243 1410 esset
262 1348 298 1409 ad
318 1348 406 1408 fidem
426 1348 620 1428 praeparatio.
1016 1387 1024 1396 s

205 1463 208 1476 l

3 1453 27 1532 }'
120 1477 224 1557 (82),
247 1474 420 1542 MATTH.
439 1474 527 1566 Vlll.
573 1477 623 1542 28.
651 1459 812 1565 Etsquum
837 1482 979 1547 venisset
1006 1475 1049 1544 ad
1074 1467 1216 1542 ullenho-¹
1312 1480 1315 1486 '
1357 1552 1362 1565 .

77 1597 148 1642 rem
169 1579 272 1663 ripam
287 1565 333 1643 ¹iu
359 1578 526 1664 regionem
548 1575 828 1662 Gergesenqrum,
853 1587 1063 1646 occurrerunt
1088 1579 1120 1643 ei
1140 1574 1219 1641 duo
1313 1564 1316 1573 ’

2 1666 6 1689 ²
79 1676 281 1743 daemoniaci
303 1699 321 1744 e
347 1673 562 1744 monumentis
590 1681 724 1765 egressi:
747 1691 839 1746 erant
860 1692 965 1747 antem
991 1680 1081 1746 saevi
1108 1697 1208 1762 supra

3 1819 6 1842 2.
57 1775 221 1856 'modum
243 1755 328 1845 adeo
350 1788 386 1843 ut
410 1799 508 1846 nemo
529 1792 641 1865 posset
663 1785 800 1847 transire
822 1785 986 1868 perviam
1012 1780 1110 1846 illam.
1154 1777 1206 1842 29.

75 1877 121 1944 Et
146 1899 223 1944 ecoe
248 1877 529 1977 vociferabantur,
565 1878 726 1960 dicentes,
762 1881 855 1970 Quid
885 1882 982 1953 nubis
1014 1891 1123 1948 tecum
1151 1885 1208 1954 est,

75 1979 160 2059 lesu,
179 1976 245 2045 Fili
264 1980 350 2045 Dei?
370 1983 487 2047 venisti
508 1980 574 2047 huc
592 1994 666 2050 aute
685 1995 811 2072 tempus
825 1984 867 2051 ad
888 1983 1106 2073 torquendum
1126 1981 1209 2046 nos?

73 2081 128 2146 30.
158 2079 239 2146 Erat
274 2091 380 2150 autem
412 2082 530 2168 procul
565 2082 607 2149 ab
635 2083 701 2149 illis
728 2106 804 2170 grex
832 2102 1007 2172 porcorum
1033 2082 1208 2170 multorum
1272 2165 1281 2178 ι

2 2225 4 2230 2
74 2201 221 2266 pascens.
274 2181 326 2248 31.
351 2182 540 2246 Daemones
566 2204 648 2247 vero
674 2182 834 2269 rogabant
862 2208 949 2265 eum,
982 2184 1145 2259 dicentes,
1171 2178 1208 2243 Si

3 2353 4 2356 Ἴ
76 2283 169 2347 eiicis
189 2303 265 2360 nos,
296 2283 444 2368 permitte
465 2280 577 2358 nobis,
598 2293 634 2348 ut
652 2283 867 2370 demigremus
886 2288 919 2349 in
941 2305 1068 2370 gregem
1089 2300 1208 2367 porco-

3 2377 4 2465 }
74 2405 158 2450 rum.
198 2383 252 2446 32·
277 2381 320 2446 Et
347 2383 392 2446 ait
415 2380 495 2460 illis,
520 2368 627 2447 Abite.
668 2382 722 2456 Illi
744 2406 825 2450 vero
852 2385 974 2470 egressi
1001 2361 1151 2448 abierunt
1170 2379 1207 2442 in
1279 2407 1281 2414 ¹

67 2505 206 2570 ,gregem
232 2503 414 2569 porcorum.
459 2479 605 2546 Et⁸ecee
631 2482 799 2550 ferebatur
823 2494 910 2584 totus
931 2504 1008 2574 grer
1031 2497 1207 2567 porcorum
1246 2485 1268 2536 “.

4 2585 5 2616 ³
70 2606 138 2671 per
157 2603 316 2670 praeceps
332 2584 368 2648 in
389 2601 495 2659 mare,
517 2591 549 2648 et
568 2587 737 2670 perierunt
756 2589 791 2652 in
812 2587 915 2672 aquis.
953 2583 1004 2648 33.
1024 2581 1130 2646 Porro
1148 2577 1206 2662 qui

4 2687 5 2694 ’
53 2683 265 2774 pascebant,
285 2683 492 2773 aufugerunt:
514 2694 547 2750 et
568 2683 725 2751 abeuntes
746 2690 781 2753 iu
803 2689 979 2764 civitatem,
999 2680 1206 2748 renuntiave-

74 2795 153 2854 runt
169 2788 285 2866 omnia,
306 2795 338 2850 et
357 2783 435 2873 quid
457 2785 626 2852 accidisset
638 2784 865 2870 daemoniacis.
905 2787 960 2874 34.Ι
976 2785 1025 2850 Et
1040 2801 1117 2848 eooe
1135 2787 1206 2843 tota

4 2973 6 2980 Ι
76 2885 191 2956 civitas
213 2888 309 2952 crivit
328 2888 363 2951 in
385 2907 552 2954 occursum
572 2889 662 2954 Iesus
683 2898 715 2954 et
736 2912 835 2976 quum
854 2887 1012 2955 vidissent
1030 2878 1132 2962 illum,
1150 2900 1205 2948 ro-
1285 2921 1287 2925 ,

74 2998 200 3080 gerunt,
220 2997 256 3053 ut
274 2986 449 3054 decederet
468 3008 486 3053 e
507 2987 629 3066 linibus
650 2987 770 3058 eorum.
1090 2987 1096 3000 ”
1156 2969 1191 3014 ‘l
1251 3055 1253 3062 ,

142 3087 302 3160 ,Manu
320 3091 362 3154 V.
404 3089 435 3158 1.
458 3089 501 3154 Et
520 3100 681 3156 venerunt
706 3094 843 3156 traiecto
869 3091 950 3156 mari
976 3091 1012 3155 in
1037 3085 1204 3170 regionem

4 3201 6 3232 r
75 3174 348 3259 Gadarenornm.⁸
379 3173 479 3256 ΠΛ
504 3190 555 3255 illi
580 3213 599 3257 e
624 3195 701 3257 navi
725 3211 873 3280 regresso
899 3194 1005 3257 statim
1025 3181 1205 3255 oc'ourrite
1293 3260 1295 3263 Ι

4 3277 6 3372 ᾗ
74 3293 293 3360 monumentis
313 3289 411 3356 horno
433 3289 583 3357 detentus
610 3296 763 3379 aspiritu
783 3293 964 3372 immundo,
1004 3290 1036 3358 3.
1056 3287 1124 3374 Qui
1146 3283 1206 3350 do·

4 3377 6 3458 2
74 3393 228 3482 micilium
251 3389 394 3456 habebat
418 3393 455 3456 in
482 3397 711 3472 monumentis,
739 3404 771 3459 et
795 3409 904 3485 neque
931 3393 1206 3476 catenisrpoterat

75 3495 247 3585 quisquam
268 3515 342 3558 eum
362 3481 494 3578 ligares'
518 3492 549 3557 4.
572 3493 748 3579 Propterea
760 3495 863 3582 quod,
879 3481 976 3583 quum
998 3512 1099 3581 saepew
1119 3507 1205 3552 tom·

74 3596 218 3685 pedibus
240 3603 272 3660 et
299 3596 421 3660 catenis
440 3593 716 3689 rinctusluisset,
744 3594 924 3683 discerptae
945 3595 1076 3662 fuerant
1097 3587 1138 3655 ab
1161 3607 1204 3652 eo

77 3709 229 3776 catenae,
256 3706 289 3760 et
310 3693 484 3781 compedes
510 3693 639 3760 fuerant
660 3699 886 3777 comminutae,
912 3707 949 3762 ut
975 3715 1072 3762 nemo
1093 3695 1206 3778 posset

78 3823 154 3868 eum
181 3798 322 3862 domare.
372 3797 402 3861 5.
429 3795 471 3862 Et
498 3817 625 3886 semper
650 3795 707 3880 die
734 3819 771 3862 ae
796 3807 893 3863 nocte
919 3800 953 3862 iu
980 3791 1144 3862 montibus
1173 3797 1207 3855 et

77 3901 297 3968 monumentis
317 3906 386 3963 erat
407 3893 562 3976 olamans,
592 3905 624 3962 et
650 3897 826 3966 cumidem
847 3921 882 3964 se
904 3901 1007 3985 ipsum
1029 3889 1203 3981 lapidibus.

79 4005 110 4070 6.
133 3995 242 4087 Qudm
262 3999 400 4070 vidisset
420 4009 526 4064 autom
547 3999 651 4062 losum
678 4002 816 4079 eminus,
840 4000 980 4064 cucurrit
1004 4006 1038 4062 et
1057 3991 1207 4059 adoravit

81 4125 170 4170 etune
212 4103 241 4167 7.
259 4101 302 4166 Et
322 4098 461 4166 clamans
489 4119 574 4164 voce
593 4086 722 4185 magna,
748 4100 842 4179 dixit,
866 4098 957 4185 Quid
983 4097 1043 4164 tibi
1072 4113 1207 4173 mecum,

79 4201 162 4278 Iesu,
181 4201 325 4268 FiliDei
346 4191 509 4267 altissimi?
531 4199 650 4265 adiuro
664 4211 696 4288 te
707 4223 769 4287 per
783 4202 900 4278 Deum,
920 4221 963 4265 ne
981 4219 1034 4265 me
1045 4208 1210 4284 torqueas.

5 4309 6 4324 *
80 4305 113 4367 8.
130 4301 270 4366 Dicebat
288 4305 372 4368 euim
394 4301 455 4378 illi,
475 4302 543 4379 Exi,
564 4304 693 4387 spiritus
713 4300 877 4368 immunde
897 4299 939 4366 ab
960 4301 1100 4367 bomine.
1125 4300 1156 4366 9.
1165 4297 1208 4362 Et

83 4402 303 4490 interrogabat
329 4425 418 4486 eum,
437 4404 540 4496 Quod
560 4401 620 4472 tibi
646 4407 787 4472 nomen?
827 4403 870 4502 Et
894 4401 1065 4495 respondit
1097 4399 1211 4469 dicens

833 1122 879 1182 uia
899 1132 995 1180 tamen
1009 1116 1081 1178 alios
1101 1113 1142 1176 sic
1162 1114 1209 1176 lo·
1325 1153 1327 1158 ·
