2786 4742
6 265 8 290 ι
382 209 445 286 (74.
464 203 642 288 Paralyticns
659 217 692 289 et
712 205 857 288 scribae.)
1130 198 1194 278 207

6 311 8 354 Ι
59 348 209 431 quicquid
222 369 277 410 nos
297 369 313 408 a
332 357 415 410 recto
436 369 521 409 cursu
539 360 658 410 revocat
679 347 726 410 vel
743 361 877 412 moratur
895 351 967 414 nihll
985 348 1042 415 nisi
1058 364 1192 416 mortem

56 447 181 507 sapere:
206 427 265 487 acsi
288 425 418 500 diceret,
439 445 490 485 eos
515 425 735 488 demumsolos
754 428 866 503 vivere,
892 430 942 509 qui
963 452 1014 492 sua
1033 431 1129 494 studia
1157 445 1191 496 et
1306 441 1307 446 ’

6 553 7 562 ,
56 524 166 566 omues
185 504 261 564 vitae
280 514 377 582 partes
395 501 431 566 ad
449 501 508 563 Dei
532 502 705 583 obsequium
726 503 890 584 applicant,
921 525 971 567 cos
990 528 1060 578 vero
1077 509 1132 602 ¹qui
1157 511 1191 572 in

6 631 7 638 ,
35 580 173 641 ἰιιιιιιάο
205 577 374 655 subsidunt,
404 589 491 658 atque
520 591 554 638 ut
576 598 609 639 se
638 578 799 659 praebeant
829 578 994 642 homiuibus
1024 598 1190 668 morigeros

50 657 159 734 =Deum
178 667 382 738 praetereunt,
407 651 514 716 similes
534 675 596 716 esse
615 657 756 732 mortuis,
783 656 833 737 qui
847 677 883 717 ·se
901 657 1087 722 inhabenda'
1104 684 1190 725 mor-

6 787 8 808 ,
54 745 183 794 tuorum
201 755 269 794 cura
290 732 395 794 frustra
415 743 445 793 et
463 732 609 794 inutiliter
626 744 782 812 occupant.
911 769 914 781 ·
1188 771 1190 778 ι

6 809 8 878 ζ
138 810 275 875 Laetili.
317 807 355 868 V
349 806 404 871 ade
422 823 449 870 et
471 813 621 872 onnamta'o.
655 809 835 871 Matthaeus
860 820 974 870 tantum
997 809 1103 889 babet,
1131 817 1188 878 Se.

6 879 8 964 ζ
52 907 149 967 quere
171 907 232 946 me:
262 885 354 946 Lucas
378 905 449 946 vero
475 884 577 947 clarius
604 886 750 966 exprimit,
780 907 919 966 quorsum
945 885 1034 948 luerit
1056 904 1188 974 vocatus,

50 982 168 1044 nempe
188 975 221 1022 ut
239 961 389 1043 Evangelii
417 962 550 1022 minister
582 976 658 1024 esset
687 984 721 1024 ac
747 983 867 1101 praeco.
912 961 988 1022 Nam
1012 965 1036 1025 si
1060 968 1189 1045 privatae

46 1041 136 1114 vitae
157 1037 273 1099 relictus
294 1039 383 1113 locet,
401 1038 481 1098 nulla
500 1041 655 1100 necessitas
671 1060 745 1121 coge
768 1053 796 1102 at
853 1039 898 1100 tri·
911 1039 1021 1118 deesse,
1039 1043 1129 1104 modo
1149 1065 1190 1110 nc

6 1175 7 1196 ,
47 1120 84 1178 in
108 1116 198 1197 patris
218 1116 341 1198 gratiam
361 1110 397 1176 ah
417 1115 578 1198 Evangelio
599 1117 752 1178 deficeret:
771 1060 852 1178 ΜΓ
864 1115 910 1177 uia
928 1117 1082 1201 Evangelii
1100 1142 1190 1201 prae.
1204 1180 1239 1192 Η

6 1203 8 1212 ’
51 1193 166 1258 dicatio
187 1213 252 1252 eum
273 1191 353 1252 domi
372 1192 475 1252 sedere
494 1213 556 1253 uon
575 1193 700 1273 patitur,
718 1214 736 1254 a
755 1207 839 1274 patre
858 1217 867 1252 1
890 1215 954 1268 snm¹
973 1193 1107 1258 Christus
1125 1218 1190 1258 me·

53 1275 117 1333 rito
138 1267 245 1330 avellit.
284 1267 443 1329 Caeterum
463 1280 496 1328 ut
515 1270 587 1328 mira
607 1271 637 1328 in
658 1290 694 1328 eo
707 1282 835 1351 ,apparet
884 1271 966 1331 hristi
988 1271 1114 1348 bonitas,
1134 1275 1188 1355 qul

6 1421 7 1424 Ἰ
51 1347 208 1409 hominem
229 1343 322 1405 adhuc
341 1345 487 1405 infirmum
506 1355 565 1404 tam
584 1342 749 1406 honorifico
769 1357 890 1407 munere
903 1347 1051 1428 dignatur,
1069 1350 1111 1410 ita
1129 1368 1189 1412 no-
1248 1381 1254 1390 ’

6 1489 8 1496 ,
51 1439 121 1488 tare
136 1442 251 1502 operae
270 1422 397 1502 pretium
409 1433 462 1497 cst,
483 1421 591 1506 corrigi
604 1422 702 1483 vitium
716 1425 797 1502 quod
815 1423 909 1486 adhuc
927 1426 959 1486 in
979 1445 1016 1486 eo
1037 1423 1189 1506 haerebat,

6 1513 10 1572 ᾗ
52 1523 120 1564 ιιοιι
140 1497 323 1577 indulgentia
343 1495 448 1558 foveri.
1218 1559 1229 1572 ,

113 1576 206 1634 ·Luc.
221 1581 272 1638 et.
310 1573 353 1632 Et
370 1577 413 1634 nit
429 1574 515 1636 nlius.
554 1575 648 1635 Huius
671 1575 752 1636 tertii
778 1595 839 1635 non
859 1577 993 1638 meminit
1009 1577 1186 1642 Matthaeus.

7 1715 13 1732 ι
51 1656 192 1734 Apparet
210 1661 320 1728 autem,
341 1652 451 1712 mundo
473 1653 560 1713 fuisse
579 1655 669 1746 magis
689 1651 822 1728 affixum,
841 1673 927 1731 quam
951 1665 984 1714 ut
1002 1656 1038 1715 ad
1057 1675 1188 1737 sequen·
1237 1719 1256 1742 η

7 1737 14 1756 ’
51 1733 126 1792 dum
156 1726 304 1788 Christum
335 1728 448 1789 solutus
477 1741 507 1789 et
537 1749 569 1790 ex
593 1732 688 1790 editus
719 1727 807 1789 soret.
852 1729 893 1790 Se
918 1731 1036 1809 quidem
1063 1732 1185 1796 Christo
1220 1739 1243 1784 ὅ·

50 1803 299 1870 contubernalem
329 1804 436 1882 offert,
470 1805 522 1866 sed
551 1751 649 1867 addita
679 1806 866 1886 exceptione,
895 1828 985 1886 quum
1016 1809 1187 1872 valedixerit
1272 1835 1292 1874 ,ι

6 1897 8 1914 “
50 1881 224 1946 domesticis
244 1879 316 1940 suis:
341 1881 476 1958 bocest,
502 1905 590 1962 quum
610 1885 730 1966 negotia
752 1881 831 1942 domi
852 1885 1066 1964 composuerit,
1090 1888 1187 1949 'sicuti

6 1950 12 1989 ³
48 1961 152 2023 solent
162 1957 378 2038 quidiscessum
398 1965 509 2038 parant.
549 1961 630 2021 Haec
650 1980 734 2021 causa
754 1971 809 2033 est,
828 1983 887 2022 cun
899 1973 958 2020 tam
972 1961 1084 2023 duriter
1101 1964 1189 2025 illurn

6 2027 11 2066 ἴ
49 2038 179 2118 castiget
199 2034 345 2096 Christus:
369 2036 462 2102 verbo
483 2037 560 2098 enim
580 2037 745 2116 professus,
764 2056 800 2099 se
816 2036 882 2098 lose
903 2035 1012 2098 Christi
1032 2041 1185 2120 comitem,

7 2157 8 2162 κ
48 2128 170 2196 tergum
202 2110 245 2170 illi
275 2113 420 2189 vertebat,
448 2113 545 2174 donec
576 2114 761 2174 satisfecisset
788 2113 913 2174 terrenis
937 2116 1074 2196 negotiis.
1118 2117 1183 2182 Iam

8 2183 11 2192 ’
49 2213 143 2274 quum
164 2197 255 2269 ncget
274 2185 425 2261 Christus,
449 2181 533 2268 a‘ptos
558 2209 620 2250 esse
643 2209 738 2270 reguo
759 2187 823 2248 Dei
837 2190 980 2268 quipost
998 2203 1044 2252 ter
1085 2215 1115 2254 m
1132 2216 1185 2255 re-

6 2319 7 2324 ,
49 2268 200 2350 spiciunt,
233 2273 346 2324 attente
367 2264 564 2343 quaerendum
586 2276 644 2338 est,
670 2263 740 2343 quid
765 2262 823 2323 hoc
842 2264 899 2324 sibi
918 2265 997 2326 velit.
1065 2270 1185 2332 icuntur

6 2339 10 2375 l
50 2358 154 2406 autem
175 2362 196 2398 a
214 2353 294 2414 tergo
319 2343 475 2414 respicere,
508 2340 558 2418 qui
577 2340 679 2400 mundi
699 2341 777 2400 curis
795 2337 928 2418 impliciti
950 2362 984 2402 se
1002 2363 1019 2403 a
1039 2357 1119 2407 recta
1137 2349 1183 2410 via

47 2417 159 2482 abduci
180 2416 289 2485 sinunt,
308 2415 479 2494 praesertim
497 2436 568 2476 vero
612 2417 640 2475 ui
660 2436 692 2476 se
712 2415 888 2497 demergunt
905 2415 936 2476 in
957 2427 1110 2500 canusiae
1130 2442 1182 2485 eos

7 2569 9 2574 ¹
46 2497 179 2558 reddant
197 2490 314 2552 inutiles
333 2491 369 2552 ad
389 2492 571 2572 sequendum
590 2437 750 2554 bhristum.

7 2803 8 2836 ³
90 2789 176 2872 (74.)
219 2783 462 2850 MATTH.1x.
506 2783 533 2850 i.
564 2785 609 2854 Et.
636 2788 799 2872 ingressus
827 2787 934 2852 navim
965 2789 1106 2868 traiecit,
1142 2811 1182 2876 ag

7 2909 9 2976 ]
46 2892 137 2958 venit
159 2891 195 2954 in
215 2905 306 2950 suam
331 2888 499 2953 civitatem.
540 2888 570 2952 2.
593 2887 639 2954 Et
664 2905 742 2954 ecce
759 2889 963 2956 adduxerunt
982 2889 1031 2955 illi
1050 2890 1182 2980 paraly«

7 2977 9 3054 ζ
46 2996 145 3057 ticum
179 2991 215 3053 in
254 2985 340 3052 lecto
373 2987 628 3057 decumbentem.
671 2990 882 3078 Quumque·
907 2992 1042 3058 vidisset
1090 2995 1181 3061 l'esus

7 3111 9 3142 t
45 3092 147 3158 fidem
169 3087 311 3166 illorum,
333 3087 412 3155 dixit
430 3079 622 3176 paralytico,
644 3088 797 3172 Confido,
817 3092 877 3170 lili,
897 3096 1100 3160 remittuntur
1119 3093 1182 3164 tihi

7 3235 8 3240 κ
47 3203 181 3278 peccata
199 3203 264 3256 tua.
303 3190 334 3258 ³.
354 3191 397 3256 Et
415 3213 491 3256 ecce
512 3191 641 3278 quidam
664 3216 682 3258 e
701 3193 822 3258 Scribis
850 3193 1003 3276 dicebant
1028 3197 1113 3260 intra
1134 3217 1184 3278 se,

7 3339 8 3356 .
47 3296 109 3360 Ηὶο
128 3292 343 3379 blasphemat.
384 3292 476 3357 tEt
494 3315 592 3380 quum
607 3291 741 3358 vidisset
761 3289 851 3360 lesus
872 3297 1084 3382 cogitationes
1105 3297 1180 3364 illo-

7 3415 9 3438 *
47 3417 132 3474 rum,
160 3393 256 3473 dixit,
284 3392 398 3480 Quare
424 3413 484 3464 yos
511 3395 658 3480 cogitatis
686 3394 772 3460 mala
798 3399 832 3460 in
864 3394 1180 3465 cordibustvestris?
1287 3413 1292 3448 ¹

47 3495 77 3560 5.
96 3497 213 3561 Utrum
238 3496 323 3560 enim
345 3503 393 3560 est
414 3491 555 3573 facilius,
577 3493 701 3573 dicere,
728 3479 947 3562 Remittentur
966 3497 1027 3563 tibi
1045 3510 1205 3586 peccata·

48 3605 114 3660 tua:
136 3619 179 3662 an
201 3597 321 3670 dicere,
342 3595 454 3681 Surge,
474 3605 506 3661 et
525 3594 674 3663 ambula?
711 3598 740 3662 6.
763 3598 813 3662 Ut
830 3609 936 3663 autem
951 3603 1066 3678 sciatis,
1087 3597 1178 3687 quud

48 3707 239 3780 potestatem
262 3693 496 3761 habeatPilius
517 3697 655 3764 hominis
676 3702 709 3764 in
731 3710 817 3764 terra
838 3700 1023 3776 remittendi
1035 3701 1178 3785 peccata,

49 3797 141 3875 (tune
162 3797 241 3862 dicit
260 3797 459 3884 paralytico)
480 3797 593 3885 Surge,
614 3799 833 3866 tollelcctum
856 3812 960 3880 tuum,
985 3811 1018 3866 et
1039 3798 1098 3864 ahi¹
1113 3798 1175 3864 do·

48 3916 132 3962 mum
169 3910 265 3964 tuam.
330 3901 357 3965 7.
377 3899 438 3968 rEt
472 3899 528 3965 ille
561 3903 696 3966 surrexit
725 3901 868 3990 abiitque
887 3913 888 3918 ’
905 3901 1033 3968 domum
1074 3921 1174 3965 suam.

9 4067 10 4076 χ
49 3994 78 4056 8.
101 3997 233 4064 Turbae
254 4019 351 4078 voro,
378 4019 462 4088 quae
483 4000 650 4078 viderant,
672 4001 845 4067 admiratae
867 4014 941 4068 sunt
963 4012 996 4066 et
1016 3999 1176 4086 glorifica·
1245 4075 1250 4100 ι

49 4109 163 4164 verunt
183 4099 299 4181 Deum,
319 4105 375 4190 qui
397 4101 541 4167 dedisset
561 4113 753 4190 potestatem
774 4087 875 4169 talem'
892 4099 1085 4168 bominibus.

129 4231 268 4301 MARC.
288 4215 340 4302 ll.¹
369 4235 397 4300 l.
424 4237 467 4302 Et
492 4240 757 4327 iterumintravit
778 4237 987 4324 capernaum
1008 4248 1083 4324 post
1103 4237 1173 4304 dies

49 4325 177 4412 aliquot,
198 4345 230 4400 et
250 4337 393 4406 auditum
415 4351 471 4419 cst,
492 4339 581 4427 quod
603 4341 637 4406 in
657 4339 758 4434 domo¹
777 4349 869 4406 esset.
910 4339 941 4408 2.
962 4337 1004 4405 Et
1026 4342 1173 4426 protinus
