<?xml version="1.0" encoding="UTF-8"?>
<!DOCTYPE html PUBLIC "-//W3C//DTD XHTML 1.0 Transitional//EN"
    "http://www.w3.org/TR/xhtml1/DTD/xhtml1-transitional.dtd">
<html xmlns="http://www.w3.org/1999/xhtml" xml:lang="en" lang="en">
 <head>
  <title>
</title>
<meta http-equiv="Content-Type" content="text/html;charset=utf-8" />
  <meta name='ocr-system' content='tesseract 3.04.00' />
  <meta name='ocr-capabilities' content='ocr_page ocr_carea ocr_par ocr_line ocrx_word'/>
</head>
<body>
  <div class='ocr_page' id='page_1' title='image "./innovumtestamen01tholgoog_0231.png"; bbox 0 0 2808 4748; ppageno 0'>
   <div class='ocr_carea' id='block_1_1' title="bbox 202 195 881 300">
    <p class='ocr_par' dir='ltr' id='par_1_1' title="bbox 202 195 881 300">
     <span class='ocr_line' id='line_1_1' title="bbox 202 195 881 300; baseline -0.021 -6"><span class='ocrx_word' id='word_1_1' title='bbox 202 231 260 294; x_wconf 83' lang='lat' dir='ltr'>ssu</span> <span class='ocrx_word' id='word_1_2' title='bbox 391 291 397 300; x_wconf 82' lang='grc'><strong>,</strong></span> <span class='ocrx_word' id='word_1_3' title='bbox 656 218 808 283; x_wconf 79' lang='lat' dir='ltr'>sueno</span> <span class='ocrx_word' id='word_1_4' title='bbox 830 195 881 280; x_wconf 89' lang='lat' dir='ltr'>v&#39;i.</span> 
     </span>
    </p>
   </div>
   <div class='ocr_carea' id='block_1_2' title="bbox 115 362 1366 4444">
    <p class='ocr_par' dir='ltr' id='par_1_2' title="bbox 206 362 1324 510">
     <span class='ocr_line' id='line_1_2' title="bbox 206 362 1324 460; baseline -0.005 -30"><span class='ocrx_word' id='word_1_5' title='bbox 206 368 437 460; x_wconf 43' lang='lat' dir='ltr'>homines,·apt</span> <span class='ocrx_word' id='word_1_6' title='bbox 461 365 601 428; x_wconf 78' lang='lat' dir='ltr'>sacrificia</span> <span class='ocrx_word' id='word_1_7' title='bbox 625 385 733 430; x_wconf 78' lang='lat' dir='ltr'>vovero</span> <span class='ocrx_word' id='word_1_8' title='bbox 751 365 838 443; x_wconf 88' lang='lat' dir='ltr'>Deo,</span> <span class='ocrx_word' id='word_1_9' title='bbox 867 385 952 447; x_wconf 90' lang='lat' dir='ltr'>quam</span> <span class='ocrx_word' id='word_1_10' title='bbox 978 365 1027 450; x_wconf 81' lang='lat' dir='ltr'>diti</span> <span class='ocrx_word' id='word_1_11' title='bbox 1047 362 1198 426; x_wconf 73' lang='lat' dir='ltr'>dissidium</span> <span class='ocrx_word' id='word_1_12' title='bbox 1223 363 1324 424; x_wconf 84' lang='lat' dir='ltr'>habent</span> 
     </span>
     <span class='ocr_line' id='line_1_3' title="bbox 208 463 441 510; baseline -0.03 0"><span class='ocrx_word' id='word_1_13' title='bbox 208 465 275 510; x_wconf 85' lang='lat' dir='ltr'>cuni</span> <span class='ocrx_word' id='word_1_14' title='bbox 315 463 441 506; x_wconf 85' lang='lat' dir='ltr'>roximis.</span> 
     </span>
    </p>

    <p class='ocr_par' dir='ltr' id='par_1_3' title="bbox 154 465 1326 1216">
     <span class='ocr_line' id='line_1_4' title="bbox 154 465 1324 588; baseline -0.007 -6"><span class='ocrx_word' id='word_1_15' title='bbox 154 581 156 586; x_wconf 78' lang='grc'><strong>,</strong></span> <span class='ocrx_word' id='word_1_16' title='bbox 284 465 333 588; x_wconf 62' lang='lat' dir='ltr'>ih.</span> <span class='ocrx_word' id='word_1_17' title='bbox 370 517 487 581; x_wconf 72' lang='lat' dir='ltr'>Hatm</span> <span class='ocrx_word' id='word_1_18' title='bbox 511 513 738 580; x_wconf 71' lang='lat' dir='ltr'>bsmabnitam.</span> <span class='ocrx_word' id='word_1_19' title='bbox 787 517 916 582; x_wconf 81' lang='lat' dir='ltr'>Tametsi</span> <span class='ocrx_word' id='word_1_20' title='bbox 945 519 1061 580; x_wconf 79' lang='lat' dir='ltr'>videtur</span> <span class='ocrx_word' id='word_1_21' title='bbox 1090 515 1228 579; x_wconf 87' lang='lat' dir='ltr'>Christus</span> <span class='ocrx_word' id='word_1_22' title='bbox 1257 515 1324 574; x_wconf 88' lang='lat' dir='ltr'>ultra</span> 
     </span>
     <span class='ocr_line' id='line_1_5' title="bbox 208 593 1325 696; baseline -0.01 -35"><span class='ocrx_word' id='word_1_23' title='bbox 208 595 366 696; x_wconf 85' lang='lat' dir='ltr'>progredi,</span> <span class='ocrx_word' id='word_1_24' title='bbox 392 617 448 659; x_wconf 88' lang='lat' dir='ltr'>nec</span> <span class='ocrx_word' id='word_1_25' title='bbox 466 609 581 678; x_wconf 82' lang='lat' dir='ltr'>tantum</span> <span class='ocrx_word' id='word_1_26' title='bbox 600 595 713 658; x_wconf 88' lang='lat' dir='ltr'>hortari</span> <span class='ocrx_word' id='word_1_27' title='bbox 738 597 773 656; x_wconf 91' lang='lat' dir='ltr'>ad</span> <span class='ocrx_word' id='word_1_28' title='bbox 798 595 1085 670; x_wconf 81' lang='lat' dir='ltr'>reconciliationem,</span> <span class='ocrx_word' id='word_1_29' title='bbox 1114 595 1168 674; x_wconf 91' lang='lat' dir='ltr'>qui</span> <span class='ocrx_word' id='word_1_30' title='bbox 1201 593 1325 652; x_wconf 84' lang='lat' dir='ltr'>iratribus</span> 
     </span>
     <span class='ocr_line' id='line_1_6' title="bbox 208 670 1323 754; baseline -0.01 -17"><span class='ocrx_word' id='word_1_31' title='bbox 208 677 344 738; x_wconf 86' lang='lat' dir='ltr'>iniuriam</span> <span class='ocrx_word' id='word_1_32' title='bbox 365 675 511 750; x_wconf 79' lang='lat' dir='ltr'>iecerunt,</span> <span class='ocrx_word' id='word_1_33' title='bbox 531 675 582 734; x_wconf 85' lang='lat' dir='ltr'>sed</span> <span class='ocrx_word' id='word_1_34' title='bbox 602 676 688 734; x_wconf 87' lang='lat' dir='ltr'>etiam</span> <span class='ocrx_word' id='word_1_35' title='bbox 701 673 751 754; x_wconf 84' lang='lat' dir='ltr'>qui</span> <span class='ocrx_word' id='word_1_36' title='bbox 770 673 877 734; x_wconf 87' lang='lat' dir='ltr'>iniuste</span> <span class='ocrx_word' id='word_1_37' title='bbox 898 673 1086 746; x_wconf 86' lang='lat' dir='ltr'>lacessuntur,</span> <span class='ocrx_word' id='word_1_38' title='bbox 1106 690 1164 754; x_wconf 84' lang='lat' dir='ltr'>ego</span> <span class='ocrx_word' id='word_1_39' title='bbox 1185 670 1323 730; x_wconf 84' lang='lat' dir='ltr'>tamenin</span> 
     </span>
     <span class='ocr_line' id='line_1_7' title="bbox 210 746 1325 832; baseline -0.01 -18"><span class='ocrx_word' id='word_1_40' title='bbox 210 753 298 814; x_wconf 79' lang='lat' dir='ltr'>alium</span> <span class='ocrx_word' id='word_1_41' title='bbox 318 752 405 812; x_wconf 85' lang='lat' dir='ltr'>finem</span> <span class='ocrx_word' id='word_1_42' title='bbox 433 764 577 832; x_wconf 70' lang='lat' dir='ltr'><strong>spectasse</strong></span> <span class='ocrx_word' id='word_1_43' title='bbox 602 751 798 831; x_wconf 84' lang='lat' dir='ltr'>interpretor,</span> <span class='ocrx_word' id='word_1_44' title='bbox 827 769 933 831; x_wconf 84' lang='lat' dir='ltr'>nempe</span> <span class='ocrx_word' id='word_1_45' title='bbox 962 762 996 809; x_wconf 91' lang='lat' dir='ltr'>ut</span> <span class='ocrx_word' id='word_1_46' title='bbox 1024 769 1131 810; x_wconf 75' lang='lat' dir='ltr'>ausam,</span> <span class='ocrx_word' id='word_1_47' title='bbox 1153 746 1325 829; x_wconf 79' lang='lat' dir='ltr'>praecideret</span> 
     </span>
     <span class='ocr_line' id='line_1_8' title="bbox 211 824 1324 908; baseline -0.011 -16"><span class='ocrx_word' id='word_1_48' title='bbox 211 829 285 892; x_wconf 89' lang='lat' dir='ltr'>odiis</span> <span class='ocrx_word' id='word_1_49' title='bbox 306 841 336 889; x_wconf 89' lang='lat' dir='ltr'>et</span> <span class='ocrx_word' id='word_1_50' title='bbox 356 827 523 902; x_wconf 84' lang='lat' dir='ltr'>discordiis,</span> <span class='ocrx_word' id='word_1_51' title='bbox 548 828 725 908; x_wconf 89' lang='lat' dir='ltr'>modumque</span> <span class='ocrx_word' id='word_1_52' title='bbox 747 827 889 886; x_wconf 83' lang='lat' dir='ltr'>fovendae</span> <span class='ocrx_word' id='word_1_53' title='bbox 912 825 1138 886; x_wconf 86' lang='lat' dir='ltr'>benevolentiae</span> <span class='ocrx_word' id='word_1_54' title='bbox 1161 824 1324 885; x_wconf 71' lang='lat' dir='ltr'>ostenderet</span> 
     </span>
     <span class='ocr_line' id='line_1_9' title="bbox 210 902 1326 983; baseline -0.01 -17"><span class='ocrx_word' id='word_1_55' title='bbox 210 905 300 966; x_wconf 89' lang='lat' dir='ltr'>Unde</span> <span class='ocrx_word' id='word_1_56' title='bbox 320 904 520 965; x_wconf 89' lang='lat' dir='ltr'>enimomnes</span> <span class='ocrx_word' id='word_1_57' title='bbox 540 902 673 979; x_wconf 89' lang='lat' dir='ltr'>iniuriae,</span> <span class='ocrx_word' id='word_1_58' title='bbox 692 906 746 966; x_wconf 92' lang='lat' dir='ltr'>nisi</span> <span class='ocrx_word' id='word_1_59' title='bbox 766 903 846 983; x_wconf 92' lang='lat' dir='ltr'>quod</span> <span class='ocrx_word' id='word_1_60' title='bbox 865 905 907 964; x_wconf 90' lang='lat' dir='ltr'>sin</span> <span class='ocrx_word' id='word_1_61' title='bbox 931 902 971 962; x_wconf 92' lang='lat' dir='ltr'>uli</span> <span class='ocrx_word' id='word_1_62' title='bbox 992 902 1110 962; x_wconf 88' lang='lat' dir='ltr'>nimium</span> <span class='ocrx_word' id='word_1_63' title='bbox 1131 912 1251 962; x_wconf 88' lang='lat' dir='ltr'>tenaces</span> <span class='ocrx_word' id='word_1_64' title='bbox 1270 909 1326 960; x_wconf 87' lang='lat' dir='ltr'>snit</span> 
     </span>
     <span class='ocr_line' id='line_1_10' title="bbox 210 923 1326 1059; baseline -0.012 -15"><span class='ocrx_word' id='word_1_65' title='bbox 210 984 254 1044; x_wconf 89' lang='lat' dir='ltr'>sui</span> <span class='ocrx_word' id='word_1_66' title='bbox 279 982 365 1059; x_wconf 80' lang='lat' dir='ltr'>ieris,</span> <span class='ocrx_word' id='word_1_67' title='bbox 391 981 448 1042; x_wconf 91' lang='lat' dir='ltr'>boc</span> <span class='ocrx_word' id='word_1_68' title='bbox 467 993 527 1055; x_wconf 89' lang='lat' dir='ltr'>est,</span> <span class='ocrx_word' id='word_1_69' title='bbox 546 981 603 1041; x_wconf 86' lang='lat' dir='ltr'>suis</span> <span class='ocrx_word' id='word_1_70' title='bbox 623 983 783 1043; x_wconf 86' lang='lat' dir='ltr'>commodis</span> <span class='ocrx_word' id='word_1_71' title='bbox 803 1001 868 1042; x_wconf 89' lang='lat' dir='ltr'>cum</span> <span class='ocrx_word' id='word_1_72' title='bbox 893 923 1017 1041; x_wconf 75' lang='lat' dir='ltr'>aliorum</span> <span class='ocrx_word' id='word_1_73' title='bbox 1038 975 1145 1038; x_wconf 88' lang='lat' dir='ltr'>damno</span> <span class='ocrx_word' id='word_1_74' title='bbox 1167 977 1253 1038; x_wconf 86' lang='lat' dir='ltr'>nimis</span> <span class='ocrx_word' id='word_1_75' title='bbox 1271 985 1326 1036; x_wconf 90' lang='lat' dir='ltr'>sunt</span> 
     </span>
     <span class='ocr_line' id='line_1_11' title="bbox 211 1051 1325 1138; baseline -0.011 -17"><span class='ocrx_word' id='word_1_76' title='bbox 211 1058 336 1122; x_wconf 76' lang='lat' dir='ltr'>addicti?</span> <span class='ocrx_word' id='word_1_77' title='bbox 376 1057 489 1120; x_wconf 80' lang='lat' dir='ltr'>Omnes</span> <span class='ocrx_word' id='word_1_78' title='bbox 513 1058 591 1117; x_wconf 86' lang='lat' dir='ltr'>enim</span> <span class='ocrx_word' id='word_1_79' title='bbox 616 1057 678 1117; x_wconf 85' lang='lat' dir='ltr'>lere</span> <span class='ocrx_word' id='word_1_80' title='bbox 705 1069 843 1120; x_wconf 81' lang='lat' dir='ltr'>excoecat</span> <span class='ocrx_word' id='word_1_81' title='bbox 868 1077 1019 1138; x_wconf 82' lang='lat' dir='ltr'>perversus</span> <span class='ocrx_word' id='word_1_82' title='bbox 1038 1055 1083 1118; x_wconf 90' lang='lat' dir='ltr'>sui</span> <span class='ocrx_word' id='word_1_83' title='bbox 1101 1075 1203 1130; x_wconf 83' lang='lat' dir='ltr'>anaor,</span> <span class='ocrx_word' id='word_1_84' title='bbox 1228 1065 1260 1112; x_wconf 90' lang='lat' dir='ltr'>ut</span> <span class='ocrx_word' id='word_1_85' title='bbox 1281 1051 1325 1112; x_wconf 88' lang='lat' dir='ltr'>sibi</span> 
     </span>
     <span class='ocr_line' id='line_1_12' title="bbox 211 1127 1325 1216; baseline -0.009 -20"><span class='ocrx_word' id='word_1_86' title='bbox 211 1137 243 1196; x_wconf 91' lang='lat' dir='ltr'>in</span> <span class='ocrx_word' id='word_1_87' title='bbox 263 1135 393 1216; x_wconf 81' lang='lat' dir='ltr'>pessimis</span> <span class='ocrx_word' id='word_1_88' title='bbox 413 1134 502 1196; x_wconf 88' lang='lat' dir='ltr'>causis</span> <span class='ocrx_word' id='word_1_89' title='bbox 521 1132 715 1194; x_wconf 77' lang='lat' dir='ltr'>blandiantur.</span> <span class='ocrx_word' id='word_1_90' title='bbox 755 1135 888 1197; x_wconf 89' lang='lat' dir='ltr'>Christus</span> <span class='ocrx_word' id='word_1_91' title='bbox 908 1133 1016 1213; x_wconf 90' lang='lat' dir='ltr'>itaque,</span> <span class='ocrx_word' id='word_1_92' title='bbox 1037 1143 1070 1192; x_wconf 91' lang='grc' dir='ltr'>ιιι</span> <span class='ocrx_word' id='word_1_93' title='bbox 1080 1131 1168 1206; x_wconf 90' lang='lat' dir='ltr'>odiis,</span> <span class='ocrx_word' id='word_1_94' title='bbox 1189 1127 1325 1191; x_wconf 88' lang='lat' dir='ltr'>simultati-</span> 
     </span>
    </p>

    <p class='ocr_par' dir='ltr' id='par_1_4' title="bbox 123 1206 1325 1444">
     <span class='ocr_line' id='line_1_13' title="bbox 123 1206 1323 1296; baseline -0.006 -28"><span class='ocrx_word' id='word_1_95' title='bbox 123 1245 135 1268; x_wconf 63' lang='grc' dir='ltr'><strong>ι</strong></span> <span class='ocrx_word' id='word_1_96' title='bbox 211 1211 277 1286; x_wconf 87' lang='lat' dir='ltr'>hus,</span> <span class='ocrx_word' id='word_1_97' title='bbox 295 1212 412 1296; x_wconf 82' lang='lat' dir='ltr'>pugnis,</span> <span class='ocrx_word' id='word_1_98' title='bbox 433 1209 609 1271; x_wconf 90' lang='lat' dir='ltr'>etomnibus</span> <span class='ocrx_word' id='word_1_99' title='bbox 629 1213 741 1272; x_wconf 88' lang='lat' dir='ltr'>iniuriis</span> <span class='ocrx_word' id='word_1_100' title='bbox 754 1222 900 1287; x_wconf 85' lang='lat' dir='ltr'>occurrat,</span> <span class='ocrx_word' id='word_1_101' title='bbox 941 1209 1107 1270; x_wconf 82' lang='lat' dir='ltr'>estinaciam</span> <span class='ocrx_word' id='word_1_102' title='bbox 1124 1206 1216 1283; x_wconf 89' lang='lat' dir='ltr'>illam,</span> <span class='ocrx_word' id='word_1_103' title='bbox 1235 1206 1323 1266; x_wconf 90' lang='lat' dir='ltr'>horum</span> 
     </span>
     <span class='ocr_line' id='line_1_14' title="bbox 212 1233 1324 1370; baseline -0.011 -18"><span class='ocrx_word' id='word_1_104' title='bbox 212 1289 356 1352; x_wconf 80' lang='lat' dir='ltr'>malorum</span> <span class='ocrx_word' id='word_1_105' title='bbox 377 1288 500 1362; x_wconf 80' lang='lat' dir='ltr'>lonteru,</span> <span class='ocrx_word' id='word_1_106' title='bbox 520 1286 642 1370; x_wconf 82' lang='lat' dir='ltr'>corrigit</span> <span class='ocrx_word' id='word_1_107' title='bbox 660 1309 693 1348; x_wconf 88' lang='lat' dir='ltr'>au</span> <span class='ocrx_word' id='word_1_108' title='bbox 714 1288 796 1350; x_wconf 91' lang='lat' dir='ltr'>iubet</span> <span class='ocrx_word' id='word_1_109' title='bbox 814 1309 883 1351; x_wconf 88' lang='lat' dir='ltr'>suos</span> <span class='ocrx_word' id='word_1_110' title='bbox 901 1233 1187 1368; x_wconf 50' lang='lat' dir='ltr'>ah&#39;moderationeni</span> <span class='ocrx_word' id='word_1_111' title='bbox 1200 1284 1324 1360; x_wconf 91' lang='lat' dir='ltr'>etaequi-</span> 
     </span>
     <span class='ocr_line' id='line_1_15' title="bbox 212 1358 1325 1444; baseline -0.011 -17"><span class='ocrx_word' id='word_1_112' title='bbox 212 1377 304 1428; x_wconf 87' lang='lat' dir='ltr'>tatem</span> <span class='ocrx_word' id='word_1_113' title='bbox 346 1384 487 1444; x_wconf 89' lang='lat' dir='ltr'>ropensos</span> <span class='ocrx_word' id='word_1_114' title='bbox 507 1382 585 1440; x_wconf 89' lang='lat' dir='ltr'>esse,</span> <span class='ocrx_word' id='word_1_115' title='bbox 610 1377 643 1424; x_wconf 87' lang='lat' dir='ltr'>ut</span> <span class='ocrx_word' id='word_1_116' title='bbox 666 1387 780 1428; x_wconf 88' lang='lat' dir='ltr'>summo</span> <span class='ocrx_word' id='word_1_117' title='bbox 806 1365 870 1424; x_wconf 88' lang='lat' dir='ltr'>iure</span> <span class='ocrx_word' id='word_1_118' title='bbox 896 1365 1033 1425; x_wconf 89' lang='lat' dir='ltr'>cedentes</span> <span class='ocrx_word' id='word_1_119' title='bbox 1059 1382 1163 1442; x_wconf 86' lang='lat' dir='ltr'>pacem</span> <span class='ocrx_word' id='word_1_120' title='bbox 1190 1371 1221 1420; x_wconf 89' lang='lat' dir='ltr'>et</span> <span class='ocrx_word' id='word_1_121' title='bbox 1242 1358 1325 1420; x_wconf 91' lang='lat' dir='ltr'>amici·</span> 
     </span>
    </p>

    <p class='ocr_par' dir='ltr' id='par_1_5' title="bbox 119 1388 1327 1828">
     <span class='ocr_line' id='line_1_16' title="bbox 119 1388 1324 1522; baseline -0.011 -18"><span class='ocrx_word' id='word_1_122' title='bbox 119 1457 124 1465; x_wconf 79' lang='grc'><strong><em>’</em></strong></span> <span class='ocrx_word' id='word_1_123' title='bbox 212 1443 284 1504; x_wconf 84' lang='lat' dir='ltr'>tiam</span> <span class='ocrx_word' id='word_1_124' title='bbox 303 1388 353 1502; x_wconf 72' lang='lat' dir='ltr'>uit</span> <span class='ocrx_word' id='word_1_125' title='bbox 372 1440 518 1519; x_wconf 88' lang='lat' dir='ltr'>aequitate</span> <span class='ocrx_word' id='word_1_126' title='bbox 539 1441 701 1502; x_wconf 75' lang='lat' dir='ltr'>redimant·</span> <span class='ocrx_word' id='word_1_127' title='bbox 733 1441 903 1522; x_wconf 89' lang='lat' dir='ltr'>Optandum</span> <span class='ocrx_word' id='word_1_128' title='bbox 924 1440 1040 1522; x_wconf 86' lang='lat' dir='ltr'>quidem</span> <span class='ocrx_word' id='word_1_129' title='bbox 1067 1438 1165 1512; x_wconf 79' lang='lat' dir='ltr'>foret,</span> <span class='ocrx_word' id='word_1_130' title='bbox 1191 1457 1229 1497; x_wconf 89' lang='lat' dir='ltr'>ne</span> <span class='ocrx_word' id='word_1_131' title='bbox 1248 1433 1324 1516; x_wconf 87' lang='lat' dir='ltr'>qualis</span> 
     </span>
     <span class='ocr_line' id='line_1_17' title="bbox 213 1511 1325 1600; baseline -0.008 -22"><span class='ocrx_word' id='word_1_132' title='bbox 213 1538 342 1600; x_wconf 85' lang='lat' dir='ltr'>unquam</span> <span class='ocrx_word' id='word_1_133' title='bbox 361 1518 439 1576; x_wconf 90' lang='lat' dir='ltr'>iuter</span> <span class='ocrx_word' id='word_1_134' title='bbox 459 1537 513 1578; x_wconf 89' lang='lat' dir='ltr'>iios</span> <span class='ocrx_word' id='word_1_135' title='bbox 532 1519 579 1580; x_wconf 76' lang='lat' dir='ltr'>vel</span> <span class='ocrx_word' id='word_1_136' title='bbox 598 1522 798 1582; x_wconf 84' lang='lat' dir='ltr'>controversia</span> <span class='ocrx_word' id='word_1_137' title='bbox 816 1518 970 1593; x_wconf 81' lang='lat' dir='ltr'>incideret,</span> <span class='ocrx_word' id='word_1_138' title='bbox 991 1529 1022 1576; x_wconf 85' lang='lat' dir='ltr'>et</span> <span class='ocrx_word' id='word_1_139' title='bbox 1040 1527 1123 1582; x_wconf 87' lang='lat' dir='ltr'>certe</span> <span class='ocrx_word' id='word_1_140' title='bbox 1143 1533 1285 1593; x_wconf 83' lang='lat' dir='ltr'>nunquan</span> <span class='ocrx_word' id='word_1_141' title='bbox 1301 1511 1325 1568; x_wconf 92' lang='lat' dir='ltr'>in</span> 
     </span>
     <span class='ocr_line' id='line_1_18' title="bbox 215 1591 1327 1678; baseline -0.012 -20"><span class='ocrx_word' id='word_1_142' title='bbox 215 1594 466 1675; x_wconf 70' lang='lat' dir='ltr'>contemptionem</span> <span class='ocrx_word' id='word_1_143' title='bbox 478 1594 525 1656; x_wconf 82' lang='lat' dir='ltr'>vel</span> <span class='ocrx_word' id='word_1_144' title='bbox 534 1607 683 1658; x_wconf 86' lang='lat' dir='ltr'>certamen</span> <span class='ocrx_word' id='word_1_145' title='bbox 699 1607 931 1678; x_wconf 88' lang='lat' dir='ltr'>prorumperent</span> <span class='ocrx_word' id='word_1_146' title='bbox 941 1593 1085 1666; x_wconf 88' lang='lat' dir='ltr'>homiues,</span> <span class='ocrx_word' id='word_1_147' title='bbox 1103 1592 1130 1653; x_wconf 90' lang='lat' dir='ltr'>si</span> <span class='ocrx_word' id='word_1_148' title='bbox 1143 1591 1327 1674; x_wconf 75' lang='lat' dir='ltr'>eigeret‘intei</span> 
     </span>
     <span class='ocr_line' id='line_1_19' title="bbox 216 1665 1325 1762; baseline -0.01 -30"><span class='ocrx_word' id='word_1_149' title='bbox 216 1690 267 1732; x_wconf 86' lang='lat' dir='ltr'>eos</span> <span class='ocrx_word' id='word_1_150' title='bbox 293 1690 326 1762; x_wconf 74' lang='lat' dir='ltr'>ea</span> <span class='ocrx_word' id='word_1_151' title='bbox 351 1691 425 1750; x_wconf 85' lang='lat' dir='ltr'>quae</span> <span class='ocrx_word' id='word_1_152' title='bbox 451 1671 770 1744; x_wconf 76' lang='lat' dir='ltr'>debetmansuetudo:</span> <span class='ocrx_word' id='word_1_153' title='bbox 802 1673 854 1736; x_wconf 87' lang='lat' dir='ltr'>sed</span> <span class='ocrx_word' id='word_1_154' title='bbox 875 1673 941 1751; x_wconf 91' lang='lat' dir='ltr'>qnia</span> <span class='ocrx_word' id='word_1_155' title='bbox 965 1671 1030 1730; x_wconf 83' lang='lat' dir='ltr'>fieri</span> <span class='ocrx_word' id='word_1_156' title='bbox 1054 1671 1099 1730; x_wconf 87' lang='lat' dir='ltr'>vix</span> <span class='ocrx_word' id='word_1_157' title='bbox 1125 1680 1239 1750; x_wconf 88' lang='lat' dir='ltr'>potest,</span> <span class='ocrx_word' id='word_1_158' title='bbox 1268 1665 1325 1744; x_wconf 90' lang='lat' dir='ltr'>quin</span> 
     </span>
     <span class='ocr_line' id='line_1_20' title="bbox 214 1743 1325 1828; baseline -0.01 -19"><span class='ocrx_word' id='word_1_159' title='bbox 214 1747 404 1809; x_wconf 79' lang='lat' dir='ltr'>suboriantur</span> <span class='ocrx_word' id='word_1_160' title='bbox 423 1748 537 1828; x_wconf 85' lang='lat' dir='ltr'>aliquae</span> <span class='ocrx_word' id='word_1_161' title='bbox 556 1748 635 1826; x_wconf 92' lang='lat' dir='ltr'>lites,</span> <span class='ocrx_word' id='word_1_162' title='bbox 659 1750 823 1822; x_wconf 72' lang='lat' dir='ltr'>remedium</span> <span class='ocrx_word' id='word_1_163' title='bbox 843 1748 972 1810; x_wconf 90' lang='lat' dir='ltr'>ostendit</span> <span class='ocrx_word' id='word_1_164' title='bbox 992 1745 1144 1821; x_wconf 83' lang='lat' dir='ltr'>Christus,</span> <span class='ocrx_word' id='word_1_165' title='bbox 1169 1766 1227 1825; x_wconf 91' lang='lat' dir='ltr'>quo</span> <span class='ocrx_word' id='word_1_166' title='bbox 1245 1743 1325 1804; x_wconf 85' lang='lat' dir='ltr'>statim</span> 
     </span>
    </p>

    <p class='ocr_par' dir='ltr' id='par_1_6' title="bbox 115 1820 1366 4366">
     <span class='ocr_line' id='line_1_21' title="bbox 115 1820 1325 1906; baseline -0.009 -20"><span class='ocrx_word' id='word_1_167' title='bbox 115 1875 124 1886; x_wconf 92' lang='lat'>.</span> <span class='ocrx_word' id='word_1_168' title='bbox 217 1825 357 1906; x_wconf 88' lang='lat' dir='ltr'>componi</span> <span class='ocrx_word' id='word_1_169' title='bbox 376 1836 500 1904; x_wconf 85' lang='lat' dir='ltr'>queant,</span> <span class='ocrx_word' id='word_1_170' title='bbox 525 1845 633 1906; x_wconf 91' lang='lat' dir='ltr'>nempe</span> <span class='ocrx_word' id='word_1_171' title='bbox 652 1827 675 1886; x_wconf 92' lang='lat' dir='ltr'>si</span> <span class='ocrx_word' id='word_1_172' title='bbox 696 1826 811 1886; x_wconf 83' lang='lat' dir='ltr'>frenum</span> <span class='ocrx_word' id='word_1_173' title='bbox 833 1824 1038 1906; x_wconf 89' lang='lat' dir='ltr'>cupiditatibus</span> <span class='ocrx_word' id='word_1_174' title='bbox 1062 1823 1173 1883; x_wconf 89' lang='lat' dir='ltr'>nostris</span> <span class='ocrx_word' id='word_1_175' title='bbox 1192 1820 1325 1886; x_wconf 88' lang='lat' dir='ltr'>iniicimus,</span> 
     </span>
     <span class='ocr_line' id='line_1_22' title="bbox 216 1900 1325 1984; baseline -0.005 -24"><span class='ocrx_word' id='word_1_176' title='bbox 216 1912 247 1961; x_wconf 89' lang='lat' dir='ltr'>ct</span> <span class='ocrx_word' id='word_1_177' title='bbox 270 1901 460 1980; x_wconf 73' lang='lat' dir='ltr'>pectuscum</span> <span class='ocrx_word' id='word_1_178' title='bbox 486 1902 593 1962; x_wconf 79' lang='lat' dir='ltr'>damno</span> <span class='ocrx_word' id='word_1_179' title='bbox 619 1914 723 1963; x_wconf 87' lang='lat' dir='ltr'>nostro</span> <span class='ocrx_word' id='word_1_180' title='bbox 749 1903 912 1984; x_wconf 80' lang='lat' dir='ltr'>transigere</span> <span class='ocrx_word' id='word_1_181' title='bbox 942 1900 1035 1982; x_wconf 86' lang='lat' dir='ltr'>parati</span> <span class='ocrx_word' id='word_1_182' title='bbox 1060 1921 1177 1973; x_wconf 88' lang='lat' dir='ltr'>sumus,</span> <span class='ocrx_word' id='word_1_183' title='bbox 1201 1916 1280 1978; x_wconf 88' lang='lat' dir='ltr'>quani</span> <span class='ocrx_word' id='word_1_184' title='bbox 1300 1903 1325 1950; x_wconf 91' lang='lat' dir='ltr'>ut</span> 
     </span>
     <span class='ocr_line' id='line_1_23' title="bbox 216 1971 1324 2059; baseline -0.011 -22"><span class='ocrx_word' id='word_1_185' title='bbox 216 1975 367 2037; x_wconf 82' lang='lat' dir='ltr'>inflexibili</span> <span class='ocrx_word' id='word_1_186' title='bbox 387 1976 486 2058; x_wconf 82' lang='lat' dir='ltr'>rigore</span> <span class='ocrx_word' id='word_1_187' title='bbox 509 1977 553 2037; x_wconf 89' lang='lat' dir='ltr'>ius</span> <span class='ocrx_word' id='word_1_188' title='bbox 573 1990 706 2040; x_wconf 88' lang='lat' dir='ltr'>nostrum</span> <span class='ocrx_word' id='word_1_189' title='bbox 726 1995 945 2059; x_wconf 78' lang='lat' dir='ltr'>persequamur.</span> <span class='ocrx_word' id='word_1_190' title='bbox 988 1976 1140 2038; x_wconf 82' lang='lat' dir='ltr'>Christum</span> <span class='ocrx_word' id='word_1_191' title='bbox 1165 1986 1259 2035; x_wconf 70' lang='lat' dir='ltr'>umen</span> <span class='ocrx_word' id='word_1_192' title='bbox 1282 1971 1324 2028; x_wconf 88' lang='lat' dir='ltr'>hac</span> 
     </span>
     <span class='ocr_line' id='line_1_24' title="bbox 217 2043 1324 2136; baseline -0.004 -23"><span class='ocrx_word' id='word_1_193' title='bbox 217 2047 420 2115; x_wconf 83' lang='lat' dir='ltr'>exhortatione</span> <span class='ocrx_word' id='word_1_194' title='bbox 438 2054 552 2136; x_wconf 86' lang='lat' dir='ltr'>saepius</span> <span class='ocrx_word' id='word_1_195' title='bbox 571 2069 655 2115; x_wconf 85' lang='lat' dir='ltr'>usum</span> <span class='ocrx_word' id='word_1_196' title='bbox 672 2067 790 2116; x_wconf 63' lang='lat' dir='ltr'>tonent</span> <span class='ocrx_word' id='word_1_197' title='bbox 809 2055 953 2114; x_wconf 78' lang='lat' dir='ltr'>eiLrsoste</span> <span class='ocrx_word' id='word_1_198' title='bbox 969 2055 1066 2134; x_wconf 79' lang='lat' dir='ltr'>capite</span> <span class='ocrx_word' id='word_1_199' title='bbox 1087 2051 1268 2117; x_wconf 76' lang='lat' dir='ltr'>duodecimo,</span> <span class='ocrx_word' id='word_1_200' title='bbox 1285 2043 1324 2132; x_wconf 71' lang='lat' dir='ltr'>ub}</span> 
     </span>
     <span class='ocr_line' id='line_1_25' title="bbox 218 2123 1324 2216; baseline -0.012 -26"><span class='ocrx_word' id='word_1_201' title='bbox 218 2141 279 2190; x_wconf 89' lang='lat' dir='ltr'>non</span> <span class='ocrx_word' id='word_1_202' title='bbox 300 2131 428 2190; x_wconf 79' lang='lat' dir='ltr'>refertur</span> <span class='ocrx_word' id='word_1_203' title='bbox 446 2149 543 2192; x_wconf 89' lang='lat' dir='ltr'>sermo</span> <span class='ocrx_word' id='word_1_204' title='bbox 563 2130 677 2194; x_wconf 87' lang='lat' dir='ltr'>habitus</span> <span class='ocrx_word' id='word_1_205' title='bbox 696 2133 727 2192; x_wconf 93' lang='lat' dir='ltr'>in</span> <span class='ocrx_word' id='word_1_206' title='bbox 747 2143 861 2207; x_wconf 87' lang='lat' dir='ltr'>monte,</span> <span class='ocrx_word' id='word_1_207' title='bbox 878 2132 930 2193; x_wconf 92' lang='lat' dir='ltr'>sed</span> <span class='ocrx_word' id='word_1_208' title='bbox 942 2131 1072 2216; x_wconf 88' lang='lat' dir='ltr'>epitome</span> <span class='ocrx_word' id='word_1_209' title='bbox 1093 2123 1324 2190; x_wconf 77' lang='lat' dir='ltr'>castriis-Christi</span> 
     </span>
     <span class='ocr_line' id='line_1_26' title="bbox 218 2199 1323 2306; baseline -0.009 -37"><span class='ocrx_word' id='word_1_210' title='bbox 218 2208 372 2269; x_wconf 86' lang='lat' dir='ltr'>sententiis</span> <span class='ocrx_word' id='word_1_211' title='bbox 386 2205 552 2306; x_wconf 64' lang='lat' dir='ltr'>⁸colligiturt</span> <span class='ocrx_word' id='word_1_212' title='bbox 579 2210 663 2290; x_wconf 30' lang='lat' dir='ltr'>,inde</span> <span class='ocrx_word' id='word_1_213' title='bbox 688 2211 777 2270; x_wconf 88' lang='lat' dir='ltr'>etiam</span> <span class='ocrx_word' id='word_1_214' title='bbox 804 2213 940 2290; x_wconf 81' lang='lat' dir='ltr'>appa&#39;ret,</span> <span class='ocrx_word' id='word_1_215' title='bbox 965 2206 1034 2286; x_wconf 90' lang='lat' dir='ltr'>quid</span> <span class='ocrx_word' id='word_1_216' title='bbox 1061 2207 1100 2266; x_wconf 89' lang='lat' dir='ltr'>sit</span> <span class='ocrx_word' id='word_1_217' title='bbox 1123 2207 1157 2265; x_wconf 84' lang='lat' dir='ltr'>iii</span> <span class='ocrx_word' id='word_1_218' title='bbox 1174 2207 1221 2262; x_wconf 80' lang='lat' dir='ltr'>eiu</span> <span class='ocrx_word' id='word_1_219' title='bbox 1236 2199 1323 2260; x_wconf 64' lang='lat' dir='ltr'>suad</span> 
     </span>
     <span class='ocr_line' id='line_1_27' title="bbox 215 2277 1323 2367; baseline -0.008 -22"><span class='ocrx_word' id='word_1_220' title='bbox 215 2305 302 2362; x_wconf 77' lang='lat' dir='ltr'>geru:</span> <span class='ocrx_word' id='word_1_221' title='bbox 321 2286 655 2366; x_wconf 80' lang='lat' dir='ltr'>nempepriusquainad</span> <span class='ocrx_word' id='word_1_222' title='bbox 672 2285 801 2347; x_wconf 87' lang='lat' dir='ltr'>iudicem</span> <span class='ocrx_word' id='word_1_223' title='bbox 820 2297 993 2367; x_wconf 85' lang='lat' dir='ltr'>perventum</span> <span class='ocrx_word' id='word_1_224' title='bbox 1013 2283 1111 2342; x_wconf 88' lang='lat' dir='ltr'>luerit.</span> <span class='ocrx_word' id='word_1_225' title='bbox 1150 2277 1323 2342; x_wconf 71' lang='lat' dir='ltr'>Nasutus</span> 
     </span>
     <span class='ocr_line' id='line_1_28' title="bbox 218 2359 1366 2444; baseline -0.003 -21"><span class='ocrx_word' id='word_1_226' title='bbox 218 2359 546 2425; x_wconf 74' lang='lat' dir='ltr'>sealrier&#39;suiu&#39;us&#39;iudici.¹</span> <span class='ocrx_word' id='word_1_227' title='bbox 574 2364 693 2424; x_wconf 82' lang='lat' dir='ltr'>Partem</span> <span class='ocrx_word' id='word_1_228' title='bbox 718 2363 793 2424; x_wconf 81' lang='lat' dir='ltr'>hans</span> <span class='ocrx_word' id='word_1_229' title='bbox 817 2360 1019 2443; x_wconf 84' lang='lat' dir='ltr'>metaphorice</span> <span class='ocrx_word' id='word_1_230' title='bbox 1044 2361 1161 2440; x_wconf 86' lang='lat' dir='ltr'>quidam</span> <span class='ocrx_word' id='word_1_231' title='bbox 1186 2359 1322 2436; x_wconf 73' lang='lat' dir='ltr'>exponunt</span> <span class='ocrx_word' id='word_1_232' title='bbox 1363 2421 1366 2444; x_wconf 56' lang='grc' dir='ltr'>Ι</span> 
     </span>
     <span class='ocr_line' id='line_1_29' title="bbox 220 2433 1322 2513; baseline -0.009 -11"><span class='ocrx_word' id='word_1_233' title='bbox 220 2440 379 2502; x_wconf 87' lang='lat' dir='ltr'>coelestem</span> <span class='ocrx_word' id='word_1_234' title='bbox 397 2439 533 2502; x_wconf 75' lang='lat' dir='ltr'>tubicem</span> <span class='ocrx_word' id='word_1_235' title='bbox 550 2441 705 2502; x_wconf 87' lang='lat' dir='ltr'>nobiscum</span> <span class='ocrx_word' id='word_1_236' title='bbox 725 2459 838 2502; x_wconf 88' lang='lat' dir='ltr'>summo</span> <span class='ocrx_word' id='word_1_237' title='bbox 858 2441 922 2500; x_wconf 91' lang='lat' dir='ltr'>iure</span> <span class='ocrx_word' id='word_1_238' title='bbox 940 2449 1090 2513; x_wconf 88' lang='lat' dir='ltr'>acturum,</span> <span class='ocrx_word' id='word_1_239' title='bbox 1117 2449 1151 2497; x_wconf 90' lang='lat' dir='ltr'>ut</span> <span class='ocrx_word' id='word_1_240' title='bbox 1168 2433 1237 2496; x_wconf 87' lang='lat' dir='ltr'>nibil</span> <span class='ocrx_word' id='word_1_241' title='bbox 1254 2445 1322 2513; x_wconf 63' lang='lat' dir='ltr'>prot·</span> 
     </span>
     <span class='ocr_line' id='line_1_30' title="bbox 222 2505 1323 2598; baseline -0.015 -22"><span class='ocrx_word' id='word_1_242' title='bbox 222 2536 268 2578; x_wconf 90' lang='lat' dir='ltr'>sus</span> <span class='ocrx_word' id='word_1_243' title='bbox 289 2517 429 2594; x_wconf 82' lang='lat' dir='ltr'>remittat,</span> <span class='ocrx_word' id='word_1_244' title='bbox 449 2516 505 2576; x_wconf 90' lang='lat' dir='ltr'>uisi</span> <span class='ocrx_word' id='word_1_245' title='bbox 524 2517 678 2598; x_wconf 79' lang='lat' dir='ltr'>pacificare</span> <span class='ocrx_word' id='word_1_246' title='bbox 696 2519 856 2592; x_wconf 84' lang='lat' dir='ltr'>studemus,</span> <span class='ocrx_word' id='word_1_247' title='bbox 876 2537 945 2596; x_wconf 87' lang='lat' dir='ltr'>quas</span> <span class='ocrx_word' id='word_1_248' title='bbox 965 2514 1104 2575; x_wconf 87' lang='lat' dir='ltr'>habemus</span> <span class='ocrx_word' id='word_1_249' title='bbox 1123 2535 1188 2574; x_wconf 91' lang='lat' dir='ltr'>cuin</span> <span class='ocrx_word' id='word_1_250' title='bbox 1207 2505 1323 2592; x_wconf 73' lang='lat' dir='ltr'>proximis</span> 
     </span>
     <span class='ocr_line' id='line_1_31' title="bbox 221 2580 1322 2686; baseline -0.007 -35"><span class='ocrx_word' id='word_1_251' title='bbox 221 2594 330 2654; x_wconf 88' lang='lat' dir='ltr'>nostris</span> <span class='ocrx_word' id='word_1_252' title='bbox 350 2595 447 2654; x_wconf 64' lang='lat' dir='ltr'>lites:¹</span> <span class='ocrx_word' id='word_1_253' title='bbox 463 2594 529 2686; x_wconf 69' lang='lat' dir='ltr'>Ego</span> <span class='ocrx_word' id='word_1_254' title='bbox 548 2606 647 2654; x_wconf 82' lang='lat' dir='ltr'>tamen</span> <span class='ocrx_word' id='word_1_255' title='bbox 660 2595 721 2656; x_wconf 86' lang='lat' dir='ltr'>sim</span> <span class='ocrx_word' id='word_1_256' title='bbox 743 2591 827 2654; x_wconf 90' lang='lat' dir='ltr'>licius</span> <span class='ocrx_word' id='word_1_257' title='bbox 845 2595 968 2686; x_wconf 87' lang='lat' dir='ltr'>accipio,</span> <span class='ocrx_word' id='word_1_258' title='bbox 988 2590 1067 2670; x_wconf 88' lang='lat' dir='ltr'>quud</span> <span class='ocrx_word' id='word_1_259' title='bbox 1087 2591 1240 2650; x_wconf 86' lang='lat' dir='ltr'>admoneat</span> <span class='ocrx_word' id='word_1_260' title='bbox 1254 2580 1322 2643; x_wconf 77' lang='lat' dir='ltr'>Cbrt·</span> 
     </span>
     <span class='ocr_line' id='line_1_32' title="bbox 222 2615 1366 2746; baseline -0.008 -17"><span class='ocrx_word' id='word_1_261' title='bbox 222 2681 293 2746; x_wconf 88' lang='lat' dir='ltr'>stus,</span> <span class='ocrx_word' id='word_1_262' title='bbox 312 2668 371 2730; x_wconf 94' lang='lat' dir='ltr'>hoc</span> <span class='ocrx_word' id='word_1_263' title='bbox 392 2670 558 2730; x_wconf 87' lang='lat' dir='ltr'>humanitus</span> <span class='ocrx_word' id='word_1_264' title='bbox 578 2673 666 2730; x_wconf 89' lang='lat' dir='ltr'>ctiam</span> <span class='ocrx_word' id='word_1_265' title='bbox 684 2615 772 2731; x_wconf 80' lang='lat' dir='ltr'>nuliis</span> <span class='ocrx_word' id='word_1_266' title='bbox 793 2689 855 2730; x_wconf 85' lang='lat' dir='ltr'>esse</span> <span class='ocrx_word' id='word_1_267' title='bbox 874 2670 957 2743; x_wconf 86' lang='lat' dir='ltr'>utile,</span> <span class='ocrx_word' id='word_1_268' title='bbox 976 2680 1009 2726; x_wconf 91' lang='lat' dir='ltr'>ut</span> <span class='ocrx_word' id='word_1_269' title='bbox 1027 2679 1140 2728; x_wconf 85' lang='lat' dir='ltr'>mature</span> <span class='ocrx_word' id='word_1_270' title='bbox 1160 2662 1323 2742; x_wconf 76' lang='lat' dir='ltr'>transigamus</span> <span class='ocrx_word' id='word_1_271' title='bbox 1365 2629 1366 2688; x_wconf 68' lang='lat' dir='ltr'>l</span> 
     </span>
     <span class='ocr_line' id='line_1_33' title="bbox 223 2731 1322 2826; baseline -0.008 -21"><span class='ocrx_word' id='word_1_272' title='bbox 223 2765 299 2812; x_wconf 80' lang='lat' dir='ltr'>cuin</span> <span class='ocrx_word' id='word_1_273' title='bbox 311 2745 489 2820; x_wconf 84' lang='lat' dir='ltr'>adversariis,</span> <span class='ocrx_word' id='word_1_274' title='bbox 509 2746 576 2823; x_wconf 82' lang='lat' dir='ltr'>quia</span> <span class='ocrx_word' id='word_1_275' title='bbox 595 2747 695 2806; x_wconf 85' lang='lat' dir='ltr'>rixosis</span> <span class='ocrx_word' id='word_1_276' title='bbox 715 2763 801 2826; x_wconf 86' lang='lat' dir='ltr'>saepe</span> <span class='ocrx_word' id='word_1_277' title='bbox 821 2746 960 2806; x_wconf 82' lang='lat' dir='ltr'>damnosa·</span> <span class='ocrx_word' id='word_1_278' title='bbox 979 2755 1024 2804; x_wconf 86' lang='lat' dir='ltr'>est</span> <span class='ocrx_word' id='word_1_279' title='bbox 1041 2765 1093 2802; x_wconf 90' lang='lat' dir='ltr'>sua</span> <span class='ocrx_word' id='word_1_280' title='bbox 1113 2742 1257 2822; x_wconf 80' lang='lat' dir='ltr'>cupiditas.</span> <span class='ocrx_word' id='word_1_281' title='bbox 1283 2731 1322 2816; x_wconf 78' lang='lat' dir='ltr'>lq·</span> 
     </span>
     <span class='ocr_line' id='line_1_34' title="bbox 223 2810 1323 2914; baseline -0.014 -35"><span class='ocrx_word' id='word_1_282' title='bbox 223 2830 304 2895; x_wconf 80' lang='lat' dir='ltr'>terea</span> <span class='ocrx_word' id='word_1_283' title='bbox 316 2838 377 2879; x_wconf 90' lang='lat' dir='ltr'>non</span> <span class='ocrx_word' id='word_1_284' title='bbox 391 2838 482 2902; x_wconf 82' lang='lat' dir='ltr'>nego,</span> <span class='ocrx_word' id='word_1_285' title='bbox 502 2822 573 2901; x_wconf 90' lang='lat' dir='ltr'>quin</span> <span class='ocrx_word' id='word_1_286' title='bbox 584 2822 744 2882; x_wconf 84' lang='lat' dir='ltr'>similitudo</span> <span class='ocrx_word' id='word_1_287' title='bbox 755 2833 822 2914; x_wconf 86' lang='lat' dir='ltr'>apte</span> <span class='ocrx_word' id='word_1_288' title='bbox 833 2821 868 2881; x_wconf 91' lang='lat' dir='ltr'>ad</span> <span class='ocrx_word' id='word_1_289' title='bbox 878 2821 975 2881; x_wconf 84' lang='lat' dir='ltr'>Deum</span> <span class='ocrx_word' id='word_1_290' title='bbox 985 2819 1187 2892; x_wconf 84' lang='lat' dir='ltr'>transferatur,</span> <span class='ocrx_word' id='word_1_291' title='bbox 1214 2810 1272 2874; x_wconf 90' lang='lat' dir='ltr'>&#39;uod</span> <span class='ocrx_word' id='word_1_292' title='bbox 1280 2825 1323 2892; x_wconf 68' lang='lat' dir='ltr'>sci·</span> 
     </span>
     <span class='ocr_line' id='line_1_35' title="bbox 223 2887 1323 2978; baseline -0.016 -24"><span class='ocrx_word' id='word_1_293' title='bbox 223 2894 294 2955; x_wconf 87' lang='lat' dir='ltr'>licet</span> <span class='ocrx_word' id='word_1_294' title='bbox 313 2895 453 2957; x_wconf 75' lang='lat' dir='ltr'>iudicium</span> <span class='ocrx_word' id='word_1_295' title='bbox 473 2898 582 2978; x_wconf 90' lang='lat' dir='ltr'>absque</span> <span class='ocrx_word' id='word_1_296' title='bbox 603 2899 803 2959; x_wconf 81' lang='lat' dir='ltr'>misericordia</span> <span class='ocrx_word' id='word_1_297' title='bbox 827 2899 950 2973; x_wconf 84' lang='lat' dir='ltr'>sentiet,</span> <span class='ocrx_word' id='word_1_298' title='bbox 969 2899 1020 2978; x_wconf 90' lang='lat' dir='ltr'>qui</span> <span class='ocrx_word' id='word_1_299' title='bbox 1039 2894 1225 2978; x_wconf 87' lang='lat' dir='ltr'>implacabihs</span> <span class='ocrx_word' id='word_1_300' title='bbox 1244 2887 1323 2947; x_wconf 80' lang='lat' dir='ltr'>iratri-</span> 
     </span>
     <span class='ocr_line' id='line_1_36' title="bbox 224 2967 1323 3054; baseline -0.005 -22"><span class='ocrx_word' id='word_1_301' title='bbox 224 2970 279 3032; x_wconf 87' lang='lat' dir='ltr'>bus</span> <span class='ocrx_word' id='word_1_302' title='bbox 299 2967 424 3046; x_wconf 67' lang='lat' dir='ltr'>&#39;bel·³ud</span> <span class='ocrx_word' id='word_1_303' title='bbox 455 2983 616 3035; x_wconf 83' lang='lat' dir='ltr'>extremum</span> <span class='ocrx_word' id='word_1_304' title='bbox 631 2975 838 3034; x_wconf 72' lang='lat' dir='ltr'>contentiosus</span> <span class='ocrx_word' id='word_1_305' title='bbox 858 2973 957 3035; x_wconf 73' lang='lat' dir='ltr'>luerit.</span> <span class='ocrx_word' id='word_1_306' title='bbox 1000 2973 1158 3035; x_wconf 86' lang='lat' dir='ltr'>Caeterum</span> <span class='ocrx_word' id='word_1_307' title='bbox 1176 2970 1323 3054; x_wconf 71' lang='lat' dir='ltr'>plusquam</span> 
     </span>
     <span class='ocr_line' id='line_1_37' title="bbox 224 3043 1324 3168; baseline -0.003 -62"><span class='ocrx_word' id='word_1_308' title='bbox 224 3047 339 3138; x_wconf 74' lang='lat' dir='ltr'>ridiculi</span> <span class='ocrx_word' id='word_1_309' title='bbox 359 3061 427 3110; x_wconf 89' lang='lat' dir='ltr'>sunt</span> <span class='ocrx_word' id='word_1_310' title='bbox 446 3049 486 3112; x_wconf 90' lang='lat' dir='ltr'>Pa</span> <span class='ocrx_word' id='word_1_311' title='bbox 510 3053 596 3125; x_wconf 87' lang='lat' dir='ltr'>istae,</span> <span class='ocrx_word' id='word_1_312' title='bbox 616 3049 717 3130; x_wconf 85' lang='lat' dir='ltr'>quiin</span> <span class='ocrx_word' id='word_1_313' title='bbox 737 3049 878 3132; x_wconf 86' lang='lat' dir='ltr'>perpetua</span> <span class='ocrx_word' id='word_1_314' title='bbox 898 3051 957 3112; x_wconf 91' lang='lat' dir='ltr'>loci</span> <span class='ocrx_word' id='word_1_315' title='bbox 976 3051 1059 3110; x_wconf 86' lang='lat' dir='ltr'>huius</span> <span class='ocrx_word' id='word_1_316' title='bbox 1079 3045 1215 3142; x_wconf 68' lang='lat' dir='ltr'>allegoria</span> <span class='ocrx_word' id='word_1_317' title='bbox 1231 3043 1324 3168; x_wconf 57' lang='lat' dir='ltr'>Perpl-</span> 
     </span>
     <span class='ocr_line' id='line_1_38' title="bbox 224 3073 1324 3210; baseline -0.003 -26"><span class='ocrx_word' id='word_1_318' title='bbox 224 3133 335 3185; x_wconf 87' lang='lat' dir='ltr'>toruiin</span> <span class='ocrx_word' id='word_1_319' title='bbox 354 3147 438 3186; x_wconf 89' lang='lat' dir='ltr'>suum</span> <span class='ocrx_word' id='word_1_320' title='bbox 457 3073 619 3190; x_wconf 74' lang='lat' dir='ltr'>taliterne:</span> <span class='ocrx_word' id='word_1_321' title='bbox 643 3127 716 3187; x_wconf 88' lang='lat' dir='ltr'>nihil</span> <span class='ocrx_word' id='word_1_322' title='bbox 735 3129 862 3210; x_wconf 87' lang='lat' dir='ltr'>apertius</span> <span class='ocrx_word' id='word_1_323' title='bbox 882 3140 939 3202; x_wconf 89' lang='lat' dir='ltr'>cst,</span> <span class='ocrx_word' id='word_1_324' title='bbox 965 3147 1052 3208; x_wconf 88' lang='lat' dir='ltr'>quani</span> <span class='ocrx_word' id='word_1_325' title='bbox 1072 3127 1218 3189; x_wconf 76' lang='lat' dir='ltr'>Christum</span> <span class='ocrx_word' id='word_1_326' title='bbox 1236 3117 1269 3208; x_wconf 66' lang='lat' dir='ltr'>‘l‘</span> <span class='ocrx_word' id='word_1_327' title='bbox 1301 3125 1324 3164; x_wconf 70' lang='grc' dir='ltr'>θ’</span> 
     </span>
     <span class='ocr_line' id='line_1_39' title="bbox 225 3193 1365 3280; baseline -0.003 -22"><span class='ocrx_word' id='word_1_328' title='bbox 225 3199 394 3262; x_wconf 79' lang='lat' dir='ltr'>nevolcntia</span> <span class='ocrx_word' id='word_1_329' title='bbox 413 3204 491 3265; x_wconf 87' lang='lat' dir='ltr'>inter</span> <span class='ocrx_word' id='word_1_330' title='bbox 511 3205 644 3264; x_wconf 81' lang='lat' dir='ltr'>hotuines</span> <span class='ocrx_word' id='word_1_331' title='bbox 664 3205 789 3266; x_wconf 88' lang='lat' dir='ltr'>colenda</span> <span class='ocrx_word' id='word_1_332' title='bbox 804 3206 955 3266; x_wconf 84' lang='lat' dir='ltr'>disserere.</span> <span class='ocrx_word' id='word_1_333' title='bbox 993 3203 1054 3264; x_wconf 91' lang='lat' dir='ltr'>Illis</span> <span class='ocrx_word' id='word_1_334' title='bbox 1073 3203 1153 3265; x_wconf 88' lang='lat' dir='ltr'>nulla</span> <span class='ocrx_word' id='word_1_335' title='bbox 1171 3193 1325 3277; x_wconf 63' lang='lat' dir='ltr'>religioso</span> <span class='ocrx_word' id='word_1_336' title='bbox 1364 3261 1365 3280; x_wconf 14' lang='grc' dir='ltr'>χ</span> 
     </span>
     <span class='ocr_line' id='line_1_40' title="bbox 225 3275 1365 3374; baseline -0.005 -37"><span class='ocrx_word' id='word_1_337' title='bbox 225 3275 289 3337; x_wconf 88' lang='lat' dir='ltr'>sine</span> <span class='ocrx_word' id='word_1_338' title='bbox 308 3278 522 3356; x_wconf 87' lang='lat' dir='ltr'>pudoievcrba</span> <span class='ocrx_word' id='word_1_339' title='bbox 537 3281 598 3341; x_wconf 88' lang='lat' dir='ltr'>eius</span> <span class='ocrx_word' id='word_1_340' title='bbox 613 3294 798 3374; x_wconf 83' lang='lat' dir='ltr'>pervertere,</span> <span class='ocrx_word' id='word_1_341' title='bbox 818 3295 848 3342; x_wconf 89' lang='lat' dir='ltr'>et</span> <span class='ocrx_word' id='word_1_342' title='bbox 866 3284 897 3342; x_wconf 86' lang='lat' dir='ltr'>iu</span> <span class='ocrx_word' id='word_1_343' title='bbox 916 3298 1032 3343; x_wconf 85' lang='lat' dir='ltr'>sensum</span> <span class='ocrx_word' id='word_1_344' title='bbox 1053 3300 1170 3361; x_wconf 82' lang='lat' dir='ltr'>prossus</span> <span class='ocrx_word' id='word_1_345' title='bbox 1182 3277 1325 3335; x_wconf 69' lang='lat' dir='ltr'>enianeum</span> <span class='ocrx_word' id='word_1_346' title='bbox 1364 3301 1365 3306; x_wconf 42' lang='lat'>.</span> 
     </span>
     <span class='ocr_line' id='line_1_41' title="bbox 225 3336 1365 3436; baseline 0.004 -24"><span class='ocrx_word' id='word_1_347' title='bbox 225 3363 377 3432; x_wconf 88' lang='lat' dir='ltr'>torquere,</span> <span class='ocrx_word' id='word_1_348' title='bbox 391 3358 487 3419; x_wconf 74' lang='lat' dir='ltr'>‘modo</span> <span class='ocrx_word' id='word_1_349' title='bbox 508 3357 635 3418; x_wconf 86' lang='lat' dir='ltr'>indoctis</span> <span class='ocrx_word' id='word_1_350' title='bbox 655 3358 753 3418; x_wconf 89' lang='lat' dir='ltr'>sucum</span> <span class='ocrx_word' id='word_1_351' title='bbox 773 3359 890 3420; x_wconf 85' lang='lat' dir='ltr'>faciant.</span> <span class='ocrx_word' id='word_1_352' title='bbox 929 3359 989 3418; x_wconf 88' lang='lat' dir='ltr'>Sed</span> <span class='ocrx_word' id='word_1_353' title='bbox 1003 3359 1141 3436; x_wconf 87' lang='lat' dir='ltr'>quoniam</span> <span class='ocrx_word' id='word_1_354' title='bbox 1161 3353 1244 3431; x_wconf 81' lang='lat' dir='ltr'>longa</span> <span class='ocrx_word' id='word_1_355' title='bbox 1261 3336 1324 3400; x_wconf 63' lang='lat' dir='ltr'><strong>refu·</strong></span> <span class='ocrx_word' id='word_1_356' title='bbox 1364 3395 1365 3416; x_wconf 48' lang='lat' dir='ltr'>i</span> 
     </span>
     <span class='ocr_line' id='line_1_42' title="bbox 226 3408 1325 3520; baseline 0.004 -31"><span class='ocrx_word' id='word_1_357' title='bbox 226 3429 420 3520; x_wconf 74' lang='lat' dir='ltr'>tationc&#39;indi</span> <span class='ocrx_word' id='word_1_358' title='bbox 444 3437 578 3511; x_wconf 85' lang='lat' dir='ltr'>nisuut,</span> <span class='ocrx_word' id='word_1_359' title='bbox 593 3451 659 3495; x_wconf 72' lang='lat' dir='ltr'>&#39;uno</span> <span class='ocrx_word' id='word_1_360' title='bbox 677 3447 792 3496; x_wconf 88' lang='lat' dir='ltr'>tantum</span> <span class='ocrx_word' id='word_1_361' title='bbox 811 3436 904 3498; x_wconf 81' lang='lat' dir='ltr'>verbo</span> <span class='ocrx_word' id='word_1_362' title='bbox 924 3436 1090 3505; x_wconf 84' lang='lat' dir='ltr'>ostendam,</span> <span class='ocrx_word' id='word_1_363' title='bbox 1111 3451 1195 3512; x_wconf 90' lang='lat' dir='ltr'>quam</span> <span class='ocrx_word' id='word_1_364' title='bbox 1213 3408 1325 3506; x_wconf 63' lang='lat' dir='ltr'>publili</span> 
     </span>
     <span class='ocr_line' id='line_1_43' title="bbox 226 3495 1324 3595; baseline -0.005 -27"><span class='ocrx_word' id='word_1_365' title='bbox 226 3517 265 3568; x_wconf 80' lang='lat' dir='ltr'>sit</span> <span class='ocrx_word' id='word_1_366' title='bbox 294 3523 396 3578; x_wconf 80' lang='lat' dir='ltr'>euroni</span> <span class='ocrx_word' id='word_1_367' title='bbox 426 3511 547 3572; x_wconf 77' lang='lat' dir='ltr'>inscitia.</span> <span class='ocrx_word' id='word_1_368' title='bbox 590 3511 794 3575; x_wconf 80' lang='lat' dir='ltr'>A&#39;dversarium</span> <span class='ocrx_word' id='word_1_369' title='bbox 824 3512 940 3595; x_wconf 84' lang='lat' dir='ltr'>lingunt</span> <span class='ocrx_word' id='word_1_370' title='bbox 966 3531 1033 3572; x_wconf 70' lang='lat' dir='ltr'>&#39;esse</span> <span class='ocrx_word' id='word_1_371' title='bbox 1061 3507 1215 3570; x_wconf 84' lang='lat' dir='ltr'>diabolum.</span> <span class='ocrx_word' id='word_1_372' title='bbox 1249 3495 1324 3563; x_wconf 63' lang='lat' dir='ltr'>hiim</span> 
     </span>
     <span class='ocr_line' id='line_1_44' title="bbox 228 3574 1324 3668; baseline 0.008 -26"><span class='ocrx_word' id='word_1_373' title='bbox 228 3581 328 3644; x_wconf 83' lang='lat' dir='ltr'>fideles</span> <span class='ocrx_word' id='word_1_374' title='bbox 348 3607 415 3646; x_wconf 88' lang='lat' dir='ltr'>suos</span> <span class='ocrx_word' id='word_1_375' title='bbox 441 3587 468 3646; x_wconf 90' lang='lat' dir='ltr'>ei</span> <span class='ocrx_word' id='word_1_376' title='bbox 493 3587 654 3648; x_wconf 89' lang='lat' dir='ltr'>benevolos</span> <span class='ocrx_word' id='word_1_377' title='bbox 683 3609 744 3650; x_wconf 88' lang='lat' dir='ltr'>esse</span> <span class='ocrx_word' id='word_1_378' title='bbox 765 3589 897 3651; x_wconf 90' lang='lat' dir='ltr'>Christus</span> <span class='ocrx_word' id='word_1_379' title='bbox 923 3588 1013 3649; x_wconf 90' lang='lat' dir='ltr'>iubet</span> <span class='ocrx_word' id='word_1_380' title='bbox 1057 3589 1138 3668; x_wconf 75' lang='lat' dir='ltr'>Ergo</span> <span class='ocrx_word' id='word_1_381' title='bbox 1158 3594 1190 3641; x_wconf 86' lang='lat' dir='ltr'>nt</span> <span class='ocrx_word' id='word_1_382' title='bbox 1207 3574 1324 3651; x_wconf 69' lang='lat' dir='ltr'>P¹¹f8³l⁰&#39;</span> 
     </span>
     <span class='ocr_line' id='line_1_45' title="bbox 229 3652 1325 3746; baseline 0.005 -27"><span class='ocrx_word' id='word_1_383' title='bbox 229 3661 306 3720; x_wconf 86' lang='lat' dir='ltr'>rium</span> <span class='ocrx_word' id='word_1_384' title='bbox 326 3683 409 3722; x_wconf 88' lang='lat' dir='ltr'>suuni</span> <span class='ocrx_word' id='word_1_385' title='bbox 428 3665 580 3725; x_wconf 84' lang='lat' dir='ltr'>inveniant</span> <span class='ocrx_word' id='word_1_386' title='bbox 594 3665 740 3746; x_wconf 82' lang='lat' dir='ltr'>Pap&#39;istae,</span> <span class='ocrx_word' id='word_1_387' title='bbox 761 3666 893 3726; x_wconf 89' lang='lat' dir='ltr'>diabolos</span> <span class='ocrx_word' id='word_1_388' title='bbox 911 3667 1020 3727; x_wconf 88' lang='lat' dir='ltr'>amicos</span> <span class='ocrx_word' id='word_1_389' title='bbox 1032 3679 1062 3726; x_wconf 90' lang='lat' dir='ltr'>et</span> <span class='ocrx_word' id='word_1_390' title='bbox 1080 3664 1181 3723; x_wconf 91' lang='lat' dir='ltr'>sratres</span> <span class='ocrx_word' id='word_1_391' title='bbox 1192 3671 1248 3715; x_wconf 68' lang='lat' dir='ltr'>esse</span> <span class='ocrx_word' id='word_1_392' title='bbox 1263 3652 1325 3725; x_wconf 51' lang='grc' dir='ltr'>ΡΨ</span> 
     </span>
     <span class='ocr_line' id='line_1_46' title="bbox 230 3727 1324 3827; baseline -0.004 -28"><span class='ocrx_word' id='word_1_393' title='bbox 230 3745 360 3818; x_wconf 86' lang='lat' dir='ltr'>&#39;oportet</span> <span class='ocrx_word' id='word_1_394' title='bbox 399 3741 601 3815; x_wconf 79' lang='lat' dir='ltr'>Quadrantem</span> <span class='ocrx_word' id='word_1_395' title='bbox 622 3753 970 3827; x_wconf 81' lang='lat' dir='ltr'>esse-quartampartem</span> <span class='ocrx_word' id='word_1_396' title='bbox 995 3744 1063 3804; x_wconf 91' lang='lat' dir='ltr'>assis</span> <span class='ocrx_word' id='word_1_397' title='bbox 1087 3750 1188 3798; x_wconf 82' lang='lat' dir='ltr'>notum</span> <span class='ocrx_word' id='word_1_398' title='bbox 1214 3737 1263 3788; x_wconf 82' lang='lat' dir='ltr'>est:</span> <span class='ocrx_word' id='word_1_399' title='bbox 1304 3727 1324 3766; x_wconf 76' lang='lat'>¹⁶</span> 
     </span>
     <span class='ocr_line' id='line_1_47' title="bbox 230 3795 1325 3909; baseline -0.007 -28"><span class='ocrx_word' id='word_1_400' title='bbox 230 3827 329 3874; x_wconf 63' lang='lat' dir='ltr'>tutem</span> <span class='ocrx_word' id='word_1_401' title='bbox 347 3837 402 3909; x_wconf 74' lang='lat' dir='ltr'>pro</span> <span class='ocrx_word' id='word_1_402' title='bbox 423 3819 557 3880; x_wconf 78' lang='lat' dir='ltr'>temincio</span> <span class='ocrx_word' id='word_1_403' title='bbox 577 3820 623 3880; x_wconf 83' lang='lat' dir='ltr'>vel</span> <span class='ocrx_word' id='word_1_404' title='bbox 646 3820 759 3879; x_wconf 86' lang='lat' dir='ltr'>minuta</span> <span class='ocrx_word' id='word_1_405' title='bbox 783 3819 838 3880; x_wconf 86' lang='lat' dir='ltr'>alia</span> <span class='ocrx_word' id='word_1_406' title='bbox 862 3821 987 3899; x_wconf 81' lang='lat' dir='ltr'>pecunia</span> <span class='ocrx_word' id='word_1_407' title='bbox 1014 3819 1139 3900; x_wconf 86' lang='lat' dir='ltr'>capitur,</span> <span class='ocrx_word' id='word_1_408' title='bbox 1162 3795 1325 3898; x_wconf 58' lang='lat' dir='ltr'>quamnim·</span> 
     </span>
     <span class='ocr_line' id='line_1_48' title="bbox 232 3881 1325 3986; baseline -0.002 -37"><span class='ocrx_word' id='word_1_409' title='bbox 232 3889 301 3951; x_wconf 89' lang='lat' dir='ltr'>dum</span> <span class='ocrx_word' id='word_1_410' title='bbox 322 3904 417 3957; x_wconf 85' lang='lat' dir='ltr'>etiam&#39;</span> <span class='ocrx_word' id='word_1_411' title='bbox 429 3917 463 3955; x_wconf 86' lang='lat' dir='ltr'>ex</span> <span class='ocrx_word' id='word_1_412' title='bbox 480 3897 560 3955; x_wconf 81' lang='lat' dir='ltr'>Luca</span> <span class='ocrx_word' id='word_1_413' title='bbox 580 3909 670 3975; x_wconf 89' lang='lat' dir='ltr'>patet.</span> <span class='ocrx_word' id='word_1_414' title='bbox 709 3897 771 3956; x_wconf 83' lang='lat' dir='ltr'>Iam</span> <span class='ocrx_word' id='word_1_415' title='bbox 792 3897 815 3956; x_wconf 92' lang='lat' dir='ltr'>si</span> <span class='ocrx_word' id='word_1_416' title='bbox 831 3895 941 3958; x_wconf 73' lang='lat' dir='ltr'>&#39;cavillis</span> <span class='ocrx_word' id='word_1_417' title='bbox 962 3893 1050 3978; x_wconf 83' lang='lat' dir='ltr'>ag&#39;ere</span> <span class='ocrx_word' id='word_1_418' title='bbox 1070 3893 1168 3962; x_wconf 83' lang='lat' dir='ltr'>libeat,</span> <span class='ocrx_word' id='word_1_419' title='bbox 1188 3886 1249 3944; x_wconf 87' lang='lat' dir='ltr'>binc</span> <span class='ocrx_word' id='word_1_420' title='bbox 1266 3881 1325 3986; x_wconf 57' lang='lat'>(1⁰⁰,</span> 
     </span>
     <span class='ocr_line' id='line_1_49' title="bbox 232 3953 1316 4054; baseline -0.007 -28"><span class='ocrx_word' id='word_1_421' title='bbox 232 3987 290 4046; x_wconf 90' lang='lat' dir='ltr'>que</span> <span class='ocrx_word' id='word_1_422' title='bbox 314 3971 458 4034; x_wconf 82' lang='lat' dir='ltr'>refellitur</span> <span class='ocrx_word' id='word_1_423' title='bbox 480 3971 624 4033; x_wconf 85' lang='lat' dir='ltr'>insulsitas</span> <span class='ocrx_word' id='word_1_424' title='bbox 642 3975 841 4054; x_wconf 41' lang='lat' dir='ltr'>*Papistarum</span> <span class='ocrx_word' id='word_1_425' title='bbox 891 3973 965 4032; x_wconf 89' lang='lat' dir='ltr'>Nam</span> <span class='ocrx_word' id='word_1_426' title='bbox 991 3973 1015 4034; x_wconf 90' lang='lat' dir='ltr'>si</span> <span class='ocrx_word' id='word_1_427' title='bbox 1034 3975 1098 4033; x_wconf 80' lang='lat' dir='ltr'>Pur</span> <span class='ocrx_word' id='word_1_428' title='bbox 1118 3963 1235 4028; x_wconf 78' lang='lat' dir='ltr'>utorium</span> <span class='ocrx_word' id='word_1_429' title='bbox 1256 3953 1316 4008; x_wconf 69' lang='lat' dir='ltr'>,sne</span> 
     </span>
     <span class='ocr_line' id='line_1_50' title="bbox 232 4024 1364 4130; baseline 0 -25"><span class='ocrx_word' id='word_1_430' title='bbox 232 4044 378 4128; x_wconf 76' lang='lat' dir='ltr'>ingressus</span> <span class='ocrx_word' id='word_1_431' title='bbox 400 4055 459 4110; x_wconf 81' lang='lat' dir='ltr'>&#39;siun</span> <span class='ocrx_word' id='word_1_432' title='bbox 483 4071 549 4109; x_wconf 87' lang='lat' dir='ltr'>uam</span> <span class='ocrx_word' id='word_1_433' title='bbox 573 4050 766 4126; x_wconf 72' lang='lat' dir='ltr'>ind&#39;e&#39;exibit,</span> <span class='ocrx_word' id='word_1_434' title='bbox 790 4049 1031 4130; x_wconf 72' lang='lat' dir='ltr'>doncusolverit</span> <span class='ocrx_word' id='word_1_435' title='bbox 1053 4048 1183 4130; x_wconf 62' lang='lat' dir='ltr'>ultimum</span> <span class='ocrx_word' id='word_1_436' title='bbox 1207 4024 1326 4112; x_wconf 58' lang='lat' dir='ltr'>‘immi‘</span> <span class='ocrx_word' id='word_1_437' title='bbox 1363 4103 1364 4110; x_wconf 71' lang='grc'>,</span> 
     </span>
     <span class='ocr_line' id='line_1_51' title="bbox 232 4071 1364 4208; baseline -0.002 -31"><span class='ocrx_word' id='word_1_438' title='bbox 232 4128 303 4194; x_wconf 88' lang='lat' dir='ltr'>tem,</span> <span class='ocrx_word' id='word_1_439' title='bbox 316 4071 638 4206; x_wconf 63' lang='lat' dir='ltr'>sequitanliritaesse·</span> <span class='ocrx_word' id='word_1_440' title='bbox 649 4139 842 4208; x_wconf 80' lang='lat' dir='ltr'>quacvocant</span> <span class='ocrx_word' id='word_1_441' title='bbox 860 4101 1325 4207; x_wconf 64' lang='lat' dir='ltr'>pis··iibrrutsiiv0iiiiisuffrtb¹²&#39;</span> <span class='ocrx_word' id='word_1_442' title='bbox 1363 4131 1364 4169; x_wconf 77' lang='lat' dir='ltr'>t</span> 
     </span>
     <span class='ocr_line' id='line_1_52' title="bbox 232 4179 1328 4289; baseline -0.027 -12"><span class='ocrx_word' id='word_1_443' title='bbox 232 4195 337 4276; x_wconf 58' lang='lat' dir='ltr'>Neque</span> <span class='ocrx_word' id='word_1_444' title='bbox 358 4205 435 4275; x_wconf 88' lang='lat' dir='ltr'>enini</span> <span class='ocrx_word' id='word_1_445' title='bbox 457 4205 527 4266; x_wconf 88' lang='lat' dir='ltr'>alios</span> <span class='ocrx_word' id='word_1_446' title='bbox 547 4204 826 4279; x_wconf 79' lang='lat' dir='ltr'>admittitClssistus&#39;,</span> <span class='ocrx_word' id='word_1_447' title='bbox 845 4203 898 4283; x_wconf 85' lang='lat' dir='ltr'>qui</span> <span class='ocrx_word' id='word_1_448' title='bbox 915 4203 1113 4264; x_wconf 78' lang='lat' dir='ltr'>satisfactione</span> <span class='ocrx_word' id='word_1_449' title='bbox 1131 4179 1328 4289; x_wconf 36' lang='lat' dir='ltr'>susubium,</span> 
     </span>
     <span class='ocr_line' id='line_1_53' title="bbox 235 4241 1327 4366; baseline -0.006 -27"><span class='ocrx_word' id='word_1_450' title='bbox 235 4269 401 4366; x_wconf 57' lang='lat' dir='ltr'>ffbfqlvenh</span> <span class='ocrx_word' id='word_1_451' title='bbox 426 4283 476 4344; x_wconf 88' lang='lat' dir='ltr'>sed</span> <span class='ocrx_word' id='word_1_452' title='bbox 497 4281 666 4344; x_wconf 84' lang='lat' dir='ltr'>diserte··sb</span> <span class='ocrx_word' id='word_1_453' title='bbox 684 4293 868 4365; x_wconf 79' lang='lat' dir='ltr'>unoquoque</span> <span class='ocrx_word' id='word_1_454' title='bbox 892 4273 1149 4343; x_wconf 81' lang='lat' dir='ltr'>solutioucm&#39;eius</span> <span class='ocrx_word' id='word_1_455' title='bbox 1168 4258 1240 4347; x_wconf 78' lang='lat' dir='ltr'>qaod</span> <span class='ocrx_word' id='word_1_456' title='bbox 1257 4241 1327 4366; x_wconf 59' lang='lat' dir='ltr'>debis</span> 
     </span>
    </p>

    <p class='ocr_par' dir='ltr' id='par_1_7' title="bbox 237 4333 1363 4444">
     <span class='ocr_line' id='line_1_54' title="bbox 237 4333 1363 4444; baseline 0 -25"><span class='ocrx_word' id='word_1_457' title='bbox 237 4359 330 4430; x_wconf 44' lang='lat'>⁸¹¹3&amp;</span> <span class='ocrx_word' id='word_1_458' title='bbox 371 4355 488 4430; x_wconf 86' lang='lat' dir='ltr'>Quodsi</span> <span class='ocrx_word' id='word_1_459' title='bbox 504 4359 625 4432; x_wconf 81' lang='lat' dir='ltr'>ibutiies</span> <span class='ocrx_word' id='word_1_460' title='bbox 643 4361 836 4431; x_wconf 76' lang='lat' dir='ltr'>aunthlissae</span> <span class='ocrx_word' id='word_1_461' title='bbox 856 4369 886 4418; x_wconf 88' lang='lat' dir='ltr'>et</span> <span class='ocrx_word' id='word_1_462' title='bbox 903 4356 1016 4438; x_wconf 69' lang='lat' dir='ltr'>reliqua</span> <span class='ocrx_word' id='word_1_463' title='bbox 1034 4350 1154 4437; x_wconf 65' lang='lat' dir='ltr'>pisculos</span> <span class='ocrx_word' id='word_1_464' title='bbox 1171 4333 1317 4423; x_wconf 52' lang='lat' dir='ltr'>tumim„</span> <span class='ocrx_word' id='word_1_465' title='bbox 1362 4407 1363 4444; x_wconf 45' lang='lat'>3</span> 
     </span>
    </p>
   </div>
   <div class='ocr_carea' id='block_1_3' title="bbox 1359 4551 1363 4706">
    <p class='ocr_par' dir='ltr' id='par_1_8' title="bbox 1359 4533 1363 4706">
     <span class='ocr_line' id='line_1_55' title="bbox 1359 4551 1363 4706; baseline 0 0"><span class='ocrx_word' id='word_1_466' title='bbox 1359 4551 1363 4706; x_wconf 88' lang='lat' dir='ltr'>l</span> 
     </span>
    </p>
   </div>
   <div class='ocr_carea' id='block_1_4' title="bbox 0 0 1430 4748">
    <p class='ocr_par' dir='ltr' id='par_1_9' title="bbox 0 0 1430 4748">
     <span class='ocr_line' id='line_1_56' title="bbox 0 0 1430 4748; baseline 0 0"><span class='ocrx_word' id='word_1_467' title='bbox 0 0 1430 4748; x_wconf 95' lang='lat' dir='ltr'> </span> 
     </span>
    </p>
   </div>
  </div>
 </body>
</html>
