2786 4742
393 197 396 225 t
464 201 718 266 Anosronoaurs
736 177 935 267 mandouro.

332 513 338 518 ,
396 359 661 514 ιΞΕΟΤΙΟ
691 379 983 512 Vilius-oo.)
1075 509 1077 512 ¹
1150 481 1160 493 ,

217 582 711 697 'Aeosronoisum
762 601 1155 693 rnsrrrurro

116 767 122 784 s
168 745 262 830 ’,(83.)
303 749 473 816 ΜἈΤΤΗ.
493 751 531 816 Χ.
581 751 614 820 1.·
640 751 687 842 Et
719 751 879 816 arcessitis
913 736 1087 815 duodecim
1114 750 1267 842 'discipu-

134 847 177 912 lis
209 847 301 918 dedit
332 851 397 920 illis
425 857 621 940 potestatem
656 851 811 917 adversus
845 851 976 944 spigitus
998 841 1204 932 immundos,
1230 865 1268 922 ut

70 1005 71 1010 ,
135 951 293 1019 eiiccrcnt
315 975 388 1032 eos,
417 964 449 1020 et
469 964 621 1020 sanarent
642 956 787 1040 quemvis
814 950 962 1045 morbum
985 963 1018 1019 et
1036 957 1180 1043 quemvis
1199 954 1269 1046 lan-

134 1071 279 1135 guorem.
319 1055 349 1118 2.
364 1055 474 1130 ¹Porro
489 1048 662 1120 duodecim
676 1051 910 1140 Apostolorum
924 1055 1056 1119 nomina
1076 1065 1151 1120 sunt
1171 1055 1269 1124 bacci

133 1153 257 1236 primus
280 1154 407 1234 Simon,
434 1157 490 1242 qui
510 1141 646 1222 iocatur
666 1156 796 1234 Petrus,
822 1163 854 1220 et
881 1153 1031 1222 Andreas
1057 1154 1156 1222 frater
1181 1159 1269 1225 eius:

133 1251 276 1320 Iacobus
293 1253 383 1326 iilius
406 1254 583 1336 Zebedaei,
603 1267 636 1322 et
655 1257 796 1323 Ioannes
816 1255 918 1326 frater
931 1244 1023 1344 eins:
1049 1258 1079 1323 3.
1099 1257 1269 1346 Philippus

118 1368 175 1416 'ac
195 1353 481 1422 Bartholomaeuss
502 1355 658 1452 Thomas,
681 1366 713 1422 et
732 1353 930 1436 Matthaeus,
959 1361 1015 1445 qui
1034 1357 1143 1424 fuerat
1161 1357 1270 1445 publi-

133 1475 250 1520 canus:
286 1455 425 1528 lacobus
457 1456 547 1523 filius
573 1456 728 1544 Alpbaei,
768 1465 801 1522 et
831 1455 1021 1538 Lebbaeus,
1051 1469 1268 1546 cognomento

134 1553 351 1624 Tbaddaeus:
391 1557 421 1624 4.
446 1557 558 1630 Simon
580 1559 795 1644 Cananaeus,
821 1568 853 1624 at
873 1557 970 1627 Indus
994 1559 1179 1642 Isoariotcs,
1212 1563 1270 1650 qui

69 1689 71 1724 t
135 1664 170 1720 et
196 1655 342 1742 prodidit
369 1657 469 1724 illum.
515 1654 545 1748 5
570 1659 642 1725 Hos
669 1645 807 1732 numero
836 1643 1017 1728 duodecim
1038 1663 1143 1742 emisit
1170 1643 1271 1744 Idtns,
1318 1712 1321 1717 -

69 1769 71 1800 ²
133 1753 255 1842 quibus
275 1779 472 1850 praecepera
509 1760 636 1853 dicens,
657 1763 691 1826 in
709 1758 971 1828 viamrssentium
992 1782 1035 1827 ne
1056 1757 1215 1844 abieritis,
1236 1773 1271 1831 et

69 1845 71 1880 ‘¹
133 1859 350 1935 inuisitatem
371 1859 644 1929 Samaritanorum
662 1882 709 1932 ne¹
727 1861 971 1950 ingrediamini:
1005 1864 1035 1928 o.
1055 1862 1122 1930 Sed
1143 1865 1192 1930 ite
1209 1885 1271 1952 po-
1323 1905 1324 1908 κ

69 2003 71 2034 ,
132 1961 198 2036 tius
219 1958 263 2026 ad
274 1981 361 2028 ovas
381 1962 526 2049 perditas
546 1961 662 2029 domus
683 1963 793 2030 Israel.
820 1965 861 2030 7.
880 1962 1027 2042 Profecti
1046 1974 1153 2031 autem
1174 1981 1270 2053 prae·

69 2077 70 2112 1
135 2059 251 2140 dicate,
272 2061 426 2143 dicentes,
447 2065 733 2150 Appropinqnavit
750 2085 886 2149 regnum
908 2061 1085 2134 coelorum·
1128 2066 1158 2133 8.
1175 2067 1271 2133 Infir-

69 2161 70 2168 '
134 2183 206 2244 mos
227 2161 527 2251 sanata,.leprosos
546 2163 714 2240 mundate,
741 2176 887 2232 mortuos
907 2168 1076 2243 suscitato,
1097 2163 1270 2238 daemonia

69 2317 70 2330 .
136 2266 259 2331 eiicite:
278 2265 415 2350 gratuito
438 2266 616 2351 accepistis,
636 2267 774 2350 gratuito
797 2263 880 2330 date.
1200 2280 1202 2284 ·

219 2386 436 2490 MARC..YL
479 2400 507 2464 7.
538 2399 588 2466 Et.
613 2400 746 2464 arcessit
784 2395 971 2478 duodecim,
1006 2399 1180 2486 coepitque
1210 2422 1269 2470 eos

69 2543 98 2612 ³,
136 2498 283 2663 emittcrp
309 2493 423 2577 bino‘s,
451 2518 490 2562 ao
516 2497 617 2565 dabat
641 2496 708 2564 iliis
733 2503 926 2582 potestatem
953 2497 1111 2564 advorsus
1135 2501 1272 2612 spirittu'

135 2620 256 2666 immun
282 2620 328 2673 os.
706 2617 715 2622 '
789 2611 791 2624 ’
1016 2629 1018 2634 ·
1229 2613 1233 2622 “

69 2799 71 2810 ,
220 2731 322 2806 LUC.
341 2733 395 2798 lx.
441 2731 469 2798 1.
492 2729 691 2800 Convocatis
714 2714 932 2800 autcm'lesus
954 2731 1145 2814 duodecim,
1174 2734 1282 2806 dedit

69 2852 72 2888 t
135 2835 205 2904 iliis
221 2827 424 2924 potestatem·
436 2843 469 2900 et
489 2833 710 2918 anctoritatem
731 2836 961 2922 superomnia
982 2831 1162 2918 daemonia,
1185 2849 1217 2904 at
1232 2847 1270 2908 ut

69 2925 72 2964 ³
135 2937 268 3009 morbos
288 2947 449 3004 sanarent.
495 2936 527 3002 2:
555 2935 597 3002 Et
615 2937 701 3004 misit
718 2934 811 3017 illos,
829 2945 867 3002 nt
887 2933 1115 3022 praedicarent
1132 2960 1268 3026 regnum
1286 2960 1297 2980 ³
1323 3025 1324 3029 Ἰ

135 3038 211 3118 Dei,
223 3049 262 3112 at
283 3049 435 3118 sanarent
454 3038 621 3128 infirmos.¹

69 3231 71 3266 .
211 3187 270 3252 Hic
289 3185 503 3268 Apostolorum
521 3185 640 3250 vocatio
656 3184 745 3248 nobis
764 3186 957 3262 describitur,
977 3207 1038 3250 non
1059 3187 1150 3268 qualis
1169 3175 1269 3270 antea
1314 3203 1316 3212 ’

69 3309 71 3340 ,
137 3287 226 3346 quum
253 3285 303 3328 eos
328 3264 474 3325 Dominus
499 3262 541 3342 ad.
564 3284 669 3323 munus
693 3284 776 3324 suurn
802 3284 976 3346 praeparare
1000 3263 1157 3342 veiensis
1182 3288 1270 3330 suum

69 3391 71 3414 ,
119 3342 365 3403 contubernium
386 3339 485 3423 clegit.
523 3341 610 3400 Nunc
630 3339 710 3400 anim
720 3353 863 3402 vocantur
882 3342 919 3402 ad
938 3355 1123 3423 praesentem
1134 3342 1267 3405 surmio-

137 3438 216 3496 nem,
236 3419 378 3479 iubentur
389 3439 420 3484 se
432 3416 468 3478 ad
482 3437 555 3499 opus
565 3415 858 3498 accingerc‚'dsntur
866 3418 924 3480 illis
934 3419 1080 3494 mandata,
1100 3420 1269 3485 etnadcatt
1323 3469 1324 3474 η

69 3535 70 3570 3
137 3494 311 3568 auctoritas,
336 3495 464 3579 Spiritus
490 3493 624 3576 potentia
649 3504 799 3554 ornantur.
841 3495 927 3556 Prius
947 3515 1021 3577 ergo
1042 3495 1267 3560 destinabantur

69 3613 70 3620 ,
136 3570 169 3646 in
196 3569 395 3653 spero'futuri
425 3571 547 3633 laboris:
580 3587 659 3656 nuuc
682 3568 799 3632 boram·
809 3572 923 3646 venisse
943 3571 1077 3633 Christus
1101 3571 1269 3648 denuntiat,

139 3667 194 3724 qus
211 3669 315 3710 manus
335 3647 420 3728 operi
438 3648 622 3708 admoveant.
665 3646 835 3708 Notandum
853 3660 952 3710 tamen
973 3660 1032 3722 est,
1063 3648 1099 3709 de
1118 3659 1266 3729 perpetuo

69 3725 70 3732 ’
136 3725 316 3804 Apostoiatu
340 3726 471 3785 nondum
497 3723 600 3784 baberi
623 3743 805 3798 sermonem,
827 3725 879 3786 scd
905 3737 1020 3804 tautum
1044 3724 1080 3784 dc
1104 3724 1267 3805 praeconio

136 3811 196 3862 tem
220 3799 382 3882 oraiiffluo
403 3801 477 3884 erigi
497 3814 528 3862 et
547 3799 739 3884 expergefieri
752 3801 893 3882 oportun
912 3801 1063 3863 bominum
1083 3811 1213 3876 mentes,
1231 3812 1267 3862 ut

138 3877 174 3936 ad
194 3824 346 3942 &hristum
366 3879 539 3939 audiendum
559 3879 651 3958 magis
671 3878 775 3938 attenti
797 3877 905 3938 forent.
929 3879 1029 3938 ‘Nunc
1049 3896 1121 3959 ergo
1141 3876 1267 3938 mittun.

138 3963 196 4029 tur,
215 3967 248 4016 ut
267 3956 297 4016 in
317 3955 425 4016 Iudaea
443 3967 558 4037 tempus
578 3958 679 4018 adessc‘
719 3955 857 4015 romissao
876 3953 1094 4016 instaurationis
1115 3952 1264 4019 assaturis

139 4033 287 4096 nuntient:
318 4044 421 4113 postea
438 4032 592 4093 ordinabit
611 4052 662 4092 eos
683 3975 839 4110 (inustus,
863 4044 897 4092 ut
915 4027 1108 4112 Evangeiimn
1126 4041 1266 4112 spargant

139 4125 192 4240 per
208 4120 304 4170 totum
317 4110 431 4170 orbem.
471 4110 528 4172 Hic
547 4121 660 4169 tantum
678 4109 827 4170 adiutores
845 4108 903 4169 sibi
923 4128 973 4167 eos
994 4107 1122 4182 assumit,
1142 4107 1192 4186 qni
1211 4127 1265 4170 au·

69 4211 73 4312 p
160 4181 274 4246 ientiam
305 4185 348 4247 illi
379 4198 568 4268 comparent,
596 4207 655 4267 quo
675 4207 730 4247 vox
762 4186 823 4246 eius
852 4183 1007 4268 pervenire
1038 4197 1102 4256 nos
1129 4194 1264 4266 poterata

69 4323 71 4338 ,
140 4270 241 4334 postea
260 4263 389 4326 docendi
408 4275 523 4346 partes,
547 4283 616 4343 quas
637 4261 770 4338 obierat,
795 4260 852 4326 iilis
875 4259 1058 4342 resignabit„
1078 4258 1185 4341 ‘Atque
1206 4260 1265 4324 boc

134 4345 243 4400 notare
262 4359 371 4424 operae
390 4342 599 4428 pretiumost,
630 4361 668 4434 ne
688 4353 822 4425 putemus
846 4337 980 4410 stabilem
1006 4337 1148 4424 &mque
1167 4337 1264 4425 legem
