2786 4742
560 253 714 320 sacrm
734 255 804 319 vn.
842 255 1029 321 munna

310 405 411 478 LUC.
431 405 517 473 vm.
573 405 624 472 49.
640 403 777 472 ·Adbue
802 425 850 470 eo
876 401 1034 493 loquente
1064 405 1156 470 renit
1181 403 1354 491 quideme

228 515 327 582 domo
348 505 503 598 p'rincipis
523 527 722 594 synagogae,
751 505 863 573 dicens
885 507 932 584 ei,
968 506 1105 572 Mortua
1131 515 1180 571 est
1202 503 1273 570 filia
1294 515 1353 583 tua,

226 639 271 684 ne
291 614 599 697 vexesmagistrum.
645 609 696 674 50.
723 607 814 674 lesus
837 615 942 672 autem
964 601 1028 676 boc
1054 604 1166 672 audito
1188 606 1354 693 respondit

227 717 376 808 principi,
396 712 515 791 dicens,
536 711 589 778 Nc
607 713 730 786 timeas,
752 720 873 774 tantum
896 707 1010 787 crede,
1032 715 1064 772 et
1084 705 1174 771 salva
1195 711 1266 772 erit.
1307 709 1353 775 51.

227 819 272 888 Et
292 837 389 905 quum
409 816 551 880 venisset
568 813 602 876 in
624 809 763 890 domum,
784 830 852 874 non
873 811 1018 896 permisit
1035 812 1154 876 intrare
1174 830 1351 896 quenquam

227 919 292 988 nisi
313 919 452 994 Petrum,
474 924 506 980 et
526 911 691 990 Iacobum,
714 921 747 976 ct
766 911 932 992 loannem,
955 922 987 977 et
1006 921 1145 999 patrem,
1167 931 1205 975 ac
1225 922 1350 976 matrem

228 1017 370 1110 puellae.
411 1017 463 1082 52.
484 1012 627 1079 Flebant
647 1025 754 1078 autem
776 1033 900 1091 omnes,
921 1023 954 1078 ct
973 1011 1169 1101 plangebant
1189 1011 1289 1078 illam.
1315 1013 1351 1077 At

227 1120 288 1190 ille
309 1118 395 1197 dicit,
414 1115 468 1182 Ne
489 1113 581 1179 flete:
601 1135 670 1179 non
692 1122 741 1178 est
761 1124 901 1193 mortua,
922 1113 981 1180 sed
1001 1113 1144 1180 donarit·
1168 1115 1219 1180 53.
1239 1113 1283 1180 Et
1303 1115 1352 1179 de·
1377 1101 1378 1124 l

175 1218 178 1226 ’
228 1220 491 1310 ridebanteum,
518 1217 656 1280 scientes
678 1213 768 1301 quod
788 1224 915 1280 mortua
938 1226 1031 1282 esset.
1078 1216 1128 1280 54.
1154 1215 1228 1302 lpse
1252 1227 1351 1282 autem
1377 1257 1378 1260 =

137 1394 142 1406 „
230 1325 343 1390 eiectis
363 1320 451 1388 foras
473 1314 632 1394 omnibus,
654 1315 856 1403 apprehensa
878 1337 974 1382 manu
989 1318 1058 1382 eins
1070 1316 1226 1396 clamavit,
1237 1315 1349 1394 dicens,

206 1443 210 1455 ·
229 1421 355 1500 Puella,
376 1437 480 1505 surge.
528 1417 579 1480 55.
612 1415 655 1482 Et
675 1437 824 1482 reversus
851 1426 900 1482 cat
928 1419 1058 1504 spiritus
1080 1420 1150 1482 eius
1172 1426 1203 1481 et
1224 1422 1350 1485 surrexit
1377 1483 1378 1502 χ

232 1525 398 1600 continuo,
419 1541 457 1584 ac
476 1515 570 1610 iussit
588 1517 638 1584 illi
660 1517 740 1600 dari,
762 1516 852 1606 quod
874 1517 994 1584 ederet
1035 1519 1086 1584 56.
1105 1517 1147 1584 Et
1167 1527 1348 1605 stupuerunt

230 1633 383 1715 parentes
404 1623 488 1689 eius:
514 1629 547 1686 at
566 1616 625 1686 ille
644 1621 813 1708 praecepit
834 1621 896 1700 eis,
926 1641 969 1686 nc
996 1621 1050 1686 cui
1076 1617 1234 1700 dicerent,
1270 1621 1345 1710 quod
1377 1687 1378 1692 ,

230 1727 350 1792 iactum
372 1731 451 1788 erat
678 1727 680 1734 '

177 1981 180 1989 .
311 1929 403 1992 Marc.
427 1931 476 1992 36.
518 1925 570 1986 Ne
595 1938 721 2000 moues,
751 1924 947 1987 acommoda
969 1924 1060 1990 caede.
1116 1927 1348 2010 Desperationen
1377 1955 1378 1958 ¹

233 2005 372 2072 attulerat
390 2003 511 2064 nuntius
530 2003 650 2078 mortis,
697 2003 755 2062 uod
776 2023 837 2063 non
857 2004 936 2064 aliud
962 2004 1090 2086 petierat
1108 2027 1124 2066 a
1145 2007 1279 2079 Christo,
1304 2006 1347 2066 nisi
1377 2009 1378 2018 ³

233 2099 269 2147 nt
287 2103 321 2145 ae
358 2093 425 2143 otae
445 2090 639 2142 succurreret.
708 2091 768 2141 etat
787 2080 878 2163 igitur
893 2080 1025 2143 Christus
1044 2095 1124 2144 metu
1144 2105 1177 2144 ac
1197 2083 1346 2143 diffidentia

256 2102 426 2224 raeelrldere
452 2155 562 2218 aditum
587 2155 716 2238 gratiae,
747 2158 793 2218 cui
818 2178 897 2218 mors
923 2158 1074 2220 obstaculo
1101 2159 1196 2220 futura
1222 2181 1281 2219 non
1305 2172 1346 2220 est

266 2259 299 2300 ac
318 2235 396 2304 enim
415 2253 499 2307 voce,
517 2247 630 2294 caestum
647 2233 742 2310 mdc,
762 2235 916 2316 significat,
937 2257 998 2296 non
1019 2235 1123 2300 datore
1141 2237 1197 2297 sibi
1213 2237 1347 2308 virtutem,

234 2314 326 2378 modo
346 2333 413 2372 eum
432 2306 525 2372 Iairus
545 2311 690 2373 admittat:
716 2323 745 2372 et
764 2311 848 2374 simul
876 2312 1024 2388 bortatur,
1051 2324 1084 2374 ut
1106 2334 1208 2374 secure
1233 2315 1347 2373 animum

235 2413 319 2457 suum
340 2389 460 2466 dilatet,
508 2387 555 2448 uia
574 2389 819 2449 timendumnon
839 2387 894 2462 sit,
918 2409 956 2452 ne
980 2389 1052 2452 fides
1072 2389 1134 2452 eius
1160 2389 1245 2452 latius
1263 2401 1347 2472 pateat
1378 2408 1379 2452 l

235 2470 483 2553 quamimmensa
533 2463 561 2525 ei
579 2465 678 2530 rirtua.
723 2465 763 2525 Et
782 2485 852 2526 sane
872 2466 910 2526 ita
929 2484 976 2528 res
997 2465 1085 2527 babet
1109 2467 1140 2528 in
1159 2467 1245 2528 nobis
1264 2465 1346 2527 omni·
1378 2471 1379 2480 ’

234 2548 307 2610 busa
332 2543 437 2606 multo
454 2541 534 2604 enim
558 2541 706 2604 liberalius
729 2554 833 2625 ageret
849 2543 930 2604 Dens
954 2542 1122 2619 nobiseum,
1153 2543 1208 2605 nisi
1233 2556 1288 2605 tam
1311 2562 1348 2602 re·

235 2623 330 2688 stricti
350 2641 488 2694 essemus,
506 2617 558 2680 sed
576 2618 869 2700 impediuntnostrae
888 2641 924 2680 an
948 2621 1049 2696 ustiac,
1068 2641 1106 2681 ne
1121 2620 1240 2682 uberius
1257 2619 1289 2682 in
1304 2639 1349 2678 noa
1378 2625 1379 2682 l

236 2723 287 2764 sua
307 2699 385 2760 dona
404 2695 546 2756 effundat
584 2693 622 2754 In
641 2717 751 2756 summa
771 2697 913 2758 docemur
927 2639 988 2761 boc
1008 2697 1091 2772 loco,
1117 2719 1178 2758 non
1203 2717 1288 2777 posse
1306 2717 1349 2756 nos
1378 2687 1379 2780 l

235 2776 356 2840 modurn
377 2771 527 2834 eredendo
546 2771 698 2850 excedere,
719 2773 786 2852 quia
806 2795 955 2865 nunquam
974 2773 1285 2836 centesimamdivina'e
1303 2773 1349 2834 bo·
1378 2787 1379 2794 ’

236 2850 336 2916 nitatis
355 2861 471 2934 partem
491 2848 561 2908 fides
581 2860 692 2924 nostra,
713 2861 896 2928 quantumns
916 2848 1021 2931 ampla,
1040 2851 1143 2932 capiet.

312 2933 361 2994 37.
400 2925 472 2986 Non
485 2926 617 3001 permisit
633 2946 794 3006 qrsenquam
811 2947 842 2985 sc
858 2930 948 3006 sequi.
981 2926 1116 3007 Velquia
1136 2927 1350 3012 indigniorem,

237 3025 312 3086 ques
330 3014 420 3065 testes
443 3001 596 3064 adhiberet
620 3002 776 3078 miraculo,
792 3022 858 3069 ¹eos
889 3024 1006 3065 accessu
1031 3003 1198 3084 probibuit,
1229 3004 1275 3064 rel
1316 3003 1350 3063 nia

234 3080 362 3143 eiciebat
379 3079 466 3140 turba
487 3080 747 3160 circumstrepente
768 3077 855 3140 obrui
875 3081 1055 3142 miraculum.
1094 3081 1190 3142 Satius
1209 3082 1287 3142 enirn
1297 3027 1350 3139 qfuit

232 3157 376 3240 pucilam,
396 3157 476 3218 cuius
497 3155 620 3216 cadaver
640 3167 830 3238 conspectum
849 3159 955 3234 fuerat,
975 3169 1098 3240 repente
1117 3159 1209 3219 rivam
1229 3170 1261 3218 et
1276 3157 1349 3240 rigo

139 3259 148 3283 ι
237 3235 277 3296 ris
297 3232 413 3315 plenam
433 3244 501 3293 ante
521 3231 673 3292 bominum
694 3231 800 3294 oculos
816 3235 945 3315 prodire.
976 3235 1050 3297 Tres
1069 3229 1166 3296 solum*
1183 3255 1217 3296 ex
1236 3235 1305 3295 discr
1327 3256 1349 3292 n·

171 3369 174 3380 ,
236 3309 273 3372 lis
292 3310 432 3371 admissos
452 3309 555 3370 dicunt
566 3307 682 3370 Marcus
703 3323 734 3370 et
743 3311 847 3387 Lucas,
869 3311 955 3372 ambo
976 3313 1087 3374 addunt
1105 3324 1249 3394 parentes.
1317 3331 1350 3370 ar·

238 3409 289 3448 eus
312 3397 408 3446 autem
434 3384 514 3446 solus
540 3404 607 3459 eos,
639 3387 689 3466 qui
714 3388 836 3449 comites
863 3389 978 3449 fremat
997 3389 1091 3463 Iairo,
1121 3409 1210 3470 quum
1228 3389 1309 3450 venit
1326 3384 1351 3446 al

236 3461 574 3597 rpgandupptfjbdstum.
611 3463 786 3541 Matthaeus,
806 3465 856 3546 qui
874 3463 995 3527 brevior
1014 3477 1067 3542 est,
1086 3465 1158 3528 banc
1177 3467 1352 3528 circumstan-

237 3553 307 3603 taam
327 3559 388 3600 cam
415 3549 447 3598 rt

314 3615 386 3675 Luc.
405 3621 453 3681 62.
491 3611 615 3674 Flebant
631 3631 848 3678 castemomnea.
886 3617 1011 3678 Luctum
1026 3617 1353 3679 commemorantllvan-

238 3691 375 3778 gelistae,
407 3711 466 3771 quo
491 3691 601 3752 certior
626 3706 742 3756 constet
767 3695 853 3756 fides'
867 3695 1085 3756 resnmectioni.
1134 3694 1251 3756 Diserte
1275 3693 1353 3753 etiam

238 3769 328 3854 ponit
351 3767 530 3845 Matthaeus,
561 3769 680 3832 affuisse
703 3770 846 3834 murm.-
877 3771 958 3852 quod
984 3771 1048 3834 fieri
1076 3791 1140 3838 non
1164 3770 1278 3834 solebat
1304 3766 1352 3828 nisi

147 3913 150 3922 ,
239 3859 337 3910 morte
357 3856 524 3926 comperta,
569 3868 637 3906 uum
663 3847 775 3910 seilicet
794 3852 941 3926 exsequias
960 3848 1017 3908 iam
1035 3860 1179 3931 pararent.
1218 3845 1352 3910 Cantabat

238 3923 358 3986 moestis
368 3921 441 3982 tibia
454 3866 616 4000 funeribus,
636 3924 731 4004 inquit
750 3923 808 3984 ille.
846 3925 911 3988 Etsi
932 3937 1028 3987 autem
1048 3925 1185 3987 inanimo
1206 3923 1350 3992 habebant,

237 4001 296 4062 boc
317 4017 427 4083 genere
447 3999 569 4060 bonoria
588 4001 728 4081 prosequi
746 4021 816 4068 suos
835 4013 980 4078 manuos,
1000 4013 1031 4062 et
1042 4002 1123 4082 quasi
1143 4021 1245 4063 eorum
1263 3995 1349 4079 sepul·

238 4088 332 4138 turam
352 4095 471 4152 ornare,
488 4075 619 4138 videmus
638 4089 751 4154 umen,
771 4089 805 4143 ut
822 4078 948 4142 mundus
967 4097 1083 4160 semper
1100 4099 1162 4148 non
1182 4078 1217 4146 ad
1238 4071 1349 4138 fovenda

238 4153 340 4228 modo,
358 4154 411 4214 sed
429 4153 577 4215 incitanda
594 4175 712 4235 qnoque
731 4177 782 4217 sua
792 4156 861 4218 vitia
902 4177 1043 4238 repensus
1061 4156 1108 4217 sit.
1145 4153 1278 4216 Docebat
1293 4170 1348 4210 mo·

239 4228 282 4286 dis
302 4229 439 4292 omnibns
458 4231 629 4314 incumbere
647 4232 684 4291 ad
704 4231 861 4293 sedandum
880 4179 1005 4294 luctumz
1027 4232 1196 4314 quasivero
1216 4225 1348 4292 nonsatis

158 4379 162 4390 ,
237 4318 395 4378 peccarent
412 4308 596 4369 tumultuoso
617 4306 732 4384 dolore,
752 4309 977 4371 nurisatimulis
997 4327 1063 4368 eum
1082 4308 1234 4370 ambitiose
1251 4321 1348 4390 proro-

238 4389 314 4436 eane
372 4380 509 4452 Gentiles
538 4383 625 4450 etiam
656 4396 811 4466 putarunt,
852 4386 909 4449 boc
945 4405 1007 4450 esse
1041 4385 1177 4454 solatium
1213 4378 1346 4464 placando
