2808 4748
13 4531 16 4617 l

13 4641 16 4721 l

497 282 628 366 Onamo
646 299 682 376 ru
701 298 826 348 uorsa.
857 316 858 321 =
1064 269 1068 280 ’
1165 300 1224 364 145

94 429 282 505 successerit,
308 439 396 510 atque
415 423 472 492 hoc
491 427 570 491 idem
589 429 645 491 sibi
662 429 769 494 volunt
786 429 875 496 verba
895 431 1019 512 Christi,
1038 458 1128 518 quum
1148 439 1220 504 dicit

94 526 127 571 se
151 506 188 567 ad
213 506 390 589 implendam
408 506 519 598 Legem
542 507 666 569 venisse.
692 508 791 588 'Vere
816 509 894 570 enim
916 509 1048 592 implevit
1070 529 1218 582 mortuam

95 580 209 643 literam
229 584 342 663 Spiritu
360 603 413 644 suo
432 581 594 659 vivificans,
619 583 727 644 deinde
746 603 779 644 re
798 585 860 665 ipsa
879 583 1032 665 exhibens,
1055 595 1135 671 quod
1160 595 1215 658 suh
1235 615 1239 622 ’

94 657 195 740 figuris
216 659 353 722 duntaxat
371 671 519 721 ostensum
539 658 643 720 iuerat.
679 660 763 744 Ergo
783 661 863 740 quod
883 662 919 722 ad
940 662 1118 746 doctrinam,
1136 671 1217 736 nulla

95 734 182 796 nobis
200 735 231 796 iu
254 735 364 798 Christi
382 736 508 816 adventu
526 735 664 818 lingenda
684 749 729 798 est
746 738 834 820 Legis
852 738 924 800 ahro
947 740 1020 800 atio:
1039 765 1106 804 nam
1126 769 1217 828 quum

94 823 213 872 aeterna
232 813 269 874 sit
287 813 335 892 pie
354 824 511 892 sancteque
529 813 645 884 vivendi
664 813 783 908 regula,
807 757 1018 876 immutahilem
1041 839 1105 881 esse
1122 811 1217 904 'opor-

96 898 155 962 tet,
174 889 249 949 sicut
268 911 324 950 una
344 901 389 950 est
412 910 445 950 ac
465 900 600 950 constans
620 889 679 955 Dei
702 891 827 966 iustitia,
854 912 941 970 quam
965 891 1028 953 illic
1051 899 1217 976 complexus

96 974 162 1024 est'
188 967 338 1040 Quantum
358 965 395 1026 ad
418 966 599 1031 ceremonias
617 977 746 1047 spectat,
770 966 840 1028 licet
883 970 998 1031 uiddam
1023 970 1218 1038 adventicium

95 1041 209 1102 censeri
229 1042 353 1123 possint,
372 1040 436 1104 solo
456 1053 553 1104 tamen
572 1063 626 1102 usu
638 989 939 1126 lueruntahrogitae:
958 1046 982 1110 si
1026 1046 1133 1110 ificatio
1146 1071 1217 1116 vero

93 1117 185 1198 magis
216 1118 407 1198 comprobata
437 1117 501 1177 luit.
544 1117 645 1192 Quare
669 1141 708 1180 ne
732 1121 907 1182 ceremoniis
930 1063 1048 1203 quillim
1077 1126 1219 1192 adventus

95 1192 206 1254 Christi
220 1197 293 1274 quic
316 1217 383 1256 uam
403 1193 541 1268 detraxit,
566 1194 638 1275 quin
657 1196 755 1287 potius
775 1197 902 1258 exhibita
925 1199 1096 1270 umbrarum
1112 1204 1219 1266 veritas

92 1267 260 1334 firmitatem
280 1217 336 1332 illis
355 1271 504 1346 conciliat,
524 1269 593 1330 dum
611 1271 737 1332 solidum
756 1272 895 1350 ellectum
908 1289 1061 1338 cernentes
1079 1281 1218 1360 agnosci-

92 1367 168 1420 mus,
187 1369 248 1408 nou
260 1368 346 1408 vanas
368 1367 465 1427 neque
484 1347 602 1418 inutiles
622 1347 718 1408 fuisse.
755 1349 828 1410 Ideo
841 1351 993 1427 discamus,
1011 1375 1125 1416 sacrum
1138 1355 1219 1420 hunc

92 1421 181 1506 Legis
201 1435 231 1487 et
250 1423 403 1504 Evangelii
426 1443 531 1482 nexum
553 1423 752 1485 inviolabilem
776 1446 907 1501 servare,
938 1449 1026 1508 quem
1043 1430 1129 1492 multi
1148 1453 1218 1513 per-

115 1520 195 1559 eram
227 1498 398 1561 dissolvunt.
443 1499 549 1579 Neque
578 1501 656 1560 enim
686 1500 744 1562 hoc
772 1503 807 1564 ad
837 1503 1041 1572 stabiliendam
1064 1507 1217 1591 Evangelii

91 1519 183 1635 hdem
207 1596 309 1656 parum
331 1575 426 1651 valet,
455 1575 525 1635 dum
547 1576 694 1650 audimus,
724 1576 798 1640 nihil
821 1578 900 1640 aliut
930 1601 992 1642 esse
1016 1603 1103 1664 quam
1128 1585 1219 1668 Legis

93 1649 359 1786 copsplementum,
383 1663 416 1714 ut
438 1664 538 1715 mutua
558 1654 717 1716 concordia
734 1653 834 1718 Deum
858 1676 1044 1722 communem
1066 1672 1218 1726 auctorem

91 1747 125 1787 re
141 1739 235 1788 eraut.

155 1809 218 1878 48.
255 1805 360 1866 Donec
379 1817 545 1882 praetereas
566 1819 618 1868 etc.
666 1793 761 1868 Lucas
788 1800 878 1890 paulo
903 1808 1005 1890 aliter,
1034 1795 1087 1874 sed
1112 1815 1219 1878 eodem

90 1900 190 1958 sensu,
200 1882 332 1964 facilius
349 1897 401 1956 esi,
419 1884 530 1944 coelum
547 1897 574 1944 et
590 1899 700 1944 temam
711 1889 885 1962 promerire,
903 1910 991 1967 parom
1008 1889 1112 1952 cadere
1128 1914 1219 1954 unum

90 1957 164 2033 legis
182 1962 302 2034 apicas.
341 1958 461 2020 Docere
480 1961 559 2021 enim
578 1973 706 2041 utroque
725 1961 793 2024 loco
815 1961 948 2027 Christus
966 1965 1077 2044 voluit,
1100 1969 1135 2028 in‘
1151 1981 1217 2036 tota

91 2035 195 2097 muudi
213 2037 347 2098 machina
367 2035 439 2096 nihil
459 2057 522 2100 esse
540 2049 600 2098 tam
618 2038 738 2113 stabile,
758 2061 843 2131 quam
863 2039 947 2102 firma
967 2055 1012 2103 est
1029 2043 1117 2127 Legis
1135 2046 1218 2106 veri-

90 2120 151 2186 tas,
181 2122 212 2172 et
230 2111 349 2194 quidem
373 2114 454 2173 omui
479 2135 513 2173 ex
536 2126 629 2194 parte.
660 2113 814 2196 .Arguuus
831 2115 938 2190 ludunt
956 2119 1076 2199 quidam
1092 2121 1126 2182 iu
1143 2142 1219 2184 voce

90 2185 200 2248 dormo:
220 2191 301 2270 quasi
322 2189 398 2249 coeli
418 2201 448 2248 et
465 2202 562 2250 terrae
580 2191 734 2268 transitus,
754 2193 804 2270 qui
823 2192 938 2254 iuturus
957 2207 1003 2256 est
1021 2198 1218 2258 extremo'iu-

91 2265 161 2324 dicii
182 2265 239 2341 die,
259 2266 347 2324 linem
366 2264 503 2328 allaturus
522 2266 561 2326 sit
578 2265 653 2348 Legi
674 2277 704 2324 et
721 2267 888 2346 Prophetis.
925 2269 966 2329 Et
985 2285 1065 2332 certe
1077 2275 1219 2352 quemad·

89 2340 214 2400 modum
242 2353 313 2402 tunc
341 2341 459 2423 linguae
484 2339 639 2402 cessabunt
668 2353 700 2402 et
721 2341 901 2422 Prophetiae
931 2343 1145 2423 abolebuntur,
1175 2351 1218 2410 ita

89 2417 231 2496 scriptam
258 2418 370 2498 Legem
395 2438 461 2476 cum
490 2419 674 2496 expositione
699 2417 856 2478 desituram
886 2419 1024 2479 arbitror.
1066 2421 1127 2480 Sed
1171 2426 1218 2486 uia
1274 2426 1276 2438 ¹

88 2492 253 2572 simplicius
283 2493 312 2552 lo
337 2503 439 2552 nutum
472 2511 534 2554 esse
566 2493 716 2554 Christum
747 2494 896 2570 existimo,
933 2494 1041 2556 talibus
1069 2443 1219 2571 illecchris

87 2588 213 2650 pascere
232 2568 305 2628 nolo
316 2514 468 2631 lectorum
489 2587 582 2630 aures.
620 2569 702 2652 Ergo
721 2568 779 2629 hoc
797 2581 901 2630 tenere
919 2569 1055 2645 sulhciat,
1073 2573 1220 2636 ruiturum

87 2644 191 2728 potius
218 2665 280 2706 esse
306 2645 422 2706 coelum
446 2656 598 2724 totamque
625 2645 727 2706 mundi
749 2645 912 2708 machinam
939 2647 1117 2710 miscendam
1146 2669 1220 2726 esse,

89 2743 180 2802 quam
203 2721 321 2784 vacillet
344 2723 432 2804 Legis
456 2721 626 2783 stabilitass
654 2721 715 2783 Sed
740 2723 809 2803 quid
835 2734 893 2799 est,
923 2723 1022 2784 omnia
1041 2725 1129 2808 Legis
1153 2725 1219 2788 fieri

87 2818 184 2878 usque
204 2799 241 2859 ad
259 2799 411 2860 minimum
437 2798 568 2893 apicem?
599 2798 728 2860 videmus
753 2801 847 2876 enim,
877 2801 1017 2880 quantum
1044 2823 1061 2863 a
1085 2803 1219 2881 perfecta

87 2875 179 2956 Legis
205 2875 411 2938 observatione
436 2877 544 2937 distent
571 2875 721 2951 homines,
751 2878 839 2936 etiam
865 2877 916 2955 qui
935 2875 1048 2958 Spiritu
1067 2878 1126 2939 Dei
1149 2893 1218 2942 suut

32 2961 34 2968 ⁴
88 2952 228 3032 regeniti.
268 2952 464 3036 Respondeo,
484 2953 562 3040 istud
577 2954 654 3032 ficri
681 2974 742 3014 non
768 2954 873 3014 referri
893 2953 929 3013 ad
947 2953 1100 3014 hominum
1118 2957 1218 3034 vitam,

88 3032 141 3090 sed
163 3029 200 3088 ad
219 3029 340 3089 solidam
361 3029 512 3090 doctrinae
530 3031 694 3104 veritatem,
713 3029 772 3091 acsi
791 3031 915 3090 diceret:
935 3029 1009 3090 nihil
1028 3050 1090 3092 esse
1108 3032 1219 3094 fluxum

88 3105 120 3166 in
141 3105 237 3188 Lege,
255 3104 327 3165 nihil
345 3118 458 3176 temere
477 3107 623 3187 positum,
648 3107 717 3168 ideo
737 3107 802 3168 ficri
820 3127 883 3168 non
908 3127 995 3189 posse
1019 3119 1053 3169 ut
1070 3109 1140 3189 inde
1159 3130 1219 3171 uua

88 3180 176 3243 litera
198 3193 360 3242 evanescat.
1122 3194 1124 3202 '

142 3265 217 3326 ’19.
258 3258 394 3341 Quisquam
415 3261 505 3334 igitar
526 3256 650 3318 solverit.
691 3259 749 3322 Hic
773 3259 946 3320 nominatim
970 3259 1104 3340 loquitur
1129 3259 1219 3324 Chri-

88 3347 150 3398 stus
170 3337 209 3396 de
229 3335 392 3415 praeceptis
410 3336 486 3396 vitae
505 3333 553 3397 vel
572 3335 673 3396 decem
691 3330 798 3412 verbis,
817 3338 854 3398 ad
885 3331 1220 3420 uorum'praescriptum

90 3433 197 3474 omnes
209 3411 269 3471 Dei
283 3411 358 3470 filios
377 3410 465 3473 vitam
484 3433 565 3472 suam
585 3412 714 3472 formare
736 3412 829 3473 decet.
865 3359 972 3493 itaque
991 3413 1080 3476 falsos
1099 3427 1130 3476 ct
1149 3437 1219 3496 per-

88 3511 191 3551 versos
212 3508 274 3548 esse
294 3487 432 3549 doctores
451 3489 638 3568 pronuntiat,
659 3488 710 3568 qui
730 3488 888 3570 discipulos
907 3511 969 3551 uon
989 3492 1145 3552 continent
1163 3491 1218 3552 suh

87 3565 178 3660 Legis
200 3564 354 3645 obsequio,
374 3584 407 3625 ac
427 3563 563 3647 indignos
583 3585 656 3637 esse,
676 3565 726 3645 qui
745 3564 843 3626 locum
861 3566 892 3625 in
905 3567 1035 3628 Ecclesia
1054 3568 1220 3642 obtineant,

89 3662 260 3723 quicunque
279 3640 397 3701 minima
424 3641 454 3700 in
479 3652 564 3722 parte
582 3641 671 3723 Legis
697 3642 902 3702 auctoritatem
927 3655 1083 3704 enervante
1098 3641 1219 3722 'probos

89 3731 190 3779 autem
211 3730 241 3778 et
260 3717 404 3799 genuinos
425 3737 486 3778 esse
499 3716 558 3776 Dei
577 3718 736 3791 ministros,
756 3718 806 3798 qui
825 3718 899 3801 legis
918 3717 1132 3780 observantiam
1151 3738 1218 3776 cum

89 3796 167 3856 vitae
179 3793 325 3875 exemplo,
345 3805 409 3854 tum
419 3794 515 3856 verbis
527 3795 751 3854 comendam.
789 3794 886 3854 Porro
898 3798 1018 3854 minimo
1028 3793 1115 3874 Legis
1134 3812 1217 3852 man-

91 3872 158 3933 data
178 3882 267 3932 vocat
287 3891 425 3932 exsensu
444 3869 613 3930 homiuum:
637 3891 704 3931 nam
730 3871 784 3932 etsi
804 3891 864 3932 nou
885 3871 963 3932 idem
983 3869 1120 3931 omnihus
1139 3869 1218 3928 inest

89 3948 220 4028 pondus,
238 3947 300 4022 sed,
320 3947 388 4006 dum
408 3947 487 4007 inter
505 3967 535 4006 se
549 3946 752 4023 conferuntur,
771 3947 900 4009 aliaaliis
919 3949 1032 4008 minora
1050 3956 1128 4019 suut,
1146 3943 1220 4004 nihil

89 4038 190 4084 tamen
214 4025 358 4084 minutum
383 4043 503 4084 censere
529 4023 571 4084 ias
592 4035 650 4100 est,
682 4023 718 4084 de
738 4045 797 4104 quo
820 4025 992 4116 praecipere
1010 4021 1151 4104 dignatus
1177 4031 1221 4084 est

91 4100 228 4160 coelestis
252 4099 426 4181 Legislator.
477 4101 630 4174 Quantum
655 4100 733 4160 enim
763 4101 948 4184 sacrilegium
973 4109 1032 4172 est,
1063 4097 1240 4177 quicquam.

92 4177 286 4256 contemptim
312 4178 444 4256 accipere
464 4175 544 4255 quod
571 4196 604 4236 ex
623 4197 707 4236 sacro
727 4176 788 4237 eius
808 4197 861 4236 ore
881 4171 1042 4257 prodierit?
1074 4173 1219 4234 namhoc

90 4252 182 4313 modo
204 4253 234 4314 in
254 4253 387 4313 ordinem
408 4255 525 4334 cogitur
545 4252 606 4312 eius
626 4253 775 4314 maiestas:
810 4273 900 4332 quare
923 4249 975 4309 uhi
998 4249 1111 4311 minuta
1133 4269 1220 4334 prae·

91 4340 179 4408 cepta
198 4342 283 4390 vocat
303 4328 447 4402 Christus,
468 4329 580 4410 species
600 4341 644 4390 est
664 4329 870 4402 concessionis.
910 4327 1012 4401 Quum
1032 4327 1115 4404 dicit,
1134 4329 1219 4388 adai

90 4425 156 4463 mus
174 4404 336 4479 mattam,
363 4403 464 4466 allusio
489 4418 533 4468 est
556 4406 592 4466 ad
619 4406 648 4467 id
668 4406 748 4487 quod
767 4404 857 4487 paulo
878 4414 946 4466 aute
972 4402 1082 4466 dietum
1102 4417 1165 4468 erat
1183 4405 1221 4466 de

117 4502 213 4550 calvini
226 4519 309 4552 comm.
323 4505 347 4551 in
362 4506 444 4554 stam.
459 4509 503 4557 liv.
518 4509 570 4557 Vol.
581 4507 600 4556 l.
985 4486 1024 4548 1⁰
