2786 4742
1282 191 1285 199 ’
1378 211 1380 288 t

319 248 381 324 (94.
401 244 595 327 Septuaginta
614 242 823 326 discipulomm
842 243 979 327 legatio.)
1153 249 1212 318 267
1324 313 1332 330 Ι
1379 313 1380 322 p

63 389 186 458 amelius
205 389 329 470 quadrat
346 389 419 450 haec
437 389 598 464 sententia,
616 387 760 467 superiori
779 387 868 448 etiam
888 389 1020 451 membro
1040 392 1213 473 respondet,

76 467 133 528 uhi
155 467 264 528 dietum
284 467 349 543 fuir,
367 464 552 528 iustificatum
573 485 588 524 a
607 465 696 545 plebe
714 463 802 526 luisse
812 463 920 524 Deum.
944 466 1038 550 ¹Ergo
1052 469 1214 548 quamlibet
1270 517 1272 522 s
1380 507 1381 516 ,

78 543 169 605 multi
193 554 342 625 apostatae
371 565 388 604 a
411 543 470 602 Dei
494 541 625 602 Ecclesia
654 540 831 633 desciscppt‚
864 561 979 631 semper
1008 555 1106 633 tamen
1135 547 1213 628 ap'ud

80 621 333 779 qqqpesfipelsectos,
358 619 496 701 quivere
514 630 584 680 sunt
602 637 636 680 ex
654 633 762 702 grege,
785 617 941 680 rucolumrs
961 632 1096 726 pernotet
1114 624 1213 728 Farau-¹

126 852 207 932 (94.)
249 849 350 919 LUC.
367 853 405 918 X.
458 850 486 917 1.
515 851 593 917 Post
624 850 705 916 haec
723 845 829 916 autem
853 847 1035 936 designavit
1053 849 1214 928 Dominus

83 959 118 1016 et
139 951 222 1020 alios
243 953 464 1042 Septuaginta,
489 954 639 1040 misitque
665 945 751 1017 illos
767 950 866 1018 binos
888 956 962 1016 ant'e
990 951 1104 1028 faciem
1124 951 1238 1030 suam'

83 1053 120 1116 in
144 1074 273 1121 omnem
296 1057 456 1120 civitatem
479 1061 511 1116 et
535 1051 660 1130 locum,
694 1061 760 1140 quo
791 1064 862 1118 erat
886 1056 960 1138 'ipse
981 1063 1145 1120 venturus.
1187 1058 1216 1122 2
1280 1059 1282 1064 '

81 1150 227 1220 Dicebat
247 1177 325 1242 ergo
345 1153 552 1233 illis,·Messis
571 1152 704 1239 quidem
725 1151 921 1244 multansed
943 1155 1086 1238 opertorii
1106 1158 1218 1240 pauci:

5 1263 7 1286 ²
81 1241 197 1342 rogate
213 1277 290 1343 ergo
313 1254 476 1321 dominum
491 1256 614 1333 messis,
634 1262 671 1318 ut
687 1253 832 1344 extrudat
845 1255 1015 1340 operatios
1034 1255 1069 1318 in
1081 1269 1218 1343 messem

5 1407 6 1424 .
83 1375 190 1422 suam·
231 1357 261 1422 3.
288 1357 352 1436 Ite,
381 1375 457 1422 ecce
485 1374 546 1439 ego
570 1355 757 1431 mitteres,
782 1358 867 1422 sicut
887 1349 987 1442 agnos
1007 1357 1093 1422 inter
1112 1355 1219 1444 lupos.

83 1454 119 1520 4
140 1455 253 1524 Nolite
264 1466 394 1542 portare
410 1453 581 1533 sacculum,
602 1474 710 1539 neque
722 1475 843 1542 peram,
864 1477 973 1542 neque
992 1451 1219 1540 calceamenta

47 1644 56 1656 “
86 1564 124 1619 et
141 1559 302 1622 neminem
315 1551 469 1644 peruiam
481 1556 706 1622 salutaveritis.
746 1556 776 1620 5.
797 1556 835 1620 ln
847 1557 1074 1646 quamcunque
1088 1546 1219 1624 domum'
1338 1548 1348 1586 ¹·

83 1658 300 1739 intraveritis,
331 1661 467 1747 primum
489 1657 601 1736 dicite,
633 1657 698 1722 Pax
719 1655 795 1722 huic
827 1657 948 1724 domui.
999 1660 1029 1723 6.
1060 1657 1103 1723 Et
1117 1657 1220 1740 ,stibi
1297 1693 1299 1698 ·

5 1813 8 1834 ‚
83 1757 190 1825 fuerit
208 1758 420 1846 filius‘paois‚
441 1749 626 1844 requiescet
651 1778 844 1845 supereum
868 1781 930 1844 pax
949 1757 1143 1846 vestrar'sin
1163 1761 1222 1824 mi'-

5 1877 8 1912 ³
83 1881 160 1939 nus,
181 1859 300 1926 advos
320 1870 509 1926 revertetur.
565 1861 594 1925 7.
627 1857 664 1922 lu
693 1858 806 1923 eadem
834 1869 943 1924 autem
970 1857 1070 1928 domo
1090 1859 1221 1928 manete

5 1957 6 1990 ³
85 1959 226 2028 edentes
248 1972 280 2027 et
299 1940 461 2041 hibentes,
480 1959 564 2054 quae
584 1956 627 2024 eb
649 1957 714 2024 illis
727 1945 906 2051 dabuntur:
929 1959 1045 2046 dignus
1065 1963 1156 2044 enim
1173 1971 1222 2028 est
1288 1959 1302 1972 ‘'

5 2091 7 2102 ,
85 2065 261 2158 operarius
281 2061 432 2128 mercede
453 2082 520 2148 sua.
546 2057 659 2124 Nolite
679 2061 815 2124 transire
838 2048 882 2124 de
904 2058 1003 2126 domo
1025 2065 1060 2126 in
1082 2061 1222 2130 domum.

74 2163 120 2228 8.
146 2161 191 2226 Et
210 2163 244 2225 in
266 2173 490 2247 quamcunque
519 2162 679 2224 civitatem
712 2159 923 2237 intraveritis,
953 2169 987 2242 et
1019 2165 1224 2249 susceperint

84 2284 166 2340 vos,
198 2251 296 2344 edile
313 2282 395 2347 quae
410 2267 630 2346 „apponuntur
647 2254 759 2340 yobis:
801 2259 830 2320 9.
861 2257 905 2322 Et
936 2270 1046 2346 sequte
1067 2263 1224 2344 infirmos,

6 2417 11 2454 ξ
86 2366 149 2452 qui
170 2364 204 2428 in
223 2361 279 2426 illa
293 2372 386 2442 sunt,
407 2370 440 2426 et
461 2359 558 2425 dieite
569 2357 644 2435 illis,
663 2357 946 2444 Approptnquavit
966 2361 1001 2422 ³¹¹
1016 2380 1224 2446 vosregnum
1279 2379 1285 2394 “
1353 2399 1355 2406 ’

7 2517 9 2529 .
84 2467 168 2534 Dei.
209 2463 259 2528 10.
280 2465 317 2527 In
336 2473 567 2549 quamcunque·
582 2467 688 2522 auteur
699 2458 858 2522 civitatem
879 2460 1083 2538 intraveritis,
1103 2471 1135 2525 et
1155 2483 1225 2530 nou

6 2575 11 2610 ἵ
87 2566 297 2650 susceperint
318 2585 393 2643 vos,
415 2571 568 2626 exeuntes
589 2562 623 2625 in
643 2559 767 2648 plateas
793 2561 864 2628 eius
893 2557 1006 2624 dicite:
1048 2558 1098 2625 11.
1117 2560 1224 2644 Etiam
1265 2552 1268 2558 ¹

87 2665 277 2756 pulverem,
303 2668 359 2752 qui
380 2663 526 2728 adhaesit
551 2659 649 2726 nobis
670 2660 712 2726 de
734 2662 1007 2739 civitatensem,
1034 2665 1225 2748 extergimus

87 2773 126 2836 in
137 2788 214 2833 vos:
234 2777 341 2832 tamen
352 2765 416 2831 hoc
432 2767 556 2841 scitote,
577 2761 665 2849 quod
680 2762 954 2850 appropinquavit
970 2763 1005 2825 iu
1015 2783 1075 2827 vos
1090 2785 1225 2852 regnum

9 2880 12 2898 ⁴
88 2869 170 2934 Dei.
218 2864 267 2932 12.
294 2867 380 2933 Dico
410 2864 521 2945 vobis,
538 2863 633 2952 quod
654 2863 806 2930 Sodomis
833 2865 868 2930 in
897 2861 951 2928 die
980 2861 1041 2928 illo
1061 2868 1225 2948 remissius

92 2973 172 3049 erit„
188 2989 284 3058 quem
305 2969 426 3052 civjtati
446 2965 507 3032 illi.
959 2958 961 2962 ’

9 3107 14 3144 ⁶
138 3123 246 3202 lunc.
265 3129 294 3190 1.
331 3117 782 3205 rosmosamesgsso
799 3117 948 3180 Danaas
969 3117 1054 3181 atos.
1093 3113 1226 3203 aposto.

91 3201 139 3266 los
160 3200 242 3284 prius
261 3200 298 3262 ad
311 3200 461 3263 Christum
480 3219 613 3262 reversos
626 3216 698 3278 esse,
719 3219 805 3278 quam
824 3197 846 3257 ii
859 3197 1053 3280 Septuagipta
1072 3197 1102 3258 in
1124 3220 1227 3264 eorum
1247 3191 1258 3220 ⁸

9 3297 11 3348 ζ
91 3280 196 3341 locum
216 3277 459 3359 subrogarentur,
481 3297 515 3338 ex
533 3274 631 3336 multis
645 3275 869 3337 circumstantiis
881 3272 1021 3358 colligere
1041 3275 1119 3338 licet.
1144 3279 1229 3340 Missi

9 3357 12 3378 ¹
94 3377 172 3440 ergo
194 3366 263 3416 suut
282 3354 454 3435 duodecim,
474 3353 523 3433 qui
543 3353 574 3412 in
594 3371 675 3431 spem
695 3351 882 3431 propinquae
902 3351 1004 3412 salutis
1022 3351 1148 3416 Iudaeos
1169 3355 1252 3430 eri-⁴

13 3469 16 3501 2
92 3442 217 3516 gerent:
238 3442 306 3511 post
323 3431 442 3491 illorum
461 3429 604 3506 reditum,
625 3449 715 3507 quum
734 3427 839 3488 maiori
858 3429 1025 3505 attentione
1045 3451 1119 3511 opus
1139 3431 1229 3504 soret,
1292 3489 1297 3498 „

11 3516 14 3526 '
93 3507 242 3580 summissi
269 3518 338 3567 suut
367 3507 465 3588 plures
483 3505 565 3568 velut
594 3501 954 3584 secundariiprsecones,
984 3506 1034 3585 qui
1059 3507 1165 3586 passim
1191 3507 1228 3568 de

10 3645 15 3672 3
96 3585 212 3647 Christi
237 3581 363 3645 adventu
388 3584 490 3644 famam
522 3583 552 3642 in
584 3579 705 3663 singulis
736 3577 809 3642 locis
838 3584 1021 3716 spargerent.
1070 3582 1229 3644 Caeterum

10 3668 15 3735 ζ
94 3661 181 3724 nulla
200 3659 257 3722 illis
277 3659 397 3742 proprie
416 3659 569 3726 commissa
588 3658 645 3720 fuit
662 3657 789 3739 legatio,
812 3677 843 3718 se
884 3669 996 3718 tautum
1018 3655 1151 3718 Christus
1178 3680 1230 3740 ap·

10 3737 16 3838 ἶ
97 3735 430 3878 ttt‘tztttttffl³³i‘s
450 3733 641 3871 illidii
656 3733 787 3870 etth
805 3733 1011 3872 hillidii
1029 3732 1229 3874 Stetit?

98 3901 209 3970 quotus
229 3908 302 3963 csse,
322 3856 371 3948 cui
389 3889 445 3948 iam
466 3887 537 3979 olim
549 3831 868 3980 assuel'eratgppputus.
908 3885 1085 3952 Tenendum
1105 3900 1150 3948 est
1167 3849 1232 3948 me:

99 3967 207 4040 moria,
226 3966 307 4046 quod
327 3965 363 4024 de
382 3963 534 4046 Apostolus
554 3963 710 4024 duodecim
730 3966 863 4038 duramus,
885 3974 959 4042 quot
978 3962 1106 4024 florente
1125 3965 1232 4046 populi

99 4053 177 4102 statu
200 4043 315 4102 fuerant
344 4041 456 4116 trihus,
486 4039 610 4101 totidem
630 4039 761 4101 delectos
781 4039 1052 4120 suissedpostoloe
1071 4043 1154 4121 quasi
1175 4043 1234 4102 Pa-

11 4097 17 4201 2
99 4117 251 4196 triarchas,
271 4118 321 4199 qui
341 4117 473 4182 mernbra
493 4115 582 4178 laceri
603 4117 735 4198 corporis
755 4117 784 4178 in
803 4139 894 4184 unum
906 4115 1093 4198 colligerent,
1112 4129 1146 4180 ut
1164 4119 1234 4181 inde
1272 4182 1279 4190 ,

12 4199 15 4290 ἑ
103 4192 369 4288 μοοάἰτεῑιίυῑεςη
381 4193 530 4256 Ecclesiae
549 4192 707 4276 restitutio.
745 4193 816 4286 llon
835 4193 975 4256 absimilis
995 4193 1027 4253 in
1040 4193 1235 4280 Septuaginta

105 4275 182 4356 retro
203 4267 269 4361 furt:
289 4271 414 4363 Scimus,
430 4271 547 4362 lllosm,
568 4291 657 4352 quum
678 4289 764 4330 onem
782 4291 845 4331 nou
864 4270 1031 4362 sufficeret,
1049 4274 1235 4366 septuaginta

105 4339 161 4402 solu
181 4362 313 4409 asmvrsee
332 4347 460 4427 ludum,
478 4369 530 4431 qur
550 4345 692 4430 populum
713 4367 856 4410 unacum
883 4367 948 4430 apso
970 4361 1109 4431 regerent
1130 4354 1236 4430 (mou.
