2786 4742
929 15 1034 86 ἱ..

419 195 481 314 (97.
500 234 581 338 lepus
599 233 665 294 Deo
684 183 791 318 quatias
810 213 892 320 agit)
931 282 933 290 ·
974 284 977 288 -
1150 239 1218 332 27³

10 409 11 448 3
85 379 218 453 actione,
247 397 308 438 nou
333 387 433 438 umen
454 388 594 457 quantum
619 376 744 438 decebat
761 378 820 438 Dei
845 379 998 442 beneficiis
1022 381 1222 464 quasi-scalis¹

10 511 11 522 ,
85 455 236 527 iuvantur,
260 465 294 513 ut
313 453 344 513 in
366 453 664 538 coelum-assurgant:
685 455 753 516 ideo
775 475 894 516 necesse
917 456 1027 520 babent
1045 459 1214 524 a‘zDomiuo

87 531 159 611 erigi
178 542 317 610 tanquam
337 542 473 609 porrecta
493 551 595 606 manu,
621 549 660 588 ne
679 530 830 592 subsidant
848 533 880 590 in
898 544 997 612 terra‚=
1014 537 1066 596 sed
1086 537 1127 598 ad
1143 559 1214 600 coe-

10 614 13 654 t
86 605 189 666 lestem
220 607 380 666 novitatem
412 608 550 688 aspirent.
598 607 693 667 Noxas
722 610 824 668 omnc's
854 621 940 669 vocat
954 598 1054 672 *horas
1070 619 1212 694 mantem,

10 744 15 756 ¹
86 683 166 761 quod
193 683 325 744 diabolus
351 683 489 762 quicquid
515 683 608 745 nohis*
626 683 777 745 adversum
804 696 847 744 est
870 686 901 744 in
932 687 1120 752 nosrvibret:
1150 715 1214 755 nou

10 817 15 840 ,
86 759 167 836 quod
186 759 247 820 eius
268 759 391 820 arbitrio
411 759 605 836 subiaceant‚=
624 781 698 842 quae
718 760 816 821 valent
836 762 873 821 ad
891 761 1051 824 laedendos
1070 767 1214 848 homines,

10 846 15 860 ³
85 834 137 894 sed
157 836 225 914 quia
244 847 370 896 armatus
391 836 450 895 Dei
468 836 674 898 maledictione
694 839 793 899 omnia
814 839 874 900 eius
893 839 1009 916 flagella
1028 841 1060 899 iu
1080 857 1213 908 nostrum

14 931 16 936 ’
84 911 202 971 exitium
211 924 326 974 vertere
339 923 478 988 conatur,
495 925 525 972 et
535 914 636 994 arripit
646 925 783 996 tanquam
794 915 869 992 tela,
883 917 989 995 quibus
1001 937 1056 977 nos
1068 919 1213 986 vulneret.

160 993 207 1066 20.
245 989 375 1050 Nomina
384 1003 479 1048 uestro
492 993 601 1065 scripto
619 1005 694 1072 mant.
734 993 834 1067 Quum
847 994 1031 1072 propositum
1043 995 1080 1054 sit
1092 995 1214 1060 Christo

83 1084 151 1125 suos
171 1065 207 1125 ab
229 1068 352 1127 esanidn
372 1065 478 1148 gaudio
503 1067 668 1143 retrahere,
699 1080 732 1129 ut
755 1071 786 1129 in
810 1069 868 1132 vita
894 1081 1013 1131 aeterua
1058 1065 1215 1150 lo‘rierrtur,

83 1141 120 1199 ad
141 1143 201 1202 eius
222 1143 368 1224 originem
389 1154 419 1202 et
443 1141 557 1204 iontem
583 1143 662 1225 ipsos
683 1144 816 1206 deducit:
842 1167 949 1240 nempe
975 1091 1056 1228 quod
1077 1149 1215 1213 divinitus

84 1217 170 1283 electi
189 1219 249 1279 sint
269 1231 299 1278 et
322 1219 454 1299 adoptati
478 1220 507 1279 iu
534 1219 618 1280 lilios.
665 1220 841 1302 Praecipere
871 1223 989 1304 quadem
1016 1237 1151 1305 poterat,
1181 1237 1216 1289 ut

82 1296 245 1388 gauderent
263 1315 295 1356 se
314 1295 465 1376 regenitos
486 1317 548 1356 esse
567 1295 624 1355 Dei
635 1296 758 1378 Spiritu,
778 1311 811 1358 ut
831 1319 925 1359 novae
945 1314 1043 1362 esseut
1062 1314 1217 1364 creaturae
1282 1343 1287 1346 -
1339 1299 1344 1307 '

83 1393 114 1432 ru
135 1371 272 1448 Christo,
292 1393 322 1433 se
342 1374 374 1434 in
394 1393 475 1451 spem
496 1371 595 1438 salutis
615 1373 793 1434 illuminatos
814 1395 891 1450 esse,
911 1387 942 1436 et
960 1368 1016 1438 sibi
1035 1378 1130 1439 datam
1152 1380 1214 1440 cius
1276 1412 1280 1420 2

10 1465 19 1522 jr
83 1450 211 1509 arrham:
232 1449 283 1510 sed
304 1449 496 1529 principium,
520 1449 599 1509 unde
619 1447 692 1508 baec
712 1450 809 1510 omnia
829 1451 907 1512 bona
926 1453 1085 1529 duramenta
1101 1468 1215 1516 ¹notare

12 1557 16 1594 r
82 1529 188 1604 voluit,
209 1527 364 1607 gratuitam
383 1525 442 1586 Dei
462 1525 651 1600 electionem,
672 1545 709 1584 ne
730 1525 798 1604 quid
816 1528 872 1587 sibi
892 1530 1081 1590 ascriberent
1119 1531 1215 1592 blatea-

82 1607 155 1666 riam
195 1603 293 1686 uidem
313 1601 449 1663 laudandi
468 1603 527 1663 Dei
547 1600 635 1661 nobis
655 1603 851 1694 suppeditant,
871 1615 947 1684 quae
965 1607 1104 1667 innubis
1124 1612 1216 1672 senti.-

14 1712 19 1748 ς
81 1692 147 1742 mus'
167 1625 229 1742 elus
248 1679 402 1754 beneficia,
420 1679 471 1740 sed
492 1691 611 1758 aeterna
632 1677 750 1752 electro,
769 1700 845 1758 quae
861 1694 939 1742 extra
959 1704 1014 1744 nos
1035 1696 1089 1757 est,
1109 1683 1214 1747 clarius

83 1758 275 1830 demonstrat,
295 1756 327 1815 in
346 1777 431 1816 mera.
445 1757 503 1816 Dei
523 1757 657 1816 bonitate
677 1755 827 1817 fundatam
848 1763 909 1818 esse
929 1757 1051 1820 salutem
1070 1773 1215 1823 nostram.

10 1845 19 1910 q}
80 1836 178 1896 Porro
198 1831 399 1913 metaphorice
419 1833 499 1908 dixit,
516 1836 626 1908 scriptu
645 1853 705 1892 esse
722 1854 841 1893 usonem
859 1838 978 1895 nomino
996 1836 1028 1896 irs
1045 1837 1135 1914 coelo,
1156 1859 1213 1919 pro

10 1925 18 1988 t
82 1931 119 1972 eo
141 1912 221 1991 quod
242 1922 301 1984 cst,
327 1909 450 1971 Conseri
470 1931 569 1972 coram
587 1909 656 1971 Dec
676 1910 753 1974 filios
773 1923 804 1972 et
824 1911 980 1991 haeredes,
1008 1916 1067 1976 acsi
1085 1915 1117 1976 in
1137 1927 1216 1978 cata·
1316 1939 1320 1952 ·

10 2024 19 2066 q
79 1988 152 2072 logo
172 1987 310 2076 descripti
329 1999 435 2050 essent.
497 2017 499 2024 v

11 2127 14 2142 ’
121 2145 202 2224 (97.)
243 2143 491 2208 ΜΑΤΤΗ.’ΧΙ.
532 2143 585 2206 25.
605 2143 643 2206 ln
661 2140 720 2207 illo
743 2145 1215 2230 temporerespondenslesue

10 2315 12 2320 .
80 2247 173 2325 dixit,
205 2238 380 2308 Confiteor
406 2240 468 2308 tibi
488 2241 598 2319 Pater,
633 2241 774 2308 Domine
798 2242 883 2307 coeli
906 2254 939 2308 et
965 2254 1088 2324 terrae,
1123 2245 1214 2331 quod

10 2337 17 2444 J
81 2344 283 2415 abscondisti
310 2343 392 2408 baec
420 2364 437 2406 a
459 2339 660 2429 sapientibus
681 2333 725 2406 'et
750 2341 980 2430 prudentibus,
1007 2354 1040 2408 et
1060 2335 1215 2412 revelasti

10 2443 14 2454 '¹
81 2473 123 2516 ea
143 2444 294 2536 parvulis.
347 2443 399 2508 26.
432 2441 533 2509 Certe
555 2444 666 2522 Pater,
691 2447 738 2510 sic
758 2445 821 2509 fuit
840 2441 1082 2529 beneplacitum
1105 2469 1214 2548 eoram

15 2595 17 2602 ,
79 2553 123 2619 te.
163 2551 216 2614 27.
238 2544 358 2612 Omnia
378 2544 456 2610 mihi
476 2543 594 2612 tradita
609 2554 692 2614 suut
714 2567 732 2609 a
754 2547 850 2610 Patre
872 2565 962 2624 meo,
984 2556 1016 2611 et
1036 2567 1132 2614 nemo
1154 2569 1214 2616 no-

15 2641 17 2678 ³
77 2655 126 2717 vit
147 2645 266 2724 Filium
286 2647 350 2712 nisi
370 2635 488 2725 Pater,¹
511 2637 622 2733 neque
644 2639 770 2712 Patrem
791 2649 855 2712 uisi
877 2645 994 2726 Filius,
1029 2655 1061 2712 ct
1083 2653 1135 2715 cui
1155 2667 1214 2736 vo}

16 2797 17 2804 κ
78 2753 178 2819 luerit
198 2743 302 2816 Filius
320 2747 476 2814 revelare.
524 2748 576 2812 28.
597 2747 719 2812 Venite
742 2747 783 2812 ad
804 2770 856 2813 me
880 2770 1010 2829 omnes,
1038 2753 1094 2836 qui
1118 2748 1214 2836 labo·
1251 2790 1254 2799 ·

77 2855 158 2920 ratis
174 2862 219 2936 ‘et
247 2853 373 2916 onerati
399 2851 489 2926 estis,
516 2858 549 2913 et
575 2869 636 2934 ego
664 2847 859 2917 refocillabo
886 2872 954 2916 vos.
1007 2846 1058 2914 29.
1089 2849 1213 2934 Tolllte

12 2953 18 2992 i
77 2943 314 3038 iugum'meum
335 2967 527 3037 supervos,
551 2957 583 3016 et
605 2949 718 3015 discite
740 2973 758 3015 a
779 2973 847 3030 me,
877 2949 967 3038 quod
994 2954 1079 3016 mitis
1094 2955 1158 3018 ‘sim
1180 2963 1214 3022 et

12 3035 17 3070 ⁵
78 3048 211 3129 humilis
232 3051 346 3130 corde,
374 3043 410 3116 et¹
434 3053 607 3116 invenietis
633 3053 779 3138 requiem
811 3050 976 3118 animabus
996 3056 1120 3119 vestris.
1160 3055 1214 3121 30.

10 3145 16 3224 l
76 3160 191 3242 Iugum
213 3157 297 3218 enim
316 3174 424 3218 meum
444 3172 543 3217 suave
568 3161 625 3230 est,
645 3161 677 3216 et
698 3172 781 3217 onus
801 3175 908 3219 meum
929 3151 1012 3217 leve.
1085 3146 1097 3158 ⁸

10 3363 14 3378 h
56 3365 61 3374 Ι
164 3287 266 3355 Luc.
286 3287 324 3372 Χ.
366 3286 417 3352 21.
437 3285 474 3351 lu
495 3285 608 3354 eadem
630 3282 711 3350 hora
733 3287 901 3353 exsultavit
921 3288 1036 3374 spiritu
1055 3286 1155 3367 Iesus,
1175 3308 1234 3372 ac

10 3421 14 3458 r
77 3393 173 3471 dixit,
200 3386 375 3454 Confiteor
393 3385 455 3452 tibi
474 3387 586 3464 Pater,
620 3385 763 3452 Domine
792 3386 877 3453 coeli
903 3397 935 3452 et
962 3397 1085 3466 terrae,
1122 3388 1213 3475 quod

10 3500 12 3536 ⁵
77 3489 280 3574 abscondisti
308 3489 431 3554 haeoa
458 3485 671 3575 sapientibus
687 3497 720 3552 et
742 3486 973 3574 prudentibus,
1004 3499 1037 3553 et
1060 3486 1214 3554 revelasti

10 3574 15 3612 ³
76 3617 119 3662 ea
139 3590 298 3680 parvulis:
319 3611 396 3656 sane
417 3590 523 3670 Pater,
544 3591 698 3676 quoniam
719 3591 766 3653 sic
787 3587 1013 3674 complacitum
1035 3598 1083 3652 est
1103 3609 1213 3652 coram

10 3685 15 3766 i
75 3709 134 3764 te..
157 3694 213 3758 22.
239 3690 358 3781 Omnia
378 3691 457 3756 mihi
478 3690 595 3756 tradita
616 3700 691 3754 suut
712 3711 731 3752 a
752 3689 848 3754 Patre
869 3710 953 3768 meo,
974 3698 1009 3752 et
1026 3708 1123 3752 nemo
1145 3689 1212 3761 scit,

12 3831 14 3838 v
76 3798 151 3886 quis
172 3796 212 3860 sit
232 3791 349 3870 Filius,
377 3795 441 3858 nisi
460 3792 572 3869 Pater,
598 3800 630 3858 et
651 3792 723 3878 quis
744 3791 784 3854 sit
802 3790 913 3870 Pater,
942 3790 1005 3854 nisi
1025 3786 1145 3866 Filius,
1180 3795 1214 3854 ct

10 3885 13 3970 ἶ
78 3901 131 3963 cui
152 3893 294 3962 voluerit
313 3888 416 3960 Filius
436 3892 594 3959 revelare.
965 3893 968 3898 ’
1197 3898 1202 3915 “

152 4051 260 4113 matth:
280 4057 327 4118 25.
371 4048 562 4128 Respondeas
587 4048 680 4109 Iesus.
727 4047 905 4132 Quanquam
929 4039 1122 4120 aspondmdi
1146 4061 1214 4104 ver·

78 4133 150 4192 bum
169 4130 314 4191 Hebraeis
335 4128 476 4189 familiare
497 4139 541 4188 est
568 4127 674 4202 etiam,
706 4126 760 4189 ubi
779 4126 813 4186 lit
832 4125 948 4186 initium
968 4141 1128 4193 sermonis,
1154 4137 1214 4202 ego

10 4193 14 4274 ,ι
78 4219 179 4267 tamen
198 4205 266 4268 huic
285 4206 354 4267 loco
375 4203 527 4286 ernpbasin
546 4203 666 4265 subesse
685 4203 825 4279 arbitror,
846 4199 927 4282 quod
946 4197 1060 4260 scilicet
1078 4195 1214 4286 Christus

10 4275 13 4352 ἶ
81 4303 117 4342 ea
140 4301 173 4341 re
193 4283 340 4363 praesenti
364 4283 552 4344 occasionem
572 4281 613 4341 ita
641 4279 785 4360 loquendi
802 4299 864 4339 sun
887 4275 971 4336 serit:
1003 4273 1092 4356 idque
1110 4271 1214 4333 melius

10 4363 12 4430 J
81 4359 257 4420 confirmant
279 4361 378 4423 Lucae
400 4357 616 4440 rerba‚'quod
641 4355 777 4423 Christus
801 4355 832 4416 in
856 4298 906 4415 ila
932 4352 1007 4414 bora
1030 4350 1217 4414 aestuata

11 4440 12 4450 ’
106 4459 197 4508 cuna
210 4473 295 4509 ωιι.
309 4462 429 4512 um
442 4461 488 4512 av.
504 4460 559 4522 rou
573 4459 596 4508 1.
973 4433 1014 4498 18
