2816 4746
22 1533 24 1536 ·
117 1518 325 1598 „publicoque
347 1539 383 1576 ne

673 219 781 282 vrrs.
987 303 995 310 ,
1218 226 1259 290 as

121 370 281 449 „undique
294 379 403 428 mortes
416 367 672 437 ciccumsteterint,
690 376 806 446 sperate
817 375 922 426 'tamen
942 367 971 426 in
992 385 1042 439 en,
1062 363 1113 501 {ui
1124 376 1256 428 manuos

120 449 238 521 „etiam
260 447 372 506 excitat.
413 445 478 504 Imo
499 455 570 502 tunc
594 445 715 506 maxime
735 441 877 523 cogitate,
896 445 935 504 sic
954 465 1004 504 vos
1027 463 1043 502 a
1094 461 1130 502 eo
1151 461 1255 522 erper-

119 524 265 600 ,‚gefieri,
286 533 319 581 ut
332 523 359 580 in
373 541 437 581 eum
453 539 542 579 unum
560 521 706 601 respicere
721 521 814 600 magis
828 540 860 578 ac
877 521 965 600 magis
982 520 1105 582 discatis.
1138 518 1255 593 Quodsi

119 603 263 672 „firmam
282 599 355 658 hanc
378 597 588 678 rempublicam
609 598 774 656 conservari
796 597 915 675 cupitis,
942 597 1042 656 videte
1061 597 1145 656 etiam
1166 608 1254 674 atque

119 677 249 750 ,‚etiam,
270 695 306 734 ne
325 675 428 734 solium
449 675 525 735 istud
545 687 686 744 sanctum,
706 678 736 731 in
758 695 817 752 quo
837 694 887 732 vos
908 672 956 732 ille
976 673 1138 748 collocavit,
1157 671 1254 734 sordi-

121 755 205 826 „bns
227 764 443 832 conspurcetur.
483 752 538 810 Hic
560 754 637 809 enim
657 773 731 810 unus
751 763 795 810 est
814 749 1042 820 summusDeus,
1060 750 1121 808 Rex
1141 769 1254 830 regum,

122 841 183 902 „et
207 828 389 888 dominorum
405 828 543 888 omnium
562 827 722 902 Dominus,
746 847 798 887 eos
823 825 964 906 aquibus
985 825 1178 886 honorabitur
1197 827 1254 884 hn-

122 905 270 980 „noribus
290 918 437 977 aucturus,
457 917 488 963 et
506 905 550 964 sui
570 905 693 964 vicissim
714 916 934 984 contemptores
954 902 1127 964 abiecturus.
1164 904 1253 964 Hunc

122 982 290 1064 „igiturex
313 982 323 1040 i
346 983 402 1042 sius
424 981 588 1061 praeceptis
614 981 771 1056 colite„et
798 982 852 1040 hac
877 981 913 1040 de
940 1001 971 1040 re
996 978 1087 1060 magis
1107 999 1138 1038 ac
1162 999 1205 1038 ma
1230 978 1253 1038 's

119 1059 284 1139 „cogitate
324 1006 451 1136 {emper
470 1058 548 1116 enim
569 1057 605 1117 ab
626 1078 663 1117 eo
684 1059 840 1137 plurimum
861 1057 1012 1130 absumus,
1033 1054 1113 1134 quod
1133 1075 1205 1132 asna
1228 1055 1252 1116 is

118 1135 245 1214 „perlici
266 1136 375 1196 decuit.
421 1134 497 1193 Novi
523 1153 579 1215 ego
605 1134 787 1215 singulorum
807 1135 926 1214 ingenia
947 1147 977 1195 et
997 1153 1112 1206 mores,
1144 1131 1252 1193 etbcio

116 1233 194 1286 „vos
220 1211 424 1271 exhortatione
450 1229 546 1295 egere.
598 1211 693 1270 Nemo
715 1223 758 1270 est
778 1231 811 1270 ex
837 1215 870 1272 iis
892 1213 997 1284 etiam,
1025 1209 1078 1289 qui
1099 1205 1253 1281 excellunt,

116 1286 192 1363 „cui
213 1289 304 1347 multa
325 1309 384 1347 non
407 1288 511 1350 desint.
557 1287 613 1347 Hic
635 1279 833 1367 unusquisque
858 1308 888 1349 se
913 1290 1007 1370 ipsum
1029 1284 1253 1364 circumspiciat,

118 1377 177 1440 „et
197 1365 347 1444 quaesibi
369 1364 469 1424 deesse
489 1363 627 1448 intelligit
646 1386 662 1424 a
681 1364 813 1424 Domino
833 1367 970 1444 requirat.
1008 1363 1161 1436 Videmus,
1181 1369 1255 1438 quot

117 1442 210 1515 „vitia
230 1442 259 1499 in
279 1441 427 1522 plerisque
448 1440 528 1500 orbis
548 1453 691 1500 terrarum
713 1441 854 1507 Consiliis
874 1453 1008 1524 regnent.
1047 1439 1107 1499 Atii
1129 1438 1251 1530 frigent,

407 1517 483 1578 lecto
503 1517 591 1577 rebus
611 1519 668 1577 suis
694 1517 827 1578 curandis
847 1517 1036 1593 incumbunt,
1062 1515 1110 1578 alii
1136 1513 1253 1598 privatis

117 1593 298 1669 „aflectibus
318 1537 483 1676 induigent,
503 1594 551 1654 alii
571 1594 726 1675 praeclaris
743 1594 801 1654 Del
821 1596 904 1656 donis
925 1615 985 1655 non
1006 1605 1129 1654 utuntur
1147 1604 1181 1652 ut
1200 1609 1254 1669 par

55 1679 60 1691 “
118 1670 224 1746 „etlam
245 1671 292 1730 alii
312 1692 375 1732 sese
397 1683 560 1745 ostentant,
582 1684 611 1729 et
631 1671 807 1732 confidentia
828 1673 950 1752 quadam
973 1671 1109 1750 quicquid
1131 1687 1253 1729 censue·

118 1749 203 1822 „rint
221 1769 237 1808 a
258 1747 379 1828 reliquis,
397 1747 515 1828 probari
536 1748 694 1828 postulant.
747 1748 838 1809 Senes
866 1747 1118 1821 commonefacio,
1147 1765 1185 1806 ne
1205 1743 1253 1802 iu-

116 1825 275 1900 „nioribus
301 1826 463 1896 invideant,
484 1847 558 1903 quos
578 1846 594 1885 a
618 1826 750 1886 Domin'o
774 1825 976 1908 compererint
999 1823 1141 1904 aliquibus
1166 1819 1254 1882 donis
1332 1859 1335 1866 ι

116 1921 205 1977 „esse
237 1914 399 1962 exornatos.
450 1903 585 1962 Iuniores
610 1924 736 1977 moneo,
770 1915 801 1963 ut
828 1902 931 1984 procul
955 1903 990 1962 ab
1016 1901 1098 1963 omni
1123 1899 1252 1960 elatione

118 1998 204 2053 „sese
230 1979 378 2039 modestos
406 1979 574 2059 praebeant.
616 1981 698 2040 Alius
725 1980 812 2040 alium
838 2002 875 2040 ne
902 1979 1108 2041 interturbato.
1151 1977 1251 2036 Vitate

117 2055 301 2129 „simultates
330 2069 487 2118 etsomnes
513 2055 576 2116 illas
596 2058 685 2116 animi
705 2057 895 2133 acerbitates,
924 2077 998 2137 quae
1017 2055 1126 2114 multos
1146 2054 1176 2114 in
1197 2070 1251 2132 ge·

117 2133 232 2204 „reoda
259 2133 409 2206 republica
434 2153 448 2191 a
476 2143 558 2190 recto
585 2133 720 2192 instituto
742 2146 918 2195 averterunt.
957 2136 1039 2192 Haec
1059 2143 1156 2191 autem
1175 2131 1273 2189 vita-¹

117 2208 226 2283 „bitis,
250 2209 274 2268 si
298 2209 406 2290 singuli
426 2209 545 2290 quidem
569 2210 645 2268 intra
670 2233 753 2272 suum
779 2211 931 2270 modulum
955 2230 1017 2270 sese
1039 2207 1250 2279 continuerint,

15 2331 17 2344 .
116 2305 246 2360 „omnes
266 2305 335 2344 vero
364 2285 443 2344 bona
467 2285 524 2342 lide
546 2285 728 2344 commissam
747 2287 802 2346 sibi
827 2286 1006 2366 reipublicae
1027 2297 1146 2363 partem
1159 2281 1250 2342 admi-

15 2359 17 2371 '
114 2363 275 2436 „nistrent
314 2361 350 2418 In
363 2379 602 2420 causarumvero
624 2361 750 2426 civilium
771 2363 884 2422 iudiciis
904 2381 942 2420 ne
959 2362 1021 2439 quis
1038 2362 1091 2434 {sit,
1113 2360 1250 2431 obsecro,

116 2435 238 2512 „favori
258 2436 304 2495 vel
323 2435 481 2495 inimicitiis
501 2435 598 2493 locus:
624 2457 712 2494 nemo
733 2437 859 2514 obliquis
884 2436 995 2496 artibus
1015 2437 1058 2494 ius
1079 2433 1250 2515 pervertito,

115 2531 231 2590 „nemo
251 2512 309 2572 suis
330 2510 635 2579 commendationibus
654 2531 715 2588 ¹quo
740 2513 799 2570 min
823 2535 835 2570 s
860 2512 942 2593 leges
966 2511 1080 2572 valeant
1104 2509 1251 2582 obsistite,

117 2609 231 2665 „nemo
257 2589 294 2647 ab
315 2607 420 2666 aequo
446 2596 476 2644 et
505 2585 588 2645 bono
614 2586 765 2646 discedito.
804 2535 846 2650 bi
873 2609 959 2668 quem
985 2588 1107 2662 allectus
1132 2587 1250 2660 sinister

117 2662 312 2743 „titillaverit
334 2674 506 2724 constanter
525 2662 552 2721 ei
572 2663 709 2736 resistito,
730 2676 763 2724 et
779 2666 809 2725 in
831 2687 896 2726 eum
917 2665 1065 2746 respicito,
1086 2687 1101 2724 a
1119 2685 1178 2743 quo
1195 2665 1250 2728 suit

18 2775 19 2824 3
117 2745 227 2818 „ineo
247 2741 323 2804 solio
345 2739 522 2814 collocatus,
544 2751 573 2800 et
592 2741 628 2800 ab
651 2743 755 2800 eodem
775 2756 906 2804 sanctum
927 2743 1069 2824 Spiritum
1089 2741 1247 2822 postulato.

17 2845 19 2862 =
118 2819 232 2896 „Quod
256 2829 391 2900 superest
409 2818 514 2876 iterum
537 2833 660 2898 precor,
689 2831 721 2878 ut
740 2841 817 2881 meas
837 2821 907 2880 mibi
928 2822 1108 2880 infirmitates
1133 2820 1247 2879 condo-

118 2899 232 2973 „oetis,
263 2918 332 2975 quas
358 2915 415 2978 ego
441 2915 541 2954 coram
561 2895 627 2955 Deo
655 2908 685 2954 et
708 2896 830 2978 Angelis
861 2899 994 2974 adeoque
1025 2919 1124 2958 coram
1149 2896 1246 2970 vobis,

118 2974 310 3053 „Venerandi
329 2972 468 3046 Domini,
491 2972 644 3052 *profiteor
668 2985 698 3032 et
723 2975 881 3056 agnosco.'’
932 2977 1012 3035 Haec
1044 2975 1096 3034 ubi
1122 2973 1247 3047 dixisset,
1344 3001 1347 3004 ·

18 3065 20 3130 g
119 3051 216 3110 Deum
237 3049 389 3129 Optimum
416 3049 572 3110 Maximum
597 3061 749 3129 precatus,
771 3063 804 3110 ut
830 3073 881 3112 eos
906 3053 964 3111 suis
990 3051 1074 3112 donis
1099 3072 1142 3108 ma

119 3129 210 3208 magis
240 3126 402 3186 cumulatos
426 3139 602 3191 sanctosuo
623 3125 735 3206 Spiritu
756 3129 790 3188 ad
811 3130 902 3187 totius
924 3129 1103 3207 reipublicae
1123 3069 1247 3188 saiiiteiri

75 3249 77 3253 .
120 3204 308 3283 gubernaret,
329 3201 461 3281 praebita
480 3202 603 3282 singulis
617 3203 716 3262 dextra
735 3216 863 3265 moestos
876 3226 978 3264 onirres
998 3203 1075 3280 illos,
1097 3221 1151 3265 nec
1163 3204 1247 3264 aliter

120 3281 155 3339 ab
176 3301 212 3340 eo
233 3301 317 3358 quam
339 3300 356 3338 a
375 3281 523 3340 communi
544 3293 665 3359 parente
685 3299 750 3345 cum
776 3279 900 3341 lacrimis
922 3281 1103 3342 discedentes
1129 3281 1246 3342 dimisit.

195 3433 252 3492 Die
271 3437 319 3496 29.
330 3431 440 3512 Aprilis
460 3449 549 3511 quum
569 3451 683 3507 omnes,
704 3432 794 3512 ipsius
814 3446 931 3516 rogatu,
951 3433 1135 3506 ¹Genevensis
1155 3434 1246 3494 ditio·
1271 3503 1278 3510 ῃ

123 3509 175 3568 nis·
189 3510 316 3568 Ministri
343 3509 594 3584 convenissemus,
620 3509 681 3582 „At
699 3531 768 3583 vos,
792 3507 931 3591 inquit,
953 3511 1070 3585 iratres,
1090 3523 1158 3604 post
1178 3510 1246 3570 obi-

120 3597 200 3660 „tum
221 3607 318 3644 mcum
338 3597 464 3667 perstate
484 3586 513 3644 in
536 3586 592 3645 hoc
613 3597 719 3664 opere,
740 3607 794 3646 nec
814 3589 911 3648 animo
932 3589 1114 3670 frangimini:
1138 3587 1245 3648 Domi·
1269 3631 1273 3638 -

122 3685 192 3736 „nus
212 3663 296 3722 enim*
317 3663 391 3722 banc
418 3661 626 3742 rempublicam
653 3674 683 3722 et
707 3661 856 3724 ecclesiam
881 3665 1016 3730 adversus
1043 3666 1170 3726 hostium
1190 3663 1246 3723 mi-

123 3760 189 3813 „nas
220 3739 354 3799 servabit.
402 3739 509 3799 Absint
541 3739 664 3800 avobis
693 3739 825 3817 dissidia,
856 3754 1014 3821 mutuaque
1044 3742 1165 3803 caritate
1193 3761 1245 3800 vos

123 3815 379 3896 „complectimini
419 3817 557 3898 Cogitate
578 3815 666 3874 etiam
686 3828 774 3895 atque
794 3819 899 3896 etiam,
927 3821 997 3899 quid
1018 3819 1086 3880 huic
1106 3815 1244 3878 ecclesiae

123 3893 285 3966 „debeatis,
318 3894 354 3972 in
373 3914 430 3972 qua
455 3914 507 3952 vos
525 3893 671 3952 Dominus
696 3893 865 3969 collocavit,
896 3917 993 3976 neque
1012 3918 1064 3957 vos
1089 3894 1244 3972 quicquam

124 3970 209 4042 „binc
228 3969 362 4030 abducat.
413 3969 467 4027 Sin
493 3969 603 4044 minus,
638 3969 860 4051 lacile‘quidcm
894 3973 983 4032 fuerit
1007 3970 1157 4030 nonnullis
1182 3971 1243 4032 eius

123 4047 279 4126 „pertaesis
300 4046 380 4125 quasi
400 4066 453 4125 per
473 4046 623 4105 cuniculos
645 4048 780 4120 evadere,
799 4051 849 4109 sed
864 4049 1050 4129 experientur
1062 4046 1113 4122 illi,
1135 4046 1243 4108 Domi-

124 4145 208 4197 „num
229 4123 326 4204 decipi
346 4144 406 4181 non
428 4142 522 4198 posse.
569 4123 667 4196 Qucum
688 4127 811 4204 primum
832 4128 862 4184 in
884 4127 957 4184 hanc
978 4123 1081 4182 urbem
1102 4124 1243 4200 venirem,

124 4197 494 4276 „annuntiabaturquidem
508 4199 706 4280 Evangellum,
727 4201 776 4262 sed
797 4201 1063 4281 perturbatissimae
1083 4221 1129 4263 res
1149 4215 1243 4278 erant,

106 4276 220 4356 „,quasi
251 4275 323 4335 nibil
352 4275 427 4335 aliud
454 4286 529 4334 esset
553 4275 789 4337 Christianismus
819 4298 903 4355 quam
933 4287 1091 4339 statuarum
1115 4281 1242 4354 eversio,

126 4371 194 4427 „uec
213 4353 298 4436 Pauci
325 4364 410 4414 eraut
428 4351 576 4427 scelerati,
601 4374 615 4414 a
637 4353 744 4434 quibus
763 4351 963 4432 indignissima
983 4353 1075 4417 multa
1092 4379 1155 4417 sum
1175 4375 1243 4433 perf
