2824 4756
410 241 889 352 (ιμιιιιιιίιιιιιιιιιιι.)
1166 275 1207 338 m

78 413 219 482 nebunt.
246 413 361 492 [ltaque
392 410 470 488 solus
489 422 534 472 est
551 422 688 491 paternus
707 413 764 472 Dei
788 412 885 488 favor,
901 425 947 475 et
969 432 1006 476 ex
1021 431 1059 479 eo
1072 432 1213 481 manans,

86 492 177 565 salus,
203 511 278 569 quae
297 511 352 550 nos
372 487 480 554 laetitia
505 489 695 568 perfundunt.
738 490 902 552 Insuinma
924 491 980 554 hoc
1004 491 1129 572 primum
1149 505 1205 568 est,
1240 489 1248 502 ⁸

85 581 119 626 ut
132 567 385 648 gloriari-possint
405 565 515 639 fideles,
536 564 658 624 salutem
671 565 727 625 sibi
747 566 855 624 inDeo
873 585 944 626 esset
965 567 1214 636 alterumdcinde.

85 644 171 722 sequi
193 643 296 716 debet,
327 656 360 702 ut
378 642 539 701 beneficum
560 641 676 702 Patrem
697 643 806 722 experti
825 642 929 722 gratias
948 643 989 701 illi
1008 657 1111 725 agant.
1139 646 1212 714 No-¹

6 787 7 790 Ἰ
86 725 157 778 men
178 725 296 794 σωτῆρος
335 719 376 779 lus
397 717 518 778 Graecis
537 703 680 798 significat
698 740 782 797 quarn
802 719 913 778 Latinis
929 717 1076 798 servator,
1096 735 1214 802 nempe.

6 809 9 820 ’
89 796 224 874 quinon
243 741 334 856 semel
348 807 460 856 tantum
473 786 595 868 liberat,
614 795 666 854 sed
685 807 844 874 perpetuae
863 793 961 854 salutis
981 808 1082 856 auctor
1101 809 1153 859 est.

166 875 214 937 48.
255 871 329 954 (doio
346 874 482 946 respexit.
520 867 661 962 Exponit,
686 871 794 930 curin
819 870 887 930 Deo
917 869 1067 930 fundatum
1097 873 1204 936 babeat

90 947 188 1006 cordis
207 948 249 1007 sui
267 947 512 1029 gaudiumequia
534 948 644 1007 serlicct
661 948 788 1028 gratuito
813 957 945 1027 respecta
965 945 1001 1007 ab
1025 947 1215 1027 ipso‘luerit.¹

91 1023 237 1084 Humilem
258 1028 333 1089 enirn
360 1027 391 1085 se
412 1044 519 1085 vocans
539 1023 680 1105 dignitate
701 1024 783 1084 omni
807 1044 838 1084 se
858 1023 987 1095 abdicat,
1011 1035 1044 1084 ut
1063 1027 1205 1104 gratuitae

6 1115 8 1124 ’
89 1099 150 1160 Dei
169 1100 291 1160 bonitati
314 1101 439 1162 ascribat
464 1111 555 1162 totam
575 1100 720 1180 gloriandi
742 1103 898 1161 materiam.
942 1099 1046 1178 Neque
1067 1103 1144 1158 enim
1163 1105 1207 1170 lut

87 1176 177 1236 stulte
197 1189 335 1256 putarunt
353 1177 467 1238 indocti
488 1187 518 1234 et
537 1175 652 1236 barbari
673 1177 818 1254 homines)
842 1173 987 1248 hmilitas
1007 1177 1053 1237 hic
1072 1178 1207 1237 summis·

86 1253 216 1325 sionem,
236 1253 283 1314 vel
301 1255 491 1328 modestiam,
508 1251 555 1312 vel
568 1252 661 1312 'animi
681 1252 809 1312 habiturn
829 1255 851 1313 si
875 1253 985 1327 uibcat,
1010 1255 1061 1314 sed
1086 1265 1208 1313 tantun-

88 1328 153 1393 dem
174 1329 250 1390 vaiet
274 1352 306 1390 ac
334 1331 395 1390 vilis
419 1329 590 1407 abiectaque
614 1329 755 1388 conditio.
809 1273 917 1424 Sedens
940 1350 1013 1412 crgo
1037 1341 1093 1391 est:
1127 1330 1218 1408 quod¹

7 1411 8 1416 ’
88 1405 228 1484 ignobilis
256 1427 334 1478 cram
359 1419 389 1466 et
421 1416 606 1484 contempta,
641 1405 671 1464 id
700 1425 763 1464 non
794 1406 909 1466 obstitit
935 1405 1017 1481 Deo,
1050 1407 1208 1487 quominus

90 1483 224 1562 dignatus
245 1485 283 1542 sit
303 1483 338 1542 ad
358 1502 406 1542 me
426 1481 527 1541 oculos
547 1503 614 1541 suos
634 1493 817 1543 convertere.
856 1482 971 1555 Quodsi
982 1485 1091 1544 Mariae
1113 1483 1208 1542 h'umi-

82 1559 153 1618 litas
178 1559 366 1618 excellentiae
392 1558 553 1638 opponitur
584 1558 844 1638 (quemadmodum
868 1569 898 1618 ct
926 1579 972 1619 res
1002 1561 1063 1640 ipsa
1093 1560 1222 1638 clamat,¹

90 1648 120 1694 et
141 1655 174 1692 cx
194 1639 297 1716 graeca
316 1655 387 1694 voce
408 1635 512 1714 liquet)
531 1635 674 1706 videmus,
699 1647 734 1693 ut
757 1635 847 1702 Maria
872 1655 903 1693 sc
926 1635 1016 1714 ipsam
1041 1638 1207 1700 exinaniens

88 1712 187 1771 Deum
207 1733 296 1770 unum
317 1710 444 1772 extollat.
481 1712 543 1770 Nec
562 1733 633 1781 vero
652 1713 736 1770 fictae
756 1711 813 1795 ch
834 1710 1001 1771 humilitatis
1019 1715 1207 1792 praeconium

89 1789 155 1860 suit,
175 1788 226 1846 scd
246 1788 365 1872 simplex
387 1801 415 1846 et
435 1787 561 1870 ingenua
571 1789 643 1863 eius,
661 1810 747 1867 quam
767 1788 863 1848 animo
883 1789 1057 1868 insculptam
1068 1789 1205 1862 habebat,

89 1864 284 1944 persuasionis
306 1865 461 1941 confessio,
503 1866 576 1928 Nam
601 1865 761 1938 et·,nullius
782 1877 843 1924 erat
863 1886 961 1926 coram
980 1867 1089 1927 mundo
1111 1867 1209 1947 pretii,

91 1953 121 1998 et
153 1941 214 2032 ipsa
244 1941 336 2001 nihilo
368 1942 460 2021 pluris
491 1961 521 2002 se
551 1943 729 2028 aestimabat.
779 1941 836 2000 Ex
864 1939 918 2002 hoc
939 1957 1063 2018 tempore
1085 1941 1207 2003 benmm.

92 2017 258 2097 Significat,
276 2017 468 2078 memorabile
487 2018 607 2090 saeculis
627 2020 762 2079 omnibus
783 2018 848 2078 lore
868 2018 925 2079 boc
947 2021 1003 2080 Dei
1023 2020 1208 2080 beneficium.

92 2093 208 2166 Quodsi
226 2106 286 2154 tam
303 2094 417 2177 insigne
439 2107 492 2168 est,
510 2109 544 2154 ut
563 2095 667 2176 passim
688 2097 818 2164 omnium
839 2116 891 2154 ore
912 2095 1071 2174 praedicari
1091 2096 1209 2170 debeat,

90 2171 100 2228 i
123 2170 147 2228 si
165 2171 289 2244 Mariae,
309 2171 338 2228 in
359 2193 444 2250 quarn
471 2171 609 2230 collatum
636 2171 707 2243 luit,
727 2173 820 2230 de-eo
847 2172 931 2232 silere
952 2173 1070 2236 minime
1095 2173 1135 2234 las
1155 2185 1209 2232 est.

93 2191 225 2306 (hbscrva
249 2259 361 2321 autem,
381 2247 501 2306 Mariam
521 2247 594 2305 nihil
614 2249 642 2306 in
664 2269 713 2306 sua
736 2247 875 2306 felicitate
895 2269 1023 2326 ponere,
1054 2250 1108 2309 uisi
1127 2249 1209 2328 quod

89 2323 147 2384 sibi
162 2322 303 2383 'divinitus
323 2323 421 2382 datum
447 2341 508 2381 esse
528 2323 674 2402 agnoscit,
705 2323 825 2400 eiusque
851 2323 958 2402 gratiae
983 2336 1133 2402 acceptum
1158 2345 1211 2383 re-‚

90 2401 159 2458 lert.
207 2399 313 2472 beata,
342 2400 452 2476 inquit,
484 2399 627 2458 censebor
651 2417 704 2474 per
724 2419 826 2458 omnes
846 2411 961 2458 aetates.
998 2399 1047 2466 aa
1068 2403 1135 2476 quia
1154 2399 1227 2460 sibi,

87 2474 212 2556 propria
231 2474 338 2532 virtute
356 2474 403 2532 vel
426 2473 567 2532 industria
591 2474 704 2533 laudern
724 2473 799 2532 hanc
819 2471 991 2550 quaesierit?
1023 2474 1093 2552 quin
1113 2473 1211 2542 potius

89 2551 188 2612 solum
207 2549 267 2608 Dei
288 2569 365 2627 opus.
380 2559 598 2607 commemorat.
637 2550 725 2606 Unde
744 2549 943 2639 perspicimus,
963 2545 1156 2627 quantumfab
1177 2569 1213 2628 pa

91 2628 202 2687 distent
221 2625 370 2704 Papistae,
392 2626 441 2703 qui
460 2624 594 2684 inanibus
614 2625 670 2684 suis
690 2624 834 2705 figmentis
854 2645 916 2684 eam
941 2637 1052 2684 temere
1073 2637 1211 2694 ornantes

112 2697 230 2782 uicquid
243 2701 363 2782 accepit
381 2701 530 2761 bonorum
550 2722 565 2760 a
583 2701 650 2760 Deo
673 2701 733 2760 sere
754 2721 807 2781 pro
829 2701 920 2761 nihilo
936 2700 1056 2764 habent.
1094 2703 1211 2782 Magni-
1262 2723 1269 2748 τ

91 2727 174 2854 hcm,
194 2780 256 2838 imo
299 2777 341 2838 lus
362 2799 448 2858 quam
468 2777 610 2856 superbos
629 2778 729 2838 titulos
749 2778 858 2838 allatim
878 2791 1053 2860 congerunt,
1070 2782 1151 2860 quod
1172 2779 1211 2840 sit

90 2861 191 2938 regina
215 2800 308 2930 ench,
336 2855 419 2916 stella
445 2853 556 2928 salutis,
586 2867 672 2934 porta
691 2855 781 2929 vitae,
813 2855 953 2928 dulcedo,
983 2876 1047 2934 spes
1073 2869 1102 2917 et
1126 2855 1210 2917 salus.

93 2933 175 3012 Quin
200 2933 286 2992 etiam
312 2952 347 2992 eo
373 2931 572 3010 impudentiae
597 2944 627 2991 et
651 2931 757 2996 suroris
778 2932 856 3012 ipsos
880 2933 1027 3012 proripuit
1048 2933 1154 3008 Satan,
1178 2945 1211 2994 ut

90 3008 243 3088 imperium
264 3007 307 3067 illi
325 3009 355 3068 in
378 3008 526 3076 Christum
546 3007 708 3069 traderent:
724 3008 804 3070 haec
825 3011 902 3069 enirn
927 3022 970 3068 cst
995 3031 1096 3070 eorum
1117 3010 1211 3070 canti«

6 3133 7 3136 ,
90 3086 169 3159 lena,
187 3085 271 3166 Roga
282 3085 410 3162 Patrem,
430 3085 499 3145 iube
510 3086 626 3146 Natum.
664 3084 746 3146 Nihil
757 3085 860 3146 horum
875 3086 1211 3166 aDominoprolectum

91 3183 154 3222 esse
167 3183 256 3242 quum
276 3161 386 3240 liquido
407 3173 533 3234 constet,
554 3161 651 3222 omnia
670 3165 730 3222 uno
748 3163 841 3224 uerbo
861 3175 960 3224 sancta
972 3163 1053 3298 virgp
1066 3163 1211 3242 repudiat,
1242 3231 1243 3234 Ἴ
1285 3223 1289 3235 ,

91 3239 161 3298 dum
186 3249 277 3297 totam
303 3259 382 3297 suam
408 3237 530 3318 gloriam
553 3240 584 3298 in
605 3239 664 3298 Dei
690 3239 838 3313 beneficiis
858 3239 966 3300 statuit
1045 3233 1132 3304 amsi
1153 3239 1211 3300 hoe

88 3335 152 3374 uno
171 3326 284 3373 tanturn
304 3315 422 3374 nornine
442 3314 616 3376 celebranda
628 3327 680 3388 est,
701 3315 779 3394 quod
791 3317 872 3376 Deus
891 3315 1043 3396 magnifice
1064 3331 1129 3376 cnm
1148 3317 1157 3374 i
1180 3337 1211 3378 sa
1239 3357 1244 3368 ·

6 3455 7 3458 ,
91 3389 171 3472 egit,
183 3391 295 3451 ficticiis
312 3390 418 3466 titulis,
440 3392 488 3468 qui
508 3391 624 3450 aliunde
644 3393 836 3471 proveniunt,
856 3392 950 3452 nullus
970 3391 1044 3452 reliu
1067 3337 1177 3460 uiturl
1195 3423 1211 3442 ¹··

90 3489 152 3527 cus.
189 3467 274 3526 Adde
295 3469 374 3547 quod
394 3467 465 3527 nihil
490 3465 534 3527 illi
557 3468 647 3549 magis
666 3468 843 3547 probrosum
863 3481 923 3544 est,
950 3490 1035 3548 quarn
1047 3415 1131 3530 l'itio
1151 3469 1212 3542 Dei

90 3543 167 3622 eripi
208 3544 266 3603 uod
286 3567 368 3610 suum
389 3555 441 3617 cst,
461 3555 494 3604 ιιι
513 3545 658 3625 sacrilegis
679 3545 740 3604 eius
760 3546 860 3622 spoliis
880 3549 941 3624 ipsa
958 3547 1105 3608 induatur.
1133 3546 1211 3605 Eant

90 3641 172 3679 nunc
187 3565 342 3700 lapistae,
368 3633 399 3680 ct
422 3641 477 3680 uos
496 3620 526 3679 in
548 3621 657 3681 Christi
675 3633 798 3680 matrem
818 3623 943 3688 iniurios
969 3643 1030 3683 esse
1051 3622 1210 3696 clamitent,

113 3696 159 3755 uia
171 3697 286 3756 reiectis
299 3697 451 3760 hominum
470 3697 627 3758 mendaciis
647 3710 758 3756 tantum
768 3698 826 3757 Dei
845 3699 985 3758 beneficia
1004 3699 1034 3768 in
1055 3699 1104 3758 illa
1124 3717 1210 3788 prae-

91 3718 229 3833 dicamus.
268 3774 358 3854 Atqui
370 3773 449 3853 quod
470 3773 496 3832 ci
516 3775 634 3833 maxime
655 3773 798 3833 bonorific
819 3797 848 3834 m
869 3787 922 3851 est,
943 3797 998 3836 nos
1011 3774 1210 3846 concedimus,
1257 3831 1260 3854 Λ

89 3851 140 3910 isti
156 3870 229 3908 vero
249 3851 430 3929 praeposteri
450 3849 576 3910 cultores
599 3850 762 3910 detrahunt.
800 3797 948 3952 lpilbenter
968 3854 1045 3910 enim
1066 3871 1127 3908 earn
1148 3869 1216 3912 am-,

88 3926 247 4007 plectimur
266 3928 447 4008 magistram,
480 3923 598 4006 eiusque
619 3927 769 3988 doctrinae
790 3939 819 3986 et
841 3929 1002 4008 praeceptis
1022 3927 1211 4003 obtempera-

90 4025 165 4062 mus.
205 4002 297 4062 Certe
315 4024 376 4062 uou
397 4003 552 4062 obscurum
573 4003 715 4082 est,‚quid
732 4004 781 4062 hic
802 4004 890 4064 dicat:
912 4025 970 4084 quo
991 4000 1159 4081 posthabito
1180 4008 1217 4068 et¹

90 4077 172 4140 velut
192 4079 319 4152 calcato,
337 4077 436 4150 ¹fidem
456 4079 525 4137 -eius
549 4079 632 4138 dictis
653 4081 846 4158 quantumin
872 4101 903 4140 se
930 4091 974 4140 est
992 4077 1136 4155 abrogant
1155 4074 1211 4133 Pa·

41 4163 46 4204 ἱ
89 4157 194 4236 pistae.
232 4155 296 4214 Nos
314 4175 384 4214 vero
404 4155 640 4229 meminerimus,
661 4177 846 4216 communem
865 4157 912 4216 hic
930 4156 962 4214 in
981 4150 1129 4212 laudandis
1147 4161 1221 4222 tum,

85 4231 203 4324 augelis
226 4243 300 4290 turn*
314 4230 482 4290 bominibus
507 4232 665 4322 praescribi
684 4231 828 4314 regulam,
852 4243 887 4291 ut
910 4226 1019 4291 inillis
1045 4226 1211 4289 celebretur

89 4309 152 4368 Der
161 4307 270 4400 gratia:
289 4307 375 4366 sicuti
394 4308 480 4368 etiam
500 4307 574 4367 nihil
595 4309 715 4370 omnino
728 4321 772 4368 est
789 4307 943 4377 laudabile,
963 4305 1042 4383 quod
1061 4307 1210 4382 noninde

89 4386 246 4466 prodrerrt.
286 4383 386 4473 qum
413 4384 502 4466 dicit,
521 4383 621 4448 Derras
642 4387 693 4467 qui
714 4399 819 4463 poteras
848 4397 888 4443 est
907 4383 1021 4463 facisse
1042 4379 1209 4478 mrrgna‘fico,
