2786 4742
206 137 266 274 did
360 259 369 268 .
646 195 799 261 secuto
821 197 907 260 vm.

207 368 240 411 se
257 346 349 416 amice
366 343 526 406 insinuent.
564 339 708 405 Salutatio
729 343 808 404 enim
828 341 945 423 quidam
964 351 1010 420 est
1028 337 1065 402 ad
1084 340 1263 424 colloquium
1277 341 1324 402 in-

245 445 331 486 essus.
378 421 443 481 Iam
490 419 587 481 uidem
610 419 752 480 admoniti
781 421 913 494 fuerant,
941 430 974 478 ut
998 417 1035 478 ad
1059 431 1115 480 eos'
1134 419 1325 498 concederent

230 498 354 581 ospitcs,
372 500 404 558 in
429 443 535 578 quibus
558 507 662 558 notum
687 517 721 558 ac
740 496 858 558 celebre
877 507 954 556 essct
977 495 1092 575 pietatis
1115 496 1255 558 studium:
1280 496 1322 556 sed

207 579 273 662 quia
293 575 441 636 interdum
460 573 624 654 contingit,
648 573 749 652 utqui
770 572 922 654 praeclaris
942 571 1035 632 lamae
1053 571 1157 656 elogiis
1178 584 1322 648 orn'antur,

207 655 260 718 ubi
284 653 321 714 ad
345 653 420 713 seria
447 651 644 732 experimenta
669 662 787 709 ventum
809 660 866 721 est,
893 649 1073 730 impietatem
1097 672 1175 710 suam
1196 650 1322 730 prodant,

207 733 266 794 boc
284 739 476 820 praeceptum
496 728 602 788 diserte
627 726 730 786 subiici
755 725 897 807 oportuit.
946 723 1055 786 Sensus
1075 737 1119 786 est
1142 726 1245 807 igitur:
1265 738 1322 786 ten-

206 821 269 872 tate
288 805 384 888 primo
401 823 544 886 ingressu,
563 803 703 882 numquid
723 803 851 862 libenter
860 822 913 863 nos
933 800 1034 880 andire
1052 804 1214 864 sustineant
1233 801 1323 881 bospi-

209 897 268 948 tes:
294 885 461 968 quicunque
485 893 607 942 vestram
628 881 792 940 doctrinam
811 878 940 939 libenter
957 877 1088 970 amplexi·
1105 879 1229 954 luerint,
1254 878 1323 957 apud

209 983 260 1025 eos
280 969 413 1034 manete,
434 969 468 1017 ut
485 969 546 1017 rata
565 958 603 1017 sit
621 967 716 1016 vestra
740 957 889 1016 salutatio:
913 955 938 1016 si
958 975 1008 1035 qur
1032 956 1212 1033 respuerint,
1235 955 1324 1016 statim

207 1039 245 1102 ab
265 1036 322 1098 illis
342 1033 499 1107 discedite,
525 1045 555 1093 et
575 1045 717 1112 quantum
741 1033 771 1091 io
791 1032 875 1094 vobis
899 1033 957 1094 erit
980 1032 1184 1092 salutationem
1207 1037 1325 1092 'vestram

207 1114 357 1178 retrahite.
394 1110 522 1170 Perinde
540 1111 618 1170 enim
637 1107 868 1190 valet'loquutio
889 1108 947 1170 acsi
973 1109 1102 1168 dixisset:
1126 1109 1194 1188 quia
1219 1108 1326 1189 indigni
1350 1127 1354 1133 ·

207 1203 277 1256 sunt
296 1200 420 1282 propter
438 1208 518 1248 suam
538 1185 795 1269 ingratitudinem,
814 1185 863 1266 qni
881 1185 940 1246 Dei
958 1185 1167 1246 benedictione
1187 1183 1325 1259 fruantur,

208 1290 296 1350 quam
316 1266 373 1327 illas
397 1263 511 1325 fueritis
534 1264 661 1343 precati,
687 1261 788 1322 abrum
813 1265 852 1322 ite
871 1281 959 1332 omne
979 1262 1249 1324 communicationis
1267 1260 1327 1322 vin·

208 1344 317 1408 culum.
341 1343 481 1418 ¹Nomen
504 1343 587 1414 posis
612 1339 648 1400 ad
673 1285 818 1400 salutandi
844 1337 998 1400 formulam
1023 1338 1167 1414 refertur,
1197 1359 1281 1417 quam
1298 1338 1326 1396 in

208 1419 359 1485 communi
388 1441 442 1478 usu
470 1416 618 1478 habebant
642 1416 758 1477 Iudaei:
790 1437 856 1476 narn
882 1436 970 1496 quum
999 1435 1054 1496 pax
1076 1415 1132 1476 illis
1158 1433 1327 1496 prosperum

207 1511 314 1560 statum
333 1496 488 1578 significet,
507 1495 612 1574 quibus
631 1493 710 1553 bene
729 1504 760 1552 et
778 1493 904 1552 feliciter
922 1512 983 1554 esse
1003 1494 1139 1572 cupiunt,
1158 1502 1189 1551 et
1207 1513 1327 1572 quorum
1358 1529 1359 1572 ,

204 1597 251 1636 res
264 1586 368 1654 optant
387 1592 450 1634 esse
468 1571 569 1647 salvas,
589 1572 631 1632 bis
650 1589 751 1649 pacem
771 1581 937 1650 precantur.
976 1569 1086 1630 Fateor
1104 1568 1232 1649 quidem,
1246 1569 1325 1648 Apo·
1358 1589 1359 1642 i

206 1651 303 1724 stolos
318 1649 404 1709 aliam
424 1649 554 1712 attulisse
574 1647 738 1709 bominibus
754 1642 870 1725 pacem,
889 1645 940 1706 sed
953 1645 1036 1706 nimis
1046 1658 1150 1728 arguta
1169 1657 1213 1705 est
1229 1665 1325 1706 corum

206 1725 385 1808 speculatio,
412 1726 463 1804 qui
483 1726 581 1784 locum
606 1723 683 1784 laune
702 1722 740 1783 ad
760 1723 916 1806 gratuitam
934 1719 992 1782 Dei
1011 1744 1077 1784 cum
1097 1721 1264 1784 homiuibus
1282 1741 1323 1781 re-

206 1801 449 1866 conciliationem
468 1799 597 1859 trabunt.
1040 1845 1049 1856 .

283 1883 332 1942 14.
372 1877 539 1955 Quicunque
567 1896 628 1934 non
650 1876 789 1950 recepe-it
810 1896 869 1936 vos.
914 1875 1023 1938 Severa
1046 1876 1192 1938 vindictae
1217 1875 1323 1936 denun-

204 1953 290 2016 tiatio
303 1963 414 2034 ,contra
433 1949 585 2032 Evangelii
604 1953 840 2031 contemptores,
860 1972 916 2030 qua
937 1952 1094 2034 discipulos
1113 1955 1322 2020 suosanimare

205 2029 301 2094 voluit
312 2029 456 2104 Christus,
475 2047 513 2086 ne
532 2026 588 2088 illis
607 2047 751 2086 remoram
772 2027 894 2088 afferret
912 2029 1014 2088 muudi
1033 2030 1220 2124 ingratitudo.
1245 2031 1321 2089 lllan-
1358 2049 1359 2054 ¹

206 2106 393 2186 datquidem
413 2101 579 2187 Apostolis,
604 2104 674 2184 quid
694 2123 781 2186 agere
801 2105 880 2186 ipsos
901 2105 985 2179 velit,
1009 2107 1033 2166 si
1059 2129 1090 2166 ιιι
1110 2119 1320 2188 contemptores
1358 2117 1359 2152 ³

205 2184 378 2246 inciderint:
404 2182 579 2243 boctamen
599 2181 757 2262 praecipue
777 2181 930 2242 consilium
952 2181 1068 2260 habuit,
1090 2184 1182 2244 sicubi
1197 2202 1320 2266 -respue-

205 2275 290 2326 retur
321 2277 424 2320 eorum
455 2259 606 2333 doctrina,
634 2258 713 2319 iusto
740 2259 872 2338 ipsorum
899 2259 995 2319 dolori
1018 2271 1049 2319 et
1074 2261 1171 2321 taedio
1195 2260 1318 2321 solatium

181 2334 184 2370 ¹
207 2339 366 2413 adhibere,
391 2355 430 2397 ne
455 2337 487 2396 in
507 2335 604 2395 medio
625 2356 711 2396 cursu
731 2335 908 2395 fatiscerent.
945 2337 986 2396 Et
1004 2336 1148 2413 videmus,
1172 2349 1207 2403 ut
1225 2337 1319 2396 Paulus

204 2415 261 2478 bac
285 2413 490 2477 consolatione
516 2413 607 2473 fretus
631 2414 761 2472 animose
780 2413 921 2492 despiciat
945 2430 1064 2472 omnem
1082 2413 1232 2474 bominum
1256 2435 1319 2474 con·
1357 2435 1359 2536 p

204 2493 378 2567 tumaciam,
402 2501 574 2552 constanter
592 2501 696 2572 pergat
714 2511 767 2569 per
786 2488 881 2548 media
901 2487 1064 2564 obstacula,
1087 2503 1118 2549 et
1136 2491 1278 2572 glorietur
1293 2509 1319 2550 se
1358 2537 1359 2562 ,

204 2569 321 2630 bonum
340 2588 403 2628 esse
422 2568 546 2629 odorem
566 2566 644 2641 Deo,
664 2566 791 2658 quamvis
811 2565 904 2625 letalis
923 2565 960 2624 sit
1000 2566 1167 2628 erenntibus
1186 2565 1240 2648 (Il.
1258 2567 1320 2628 Cor.

204 2653 323 2720 2154
363 2643 522 2704 Caeterum
547 2643 636 2704 docet
653 2642 701 2702 lnc
724 2643 821 2716 locus,
847 2642 948 2722 quanti
971 2588 1115 2714 dominus
1139 2643 1322 2726 Evangelinm

205 2744 291 2791 suurn
310 2721 455 2782 aestimet:
482 2732 513 2780 et
536 2731 616 2780 certe
636 2739 724 2798 quum
744 2718 978 2798 incomparabilis
997 2714 1218 2796 sit'tbesaurus‚
1245 2721 1321 2780 nimis

205 2797 335 2879 turpiter
353 2796 463 2890 ingrati
481 2808 564 2870 sunt,
589 2796 640 2874 qui
662 2794 717 2855 sibi
736 2794 868 2860 oblatum
893 2796 1055 2875 repudiant.
1099 2796 1217 2858 Deinde
1240 2818 1322 2878 quum

205 2884 354 2954 sceptrum
374 2885 413 2934 sat
431 2871 516 2954 regni
535 2871 649 2952 ipsius,.
663 2891 725 2930 non
751 2883 849 2952 potest
868 2873 931 2932 sine
951 2873 1101 2934 manifesta
1120 2875 1151 2936 in
1172 2895 1237 2942 eum
1256 2895 1322 2934 con·
1358 2915 1359 2924 ι

135 3015 138 3022 ,
178 2949 326 3024 ¹tumelia
345 2950 436 3009 reiici.
474 2949 613 3008 Exwtire
624 2947 780 3022 pulverem.
818 2948 912 3007 Sicuti
933 2948 1089 3042 Evangelii
1103 2948 1264 3012 doctrinam
1282 2950 1322 3010 bic
1358 2957 1359 2970 ¹

171 3029 176 3050 ’
205 3025 393 3088 commendat
411 3025 566 3094 Dominus,
587 3035 620 3082 ut
640 3043 703 3084 eam
721 3037 893 3086 reverenter
908 3045 1009 3095 omnes
1030 3027 1180 3107 excipiant,
1199 3039 1231 3088 et
1248 3027 1322 3120 gravi
1358 3039 1359 3056 ¹

205 3122 321 3183 poenae
346 3103 498 3162 sanctione
523 3099 681 3160 rebellibus
713 3114 821 3162 metum
849 3101 972 3180 incutit,
1002 3103 1043 3162 ita
1062 3103 1223 3184 Apostolos
1247 3103 1321 3164 rubet
1358 3097 1359 3132 l

206 3177 269 3238 eius
289 3199 375 3258 quam
386 3178 537 3245 denuntiat
556 3177 676 3237 ultionis
697 3197 939 3258 praeconesesse,
959 3180 1038 3259 quod
1058 3180 1121 3239 lieri
1140 3184 1201 3247 non
1221 3192 1321 3269 potest,

157 3277 159 3288 ι
227 3255 277 3318 uin
297 3255 441 3316 acerrimo
455 3254 606 3316 doctrinae
626 3276 710 3336 quam
731 3254 900 3336 praedicant
918 3253 1088 3322 asserendae
1109 3258 1173 3317 zelo
1194 3257 1319 3339 flagrent
1358 3309 1359 3318 .

163 3342 169 3354 ·
236 3329 383 3389 enendum
406 3331 497 3424 igitur
521 3342 581 3406 est,
617 3329 728 3392 nullum
757 3351 819 3392 esse
846 3332 987 3392 idoneum
1016 3333 1150 3394 coelestis
1178 3334 1320 3404 doctrinae

204 3406 391 3489 magistrum,
416 3408 471 3468 nisi
492 3408 542 3486 qui
561 3407 601 3468 sic
621 3407 743 3469 allectus
763 3406 840 3481 erit,
857 3409 891 3474 sut
911 3409 972 3468 eius
992 3421 1163 3489 contemptu
1183 3411 1319 3470 crucietur

95 3516 96 3529 ι
204 3496 292 3566 atque
311 3495 421 3542 uratur.
459 3483 672 3552 Excussionem
684 3483 815 3560 pulveris
831 3487 887 3545 iam
907 3491 978 3545 tunc
994 3485 1024 3546 in
1041 3487 1201 3547 usn-luisse
1215 3486 1318 3546 Iudaeis
1358 3541 1359 3558 ,

195 3558 359 3644 'probabile
380 3571 435 3637 est,
456 3561 536 3640 quasi
556 3563 744 3623 anathematis
756 3561 934 3643 symbolum,¹
950 3562 1163 3624 acsi·testatum
1183 3563 1319 3636 iecissent,
1358 3567 1359 3618 l

203 3650 264 3699 tam
285 3635 414 3718 pollutos
434 3657 496 3697 esse
522 3637 581 3700 loci
605 3638 732 3716 incolas,
757 3649 791 3702 ut
815 3639 993 3720 contagione
1017 3661 1067 3699 sua
1081 3653 1199 3706 ,terram
1225 3639 1318 3698 infice-

127 3791 129 3796 .
203 3727 281 3775 rent.
320 3713 467 3774 Usitatum
494 3713 583 3776 luisse
606 3737 718 3776 moram
744 3715 811 3774 ideo
838 3716 980 3789 coniicio,
1006 3715 1086 3795 quod
1107 3715 1237 3777 Christus
1259 3727 1319 3774 tan-
1358 3763 1359 3766 ,

204 3789 348 3882 quamde
368 3809 400 3851 re
420 3802 490 3850 nota
516 3791 656 3872 loquitur.
698 3791 790 3874 Magis
816 3802 912 3852 autem
931 3792 1084 3855 confirmat
1108 3792 1178 3852 baec
1197 3809 1317 3852 exsecra-

202 3868 293 3928 tronis
313 3865 407 3927 iorma
427 3866 507 3947 quod
527 3889 623 3950 nuper
642 3868 714 3948 disi,
739 3865 820 3929 nullo
841 3869 963 3929 crimine
987 3867 1077 3951 magis
1097 3867 1211 3936 ollendi
1229 3869 1316 3928 Deum

203 3965 291 4023 quam
314 3943 397 4003 verbi
428 3944 481 4004 sui
503 3944 690 4026 contemptu:
719 3965 815 4025 oeque
847 3945 1012 4006 enim'tam
1042 3945 1169 4018 sollenni
1198 3946 1253 4006 ritu
1274 3939 1315 4003 vel

168 4082 172 4090 ,
201 4018 362 4097 adulteros,
375 4018 428 4079 'vel
449 4020 617 4094 homicidas,
637 4022 683 4082 vel
703 4023 819 4100 quosvis
838 4023 995 4084 sceleratos
1007 4021 1143 4084 detestari
1162 4043 1216 4082 nos
1235 4019 1314 4080 iubet

278 4087 325 4160 ld.
362 4097 462 4156 Amen
480 4095 544 4156 dico
563 4097 649 4157 uobis.
687 4099 733 4158 Ne
752 4099 885 4159 videatur
907 4097 995 4159 inane
1021 4117 1083 4159 esse
1106 4097 1314 4160 terriculamen·
1358 4113 1359 4178 p

200 4175 280 4245 tum,
305 4173 479 4250 pronuntiat
499 4173 805 4256 Christus'graviores
830 4175 947 4237 daturos
991 4195 1096 4252 uenas,
1144 4175 1172 4234 ui
1191 4175 1314 4254 Erangc-
1358 4191 1359 4240 i

200 4235 272 4331 linum
291 4252 458 4326 respuerint
478 4271 562 4331 quam
582 4250 761 4312 Sodomitas.
807 4250 930 4324 Quadi
973 4255 1007 4272 ⁸·
1069 4195 1189 4332 quidam
1209 4249 1253 4310 bic
1271 4269 1313 4308 ac·
1358 4253 1359 4326 l

200 4329 313 4394 c'blunt
338 4343 394 4400 pro
413 4325 640 4414 Hierosolymae
665 4327 797 4408 excidio,
822 4325 948 4391 alienum
972 4341 1016 4391 est
1040 4327 1186 4392 aChristi
1209 4336 1312 4388 mente:
1358 4327 1359 4394 l

850 4446 873 4486 ἢ

238 4568 243 4599 l
425 4605 428 4622 Ι
725 4573 727 4586 ·
785 4613 791 4626 -.
955 4588 961 4630 Ι
