2786 4742
4 1181 6 1184 .
90 1127 252 1208 derogant,
283 1127 355 1192 haec
374 1129 507 1206 impietas

413 219 665 282 nrosrorouuu
684 235 884 284 rusrrrunrn,
1078 231 1084 252 '
1160 227 1217 315 111

90 365 258 426 communis
277 364 356 423 enirn
379 363 480 430 iudicii
500 363 576 423 diem
599 361 764 444 intelligere
788 355 923 444 oportet,
953 367 985 427 in
1010 385 1073 448 qno
1088 351 1215 444 ⁸uirique

90 440 398 513 rationemreddent,
418 452 453 500 nt
469 441 520 499 fiat
539 459 700 519 poenarum
720 441 909 519 comparatio.
947 441 1105 506 Sodomam
1127 441 1216 512 Clari-f

90 530 153 578 stus
171 536 243 598 prae
262 516 324 576 aliis
343 516 464 578 urbibus
483 517 655 608 nopninavit,
674 537 735 576 non
746 527 859 575 tanturn
870 517 938 596 qnia
955 520 1087 580 extremis
1097 516 1215 600 flagitiis
1246 539 1248 554 ·

92 613 194 656 omnes
219 594 383 684 superavit,
414 593 465 652 sed
486 613 568 672 quaa.
585 591 724 674 singulari
750 593 827 658 exitii
857 611 965 674 genere
985 594 1215 657 divinitns'con‘·

91 680 207 750 sumpta
221 669 298 742 ltu,
330 681 364 728 ut
386 671 507 732 saeculis
527 669 662 730 omnibus
687 681 763 728 esset
786 669 817 727 in
843 669 1019 748 exemplum,
1051 684 1081 731 et
1100 675 1215 733 momen

91 746 186 806 isum
207 745 419 807 abominationi
438 757 521 808 esset.
559 749 622 806 Nec
648 749 746 806 tamen
769 745 892 818 mirum,
925 744 1004 825 qnod
1029 748 1127 806 mitius
1147 769 1212 808 cnm

90 767 148 882 illis
168 833 263 882 actum
283 822 463 904 iripCbristns
483 823 666 904 pronuntiat,
687 843 772 902 qnam
792 844 858 882 cum
878 821 1035 902 incredulis
1055 824 1104 901 qni
1116 824 1214 885 Evan-

91 897 202 980 gelium
221 899 322 958 audire
342 899 507 960 abnuerint.
545 899 620 958 Nam
640 915 728 978 quum
755 899 958 958 auctoritatem
984 898 1081 962 fictori
1105 921 1157 960 suo
1184 913 1215 960 et
1271 935 1275 942 ·

90 975 197 1055 opifici
212 987 322 1058 negant
341 975 488 1047 homines,
507 995 564 1035 nec
583 976 644 1036 eius
662 995 766 1036 vocem
785 975 932 1034 audientia
950 974 980 1032 di
1004 986 1128 1051 nantur,
1152 976 1213 1036 imo

53 1097 56 1109 .
89 1049 221 1133 benigne
239 1049 574 1131 vocantemrepellunt,
599 1063 631 1120 et
648 1052 747 1112 omnia
769 1051 930 1112 liberaliter
953 993 1107 1132 prblicenti
1126 1051 1214 1111 fidem

437 1128 444 1140 '
549 1128 608 1188 uasi
623 1149 778 1208 supremus
799 1128 928 1187 omnium
953 1127 1097 1188 scelernm·
1115 1149 1216 1187 curnu-

89 1201 135 1264 lus
154 1215 206 1263 est.
247 1203 500 1278 Quodsitobscuri
518 1149 594 1264 illius
613 1204 763 1284 praeconii
786 1204 932 1284 repulsam
951 1206 1073 1284 sequuta
1086 1215 1138 1264 'est
1155 1214 1216 1265 tam
1268 1281 1270 1287 s

90 1278 153 1340 dira
166 1280 264 1354 ultio,
289 1301 376 1360 qnam
400 1279 540 1352 terribilis
560 1300 638 1342 nune
663 1296 715 1340 eos
739 1300 837 1360 poena
856 1293 975 1355 manet,
995 1281 1045 1360 qui
1065 1279 1216 1342 Christum

20 1397 24 1404 ·
110 1355 253 1416 lenoore
273 1353 443 1436 loquentem
464 1357 617 1433 reiicinnt?
636 1355 752 1414 Deinde
772 1357 796 1416 si
814 1367 878 1416 tam*
893 1357 993 1418 severi
1009 1355 1218 1417 animadvertit

88 1379 171 1492 lleus
190 1431 222 1491 in
242 1444 472 1512 contemptores,
492 1432 563 1512 qnid
582 1430 698 1492 furiosis
719 1430 850 1500 hostibus
869 1433 931 1509 fiet,
951 1434 1001 1514 qui
1013 1433 1060 1494 vel
1078 1431 1216 1524 blaspbe-

89 1508 154 1568 miis
174 1520 205 1567 et
215 1507 358 1568 virulenta
376 1509 477 1590 lingua
497 1508 884 1592 oppbgna-ntEvangelinm,
902 1509 950 1575 vel
962 1507 1119 1572 crudeliter
1137 1508 1216 1596 agni-

89 1584 145 1645 bus
165 1583 317 1668 etgladiis
335 1584 577 1666 persequuntur?
1096 1605 1098 1610 ·
1141 1633 1145 1642 ,

131 1815 213 1900 (85.)
254 1815 425 1882 ΜΑΤΤΗ.
445 1817 484 1882 Χ.
526 1819 577 1884 16.
603 1817 689 1884 Ecce
710 1839 770 1905 ego
793 1821 903 1887 emitto
923 1843 1008 1902 vos,
1022 1819 1113 1885 velut
1137 1841 1216 1886 oves

89 1916 254 1982 inmedio
275 1915 440 2006 lnporum:
468 1921 571 1986 estote
597 1921 694 2004 igitur
719 1920 895 2007 prudentes
916 1921 1019 1988 veluti
1037 1922 1217 2018 serp'e'nteS,
1299 1987 1301 2007 ,

75 2027 124 2083 et
141 2015 303 2103 simplices
322 2023 410 2086 sicut
435 2017 628 2088 columbae·
661 2021 712 2108 17.
743 2021 867 2090 Cavete
890 2034 995 2100 autem
1018 2022 1067 2094 eb
1081 2023 1217 2090 homini-

89 2117 166 2184 bus:
186 2117 320 2185 tradent·
337 2123 422 2182 enim
440 2140 500 2184 vos
520 2122 555 2184 in
577 2121 730 2199 concilia,
759 2133 791 2186 et
817 2126 851 2188 in
872 2122 1046 2208 synagogis
1067 2101 1142 2189 suis*
1159 2125 1217 2189 tla-
1307 2100 1311 2121 ι

89 2217 257 2306 gellabunt
283 2223 352 2282 vos.
403 2219 453 2300 18,
483 2217 588 2281 Etiam
616 2219 657 2282 ad
684 2217 848 2307 principes
875 2233 907 2286 et
933 2222 1028 2310 reges
1054 2223 1217 2302 ducemini

88 2330 224 2407 propter
237 2321 304 2395 me,
321 2321 356 2382 in
374 2319 589 2395 testimonium
611 2321 689 2404 ipsis
709 2330 744 2385 et
763 2319 923 2406 gentibus.
945 2325 947 2328 ’
965 2324 1015 2387 19.
1028 2321 1216 2408 ¹Quumau-

18 2455 24 2466 s
89 2434 154 2488 tem
174 2419 367 2485 tradiderint
386 2438 461 2497 vos,
481 2439 524 2482 ne
546 2421 613 2486 sitis
634 2418 776 2498 solliciti,
798 2419 963 2515 quomodo
992 2431 1047 2484 aut
1068 2423 1147 2508 quid
1167 2423 1216 2490 lo-

30 2579 33 2586 ,
90 2522 246 2609 quamini:
277 2517 408 2585 dabitur
435 2519 520 2583 enim
540 2517 636 2584 vobis
663 2523 698 2592 in
719 2518 777 2583 illa
798 2514 896 2600 hora,
922 2521 1001 2607 quid
1026 2520 1216 2606 loquamini.

88 2624 140 2688 20.
166 2621 245 2705 Non
272 2621 356 2685 enim
377 2638 437 2683 vos
465 2623 555 2702 estis,
583 2622 639 2707 qui
664 2611 853 2708 loquimini,
878 2618 1094 2709 sed'Spiiitus
1114 2617 1216 2704 Patris

38 2807 42 2822 ι
88 2725 198 2802 vestri,
218 2723 275 2808 qui
294 2720 441 2812 loquitur
460 2723 496 2786 in
512 2719 616 2786 vobis.

151 2837 274 2924 wc.
294 2855 362 2920 XII.
411 2841 460 2922 11.
486 2853 596 2941 Quum
623 2865 729 2920 autem
757 2843 948 2922 addunerint
974 2879 1033 2922 vos
1057 2858 1093 2924 in
1120 2857 1217 2945 syna-

90 2978 187 3047 gogas
217 2968 250 3023 et
275 2955 543 3041 ad'magistratus
570 2979 607 3050 ap
631 2953 964 3043 potestates,‹·nolite
981 2945 1112 3024 solliciti
1134 2983 1216 3040 esse,

90 3059 232 3148 qualiter
252 3065 307 3123 aut
328 3057 406 3144 quid
434 3057 677 3142 respondeatis,
701 3067 760 3122 ‘aut
780 3054 860 3144 quid
883 3055 1003 3122 dicatis.
1047 3057 1096 3125 12
1117 3060 1218 3147 Spiri-

89 3172 142 3228 tus
162 3157 398 3246 enim'sanctns
418 3156 550 3225 docebit
570 3178 629 3238 pos
650 3161 684 3226 in
706 3157 818 3237 eadem
837 3157 936 3242 bora,
962 3157 1041 3245 qnid
1068 3149 1217 3248 oporteat

76 3283 149 3350 ,vos
170 3261 290 3326 dicere.
340 3308 342 3316 s
703 3291 705 3296 ⁸
768 3265 771 3275 '
893 3273 895 3277 '
1087 3291 1121 3304 *1

96 3459 102 3474 .
166 3418 316 3492 Mandata,
334 3436 409 3497 quae
428 3416 567 3478 haetenus
587 3405 688 3476 retulit
706 3414 880 3493 Matthaeus,
898 3428 1011 3477 tantum
1031 3415 1070 3486 ad,
1086 3395 1217 3554 pridiem

90 3495 179 3556 illam
195 3493 413 3575 expeditionem
438 3492 624 3572 spectabant,
675 3497 728 3552 uie
758 3493 835 3554 intra
861 3495 971 3574 pancos
998 3494 1059 3554 dies
1112 3489 1218 3556 nienda

91 3583 170 3632 erat:
202 3592 281 3632 nunc
301 3565 418 3652 longius
438 3569 628 3652 progreditur
647 3513 798 3644 (ibristns,
815 3582 854 3629 et
872 3589 929 3630 eos
941 3571 973 3629 in
992 3571 1218 3631 lutnrum·tem·

90 3671 146 3730 pus
165 3645 347 3728 praemunit,
367 3658 401 3706 nt
419 3647 528 3720 sciant,
554 3665 616 3706 non
636 3644 672 3705 ad
692 3644 782 3707 breve
801 3656 918 3706 tantum
932 3646 1006 3706 illud
1025 3649 1217 3726 praeconium

90 3723 269 3807 vulgandum
289 3743 320 3784 se
340 3721 450 3782 electos
470 3742 547 3796 esse,
572 3720 622 3782 sed
647 3721 826 3801 provinciam
852 3723 907 3782 sibi
925 3733 1036 3783 restare
1059 3722 1151 3804 magis
1170 3743 1218 3782 ar-

92 3800 346 3882 dnam'longeque
365 3798 481 3861 maioris
505 3820 543 3859 ne
566 3798 627 3858 otii.
677 3797 806 3858 Tametsi
826 3799 903 3858 enim
933 3819 995 3858 non
1025 3795 1120 3898 statirp
1145 3817 1217 3878 pro-

91 3878 179 3940 tracti
196 3890 265 3938 sunt
283 3877 315 3936 in
336 3877 385 3936 bas
404 3817 582 3958 pngnas,‘de
598 3873 703 3953 quibus
722 3875 854 3954 loquitur
866 3873 1009 3949 Christus,
1029 3873 1100 3932 utile
1119 3884 1218 3938 tamen

91 3956 158 4028 fuit,
178 3974 229 4014 eos
249 3965 317 4014 ante
336 3964 454 4034 tempus
472 3951 604 4026 moneri,
622 3962 665 4026 ut,
685 3949 708 4009 si
728 3972 798 4031 quas
816 3951 963 4012 molestias
982 3962 1053 4008 tnnc
1072 3949 1217 4026 subirent,
1289 4001 1292 4005 .

93 4031 220 4092 durioris
244 4030 378 4107 militiae,
410 4029 557 4108 adquam
578 4027 712 4092 destinati
736 4038 835 4102 erant,
859 4027 970 4088 scirent
994 4026 1134 4104 quaedam
1155 4043 1218 4087 esee

91 4106 253 4189 praeludia.
288 4107 359 4167 Hoc
371 4104 487 4185 quidem
508 4106 594 4166 etiam
613 4104 645 4164 in
685 4103 756 4164 rima
775 4103 914 4163 missione
925 4122 1029 4162 verum
1050 4100 1114 4175 snit,
1133 4099 1218 4181 apos
1269 4111 1272 4118 ’

93 4183 186 4246 stolos
205 4181 311 4244 similes
337 4201 399 4244 esse
424 4182 528 4243 ovibus
549 4183 581 4242 in
605 4124 705 4241 medio
734 4179 885 4261 luporum:
917 4178 967 4240 sed
987 4179 1054 4258 qnia
1072 4178 1219 4240 Dominus

95 4280 199 4321 eorum
222 4259 385 4320 infirmitati
408 4279 531 4339 parcens
555 4259 705 4322 saevitiam
728 4255 866 4337 luporum
890 4255 1055 4338 continuit,
1085 4251 1245 4339 nequid

94 4345 258 4410 nocerent,
275 4336 398 4418 proprie
417 4337 452 4396 ad
471 4336 603 4398 loturum
621 4347 737 4418 tempus
755 4331 897 4413 refertur,
924 4351 984 4416 quo
1003 4330 1150 4398 Dominus
1169 4349 1221 4392 eos

117 4435 210 4484 calvini
224 4449 307 4486 comm.
320 4437 345 4484 tn
360 4437 442 4487 llerm.
456 4438 502 4487 lle.
516 4437 568 4490 Vol.
579 4437 598 4487 1.
982 4413 1022 4479 16

868 4608 890 4658 Ι
935 4583 937 4588 .
