2824 4756
172 183 214 247 80
352 173 514 238 seculo
535 171 592 233 111.
631 173 707 233 Iesu
728 133 876 234 uriraniis
896 125 937 234 ἐτ’
957 185 1126 234 iussurus.
1213 237 1218 250 ,

177 335 238 386 tam
255 320 354 382 tenuit
371 319 429 380 Dei
447 319 548 382 Filius.
586 317 627 378 Et
666 316 726 379 uod
747 317 818 378 dicit
836 317 990 394 Irenaeus,
1010 317 1178 398 quiescente
1199 315 1310 390 divini-

177 409 241 461 tate
281 417 374 460 assum
393 397 493 471 fuisse,
510 416 574 456 non
593 337 684 456 modo
705 393 741 454 de
761 393 910 476 corporali
928 405 1025 466 morte
1044 396 1233 476 interpretor,
1249 395 1311 458 sed

176 476 218 537 de
236 419 289 536 iilo
309 473 478 536 incredibili
493 473 609 538 animae
629 470 733 534 dolore
753 483 784 532 et
802 473 950 547 cruciatu,
999 471 1030 533 ui
1048 471 1124 534 hanc
1141 471 1186 532 illi
1205 473 1311 552 queri-

178 552 310 614 moniam
330 551 478 632 expressit,
497 549 578 610 Deus
598 569 690 626 meus,
709 549 823 628 utquid
844 567 891 608 me
911 493 1109 629 derelqunu?
1129 548 1166 609 In
1184 571 1313 624 summa,

177 627 236 688 nisi
260 649 370 712 negare
394 626 500 698 libeat,
528 624 680 687 Christum
703 644 803 686 verum
828 624 978 686 bominem
1003 645 1065 690 esse
1090 627 1215 710 iactum,
1243 648 1336 709 non,

176 703 288 786 pudeat
307 709 395 766 etiam
408 703 510 779 ¹lateri,
529 701 609 764 ultro
628 703 788 838 suscepisse
808 721 883 782 quae
902 701 938 762 ab
958 701 1083 764 bumana
1101 716 1205 765 natura
1221 723 1311 784 sepa-

137 793 140 800 '
177 781 238 846 rari
256 792 416 862 nequeunt.
456 779 553 842 Stulte
571 790 668 839 autem
688 800 706 839 o
730 778 842 853 licitur,
861 778 1077 860 ignorantiam,
1101 801 1191 860 quum
1210 801 1313 861 poena

178 857 218 918 sit
236 858 367 944 peccati,
393 856 512 918 Christo
536 875 599 918 non
619 853 774 935 quadrare:
800 855 879 918 idem
906 857 984 927 enim
1010 855 1047 916 de
1070 871 1167 920 morte
1187 879 1313 938 quoque

179 933 337 994 dicendum
363 933 449 994 foret.
495 931 578 1010 Quin
605 931 703 1026 potius
727 931 898 998 Mediatoris
924 932 1025 994 olficio
1050 933 1221 996 defunctum
1246 955 1313 998 esse

177 1009 269 1070 tradit
288 1008 453 1092 Scriptura:
480 1009 548 1090 quia
568 1007 715 1088 quicquid·
733 1029 897 1090 poenarum
921 1030 1035 1070 eramus
1054 1013 1209 1093 promeriti
1226 1013 1257 1071 in
1278 1032 1312 1072 se

177 1085 274 1168 ipsum
294 1108 311 1148 a
330 1087 418 1148 nobis
437 1083 593 1146 transtulit.
630 1085 717 1146 Adde
758 1085 817 1146 uod
837 1086 922 1156 nimis
943 1099 1078 1148 crasseet
1096 1089 1230 1150 inscitei
1254 1111 1312 1150 no·
1398 1119 1399 1132 ¹

178 1165 301 1236 cantiam
321 1164 432 1232 faciunt
450 1182 577 1244 poenam
595 1162 718 1244 peccati.
737 1107 853 1242 iisque
866 1165 944 1226 enim
960 1165 1121 1244 putandum
1134 1178 1188 1238 est,
1203 1110 1313 1243 Adam,
1333 1231 1341 1250 t
1398 1161 1399 1172 ¹

180 1259 271 1325 quum
291 1237 384 1300 adhuc
406 1251 481 1300 esset
500 1239 628 1321 integer,
648 1239 747 1300 omnia
765 1239 895 1302 scivisse:
915 1259 953 1300 ne
976 1261 1013 1300 ue
1033 1240 1147 1326 angeli,
1166 1243 1236 1307 dum
1256 1243 1311 1303 ali-

202 1315 253 1387 uid
272 1317 428 1398 ignorant,
447 1315 592 1378 sustinent
609 1316 723 1396 peccati
742 1335 878 1396 poenam.
917 1263 1059 1380 Subtilius‘
1070 1319 1225 1412 ¹colligunt
1243 1319 1310 1417 qui-

180 1335 264 1468 dam,
283 1393 357 1452 nibil
374 1392 500 1454 haesisse
518 1391 527 1452 i
550 1392 706 1456 norantiae
724 1393 756 1452 in
776 1392 912 1468 Christo,
936 1396 1005 1474 quia
1022 1397 1189 1477 ignorantia
1207 1399 1311 1459 viuum
1398 1407 1399 1436 ³

181 1469 230 1534 sit.
255 1469 316 1528 Sed
335 1469 382 1529 isti
398 1489 516 1550 quoquc
528 1411 641 1532 ialsnm
660 1481 691 1530 et
708 1470 797 1530 inane
815 1469 991 1552 principium
1011 1492 1166 1552 perperam
1175 1486 1311 1536 sumunt:

181 1543 314 1624 alioquin
334 1564 418 1625 pares
443 1565 505 1608 esse
525 1546 593 1608 Deo
619 1545 741 1686 anglcelos
759 1565 879 1608 necesse
901 1549 971 1624 erit,
990 1559 1024 1610 ut
1043 1549 1141 1610 vitiosi
1160 1572 1223 1611 non
1242 1551 1311 1612 sint
1343 1577 1346 1586 λ

180 1621 297 1692 Vitiosa
318 1621 436 1701 quidem
457 1635 502 1682 est
520 1625 647 1685 coecitas
688 1643 810 1688 umanae
829 1625 953 1695 mentis,
978 1636 1008 1684 et
1031 1626 1138 1687 merito
1163 1649 1229 1707 pars
1250 1628 1312 1688 ori·
1398 1669 1399 1674 κ

204 1695 421 1778 inalispecc'ati
440 1698 589 1774 censetur:
619 1701 671 1762 sed
696 1699 745 1760 hic
764 1719 827 1776 non
846 1699 900 1761 alia
921 1699 1041 1762 Cbristo
1066 1702 1234 1786 ignorantia
1257 1705 1312 1764 tri-

181 1717 294 1850 buitur,
316 1794 402 1853 quam
422 1777 546 1855 quaein
566 1776 717 1839 bominem
729 1776 811 1836 omni
829 1775 1063 1856 peccatimacula
1082 1801 1188 1876 purum
1208 1779 1313 1842 cadere

182 1861 291 1950 potest.
332 1851 490 1922 Caeterum
511 1875 601 1934 quum
626 1853 697 1916 dicii·
713 1853 825 1928 Lucas,
849 1853 1016 1915 roborem
1032 1856 1135 1937 fuisse
1156 1860 1263 1934 spirim
1285 1871 1312 1916 ct

153 1956 157 1964 f
182 1926 332 2010 mpletuns
349 1931 508 2005 septennii,
533 1929 695 2012 significat,
741 1929 864 2008 uicquid'
884 1943 929 1994 est
952 1931 1114 2014 sapientiae
1133 1934 1164 1992 iu
1185 1933 1313 1994 homini-

182 2005 254 2077 bus„
274 2015 305 2064 et
323 2005 457 2084 quotidie
475 2007 533 2067 illis
551 2008 707 2083 accrescit,
750 2026 821 2065 uere
842 2027 876 2068 ex
894 2009 983 2082 unico
1003 2009 1060 2070 isto
1080 2009 1182 2088 sonte,
1205 2018 1313 2092 nempe
1355 2075 1359 2082 ,

184 2098 219 2142 ex
237 2081 297 2140 Dei
316 2082 340 2142 S'
361 2081 438 2144 iritu.
483 2081 662 2146 Generalior
685 2095 730 2144 est
755 2103 829 2163 quae
854 2085 988 2166 sequitur
1011 2084 1164 2184 loquutiq,
1185 2091 1314 2182 gram

104 2179 108 2192 ¹
161 2159 308 2232 Uermina·
322 2103 425 2253 fiisse
446 2180 534 2236 super
558 2179 645 2236 certaria¹
672 2159 899 2242 comprehendit
923 2163 1001 2226 enim
1022 2163 1162 2244 quicquid
1186 2187 1217 2234 in
1247 2165 1313 2246 ipso

106 2298 109 2308 ,
171 2235 373 2310 ,excellentiae
392 2236 582 2317 resplenduit
962 2294 968 2306 ,

261 2319 308 2376 41.
345 2311 434 2384 Ilum
451 2328 590 2392 parentes
613 2316 674 2374 eius
697 2316 860 2410 quotannis.
906 2315 1056 2376 Laudatur
1080 2313 1127 2388 bic
1151 2316 1259 2388 Mariae
1284 2329 1315 2378 et

183 2388 303 2478 Iosephi
322 2391 433 2470 pietas,
454 2389 534 2471 quod
553 2390 683 2454 studiose
701 2413 733 2452 in
754 2403 875 2465 esterno
894 2391 953 2452 Dei
973 2391 1054 2453 cultu
1072 2412 1104 2453 se
1124 2391 1315 2464 exercuerint.
1368 2441 1371 2448 .

183 2467 290 2545 Neque
304 2469 381 2527 enim
400 2479 514 2528 temere
533 2469 569 2534 ab
589 2470 599 2528 i
621 2469 659 2530 si's
678 2488 762 2530 susce
783 2479 812 2528 ta
831 2467 888 2528 fuit
906 2460 1003 2530 innua
1022 2468 1095 2530 haec
1106 2471 1313 2553 peregrinatio,

184 2541 237 2603 sed
257 2563 292 2606 ex
314 2545 453 2606 mandato
472 2543 541 2606 Dei.
619 2567 665 2606 ain
686 2567 745 2627 quo
789 2545 854 2605 Lex
876 2545 1008 2626 masculis
1028 2557 1142 2622 tantum
1162 2547 1313 2632 praecipit,

95 2645 97 2652 i
184 2629 219 2678 ut
243 2638 276 2679 se
293 2621 403 2686 'sistant
420 2623 451 2682 in
471 2621 530 2680 Dei
551 2635 760 2715 conspectum,
783 2642 847 2681 non
866 2621 993 2683 excludit
1012 2622 1042 2682 in
1065 2634 1160 2685 totum
1185 2615 1315 2700 feminis,

184 2695 237 2761 sed
256 2694 312 2756 illis
331 2693 426 2778 pircit
444 2698 607 2758 secundum
625 2697 850 2780 indulgentiam.
888 2699 987 2792 Atque
1007 2699 1061 2760 bac
1084 2712 1157 2761 uota
1176 2695 1315 2760 discbrui·

183 2781 234 2830 tur
252 2792 327 2862 pura
350 2772 456 2854 religio
477 2794 493 2835 a
512 2773 592 2836 vanis
617 2785 649 2834 et
670 2775 766 2856 pravis
796 2775 1073 2853 superstitionibus,
1106 2777 1186 2858 quod
1211 2775 1261 2836 illa
1284 2797 1314 2836 se

185 2851 325 2914 continet
345 2847 401 2916 sub
420 2849 479 2914 Dei
504 2849 650 2930 obsequio
677 2863 708 2910 et
726 2851 907 2930 praescripto
927 2853 1015 2935 Legis
1035 2853 1111 2928 eius,
1139 2853 1194 2914 liae
1219 2864 1314 2916 autem

183 2941 240 3002 pro
263 2923 404 3003 cuiusque
422 2925 546 2987 arbitrio
567 2938 645 2988 extra
656 2926 715 2986 Dei
728 2925 851 2986 verbum
870 2927 934 2988 sine
954 2940 1033 2990 certa
1052 2929 1154 3012 regula
1165 2951 1199 2991 va
1221 2942 1315 2990 antur.

186 2997 327 3078 Quamvis
347 3013 443 3063 autern
464 2998 565 3063 multis'
583 3001 758 3082 corruptelis
778 3003 905 3065 infectus
926 3018 1002 3065 esset
1021 3005 1115 3070 cultus
1134 2949 1246 3087 tempili,
1265 3027 1314 3067 ve-

184 3073 251 3134 nale
272 3080 348 3136 esset
366 3078 571 3154 sacerdotium,
592 3091 622 3140 et
634 3079 769 3140 doctrina
787 3079 885 3140 multis
899 3081 1049 3142 erroribus
1068 3082 1209 3163 implicita
1227 3083 1315 3158 foret,

207 3149 253 3210 uia
272 3155 485 3218 tameu'adhnc
501 3155 645 3237 rigebant
664 3155 770 3238 legales
790 3159 987 3236 ceremoniae,
1005 3171 1039 3230 ¹et
1058 3171 1209 3219 externum
1228 3155 1315 3224 s'acri-

185 3170 292 3310 dcandi
311 3229 415 3306 ritum,
440 3231 532 3324 qualis
556 3232 588 3292 iii
607 3232 690 3316 Lege
714 3232 855 3310 traditur,
876 3235 1046 3312 servabant,
1066 3237 1200 3316 oportuit
1218 3234 1315 3295 fideles

183 3301 291 3380 talibus
312 3308 455 3374 exercitiis
475 3307 564 3370 fidem
588 3330 669 3370 suam
688 3310 799 3370 testari.
844 3302 1002 3372 Caeterum
1025 3332 1137 3372 nomen
1161 3312 1255 3374 Patris
1280 3312 1314 3373 ad

77 3408 80 3428 i
185 3377 293 3462 Ioseph
314 3379 353 3442 ii‘n
377 3385 476 3465 ropric
495 3385 672 3447 transfertur
692 3407 727 3446 ex
744 3387 792 3449 vul
814 3387 856 3446 ari
875 3386 1027 3448 bominum
1046 3409 1142 3450 sensu.

262 3460 320 3540 dcl-¹
390 3483 439 3542 mn
454 3463 517 3522 e‘sse
534 3461 567 3522 in
585 3461 737 3544 comneno*
807 3485 824 3522 x
854 3462 987 3546 pluribus
1018 3486 1117 3525 sacrae
1148 3465 1315 3546 Scripturae

185 3529 259 3600 locis
279 3547 406 3611 constat,
425 3539 574 3600 turmatim
593 3539 652 3600 iter
672 3541 770 3602 facere
789 3538 904 3616 solitos,
924 3540 975 3622 qui
995 3542 1097 3603 diebus
1118 3541 1198 3603 festis
1217 3541 1330 3606 venien

186 3610 258 3674 bant
277 3609 306 3670 iii
327 3613 469 3693 templum
489 3615 631 3691 adorandi
642 3638 735 3678 causa.
776 3615 879 3693 Quare
899 3639 961 3678 non
981 3618 1085 3678 mirum
1106 3631 1160 3696 est,
1179 3619 1203 3678 si
1222 3619 1315 3701 primo

187 3684 236 3748 die
254 3685 364 3770 Ioseph
384 3699 414 3750 et
432 3689 527 3752 Maria
547 3694 584 3754 de
604 3711 698 3776 puero
722 3694 818 3757 minus
841 3695 958 3756 solliciti
978 3695 1102 3756 fuerint:
1127 3706 1231 3778 postea
1248 3715 1315 3758 vero

187 3782 221 3824 se
239 3783 303 3848 non
322 3766 440 3850 pigritia
458 3769 505 3829 vel
525 3769 664 3854 neglectu
683 3770 910 3850 securosiuisse
931 3771 1101 3833 ostendunt.
1398 3827 1399 3846 ,

263 3843 311 3914 46·
359 3841 513 3906 sadonem
531 3849 563 3908 a'n
581 3846 675 3912 redeo
695 3845 851 3908 doemon.
891 3846 999 3910 Radius
1019 3847 1111 3908 divini
1130 3846 1254 3931 fulgoris
1268 3868 1316 3928 pa·
1398 3855 1399 3864 ’

187 3914 245 3976 lain
265 3918 296 3978 in
317 3939 412 4012 puero
433 3921 571 3995 enituisse
592 3936 777 4005 oportet„nt
795 3945 904 3988 sessum
917 3925 1055 3986 admissus
1075 3924 1200 3994 fuerit'a
1220 3942 1318 4004 super-s

187 3990 240 4082 bis
252 3993 429 4066 bominibus.
476 3996 663 4080 Quanquam
675 4013 774 4065 autem
797 4001 954 4085 probabile
975 4013 1033 4078 est,
1053 4000 1086 4060 in
1107 3993 1246 4062 subsellio
1264 4021 1317 4138 po·

187 4076 244 4134 tun
265 4091 352 4150 quam
372 4073 527 4146 doctorum
547 4077 640 4160 gradu
659 4077 784 4153 sedisse,
810 4099 871 4140 nun
893 4099 960 4138 uam
985 4089 1084 4140 tamen
1104 4077 1247 4158 lastidiosi

187 4142 287 4204 mines·
303 4146 478 4212 audientiam
498 4151 541 4212 illi
565 4153 596 4213 in
609 4153 741 4246 ,publico
768 4167 858 4216 coetu
874 4101 980 4216 lacere
999 4155 1111 4241 dignati
1131 4166 1243 4230 essent,
1259 4153 1318 4214 nisi

176 4213 237 4288 ,vis
250 4218 347 4302 aliqua
367 4225 463 4290 divina
482 4229 561 4317 ipsos
582 4244 736 4316 coegisset.
776 4233 847 4294 Fuit
866 4253 938 4316 ergo
959 4231 1017 4292 boe
1037 4232 1119 4312 quasi
1134 4223 1316 4372 ,praeludium

49 4315 56 4328 ·
137 4381 139 4384 ,
187 4293 359 4386 votauota,
378 4304 460 4388 cuius
480 4305 612 4380 nondun
631 4319 776 4384 naturum
795 4321 914 4404 tenpus·
931 4307 1096 4402 advenerat·
1164 4319 1235 4400 tque
1253 4307 1316 4370 iden

1285 4079 1399 4137 sp,
