2808 4748
11 2863 29 2934 J
102 2881 203 2922 coram
224 2859 283 2922 aliis
302 2875 457 2942 precetur,
476 2861 554 2923 huuc
573 2874 672 2923 tamen
692 2861 832 2922 affectum
852 2859 962 2922 induen

494 263 625 326 onemo
644 273 681 327 m
700 279 826 328 moure.
1044 315 1047 326 ,
1170 273 1228 338 163

94 413 183 481 videt
212 416 251 506 ,in
286 411 429 492 occulto,
463 410 629 500 persolvet
661 408 723 476 tibi
749 413 783 478 in
812 414 995 502 propatulo.
1040 419 1070 484 7.
1103 418 1227 484 Verum

96 523 240 595 uranico,
260 536 304 581 nc
326 517 395 579 sitis
414 511 615 602 multiloqui,
635 515 718 579 sicut
736 510 881 578 Ethn'ici:
896 526 1020 604 putant
1041 519 1227 600 onimium,

96 627 134 682 ut
154 615 205 682 ob·
220 603 456 702 multiloquium
477 636 571 680 suum
594 596 814 680 exaudiantur.
856 615 886 681 8.
900 616 962 684 'Ne
988 613 1085 702 igitur
1105 619 1227 686 efficia-

96 720 175 782 mini
196 715 316 782 similes
336 715 484 786 istorum:
503 716 597 780 novit
619 717 705 780 enim
726 713 824 780 Pater
846 723 970 792 vester,
990 715 1108 806 quihus
1127 714 1231 786 rebus'
1286 729 1290 738 “

99 819 183 908 opus
201 821 242 883 sit
264 814 377 896 vobis,
397 818 583 906 priusquam
604 817 721 906 petatis
743 813 785 881 ab
806 813 876 882 illo.

172 947 275 1008 Matth.
294 953 322 1013 ὅ.
364 945 460 1030 Quane
477 926 674 1008 oeconomo.
713 945 797 1006 ldcm
817 967 897 1006 nunc
917 945 954 1010 de
973 945 1110 1027 precibus
1130 951 1227 1032 docet,

119 1025 177 1087 uod
202 1026 281 1107 prius
306 1025 343 1084 de
370 1025 574 1104 eleemosynis.
612 1025 666 1086 Est
684 1036 783 1084 autem
807 1021 879 1084 haec
903 1023 987 1084 nimis
1007 1043 1101 1086 crassa
1121 1039 1152 1087 et
1169 1047 1224 1112 pu.

98 1046 194 1164 denda
219 1103 346 1163 nominis
369 1101 429 1162 D‘ci
453 1101 638 1196 profanatio,
670 1101 750 1183 quod
775 1099 962 1182 hypocritae,
986 1111 1021 1160 ut
1046 1099 1225 1182 gloriamsi)

97 1178 264 1240 hominihus
284 1179 431 1252 referant,
455 1199 486 1238 m
511 1176 632 1257 publico
656 1189 830 1260 precantur,
853 1175 901 1238 uel
924 1176 1024 1258 potius
1042 1177 1181 1241 simulant
1198 1201 1241 1250 se,

70 1261 72 1265 ’
97 1256 221 1338 precari.
260 1255 322 1314 Sed
342 1275 432 1334 quum
452 1273 569 1390 semper
593 1253 746 1314 ambitiosa
770 1254 811 1314 sit
835 1251 1011 1334 hypocrisis,
1035 1275 1098 1317 uon
1121 1259 1228 1330 mirum

99 1345 154 1410 est,
175 1333 216 1392 ita
236 1351 355 1395 coccam
375 1350 457 1392 esse.-
477 1333 507 1392 iu
531 1342 561 1390 et
581 1349 653 1412 ergo
674 1330 833 1410 discipulos
850 1351 935 1404 suos,
955 1331 979 1394 si
1000 1332 1056 1392 rite
1075 1353 1162 1394 orare
1180 1355 1230 1398 ve·
1278 1349 1291 1392 's

98 1409 169 1484 lint,
194 1409 335 1468 conclave
361 1407 481 1476 intrare.
519 1407 582 1468 Etsi
606 1417 719 1481 autem,
744 1407 812 1486 quia
838 1406 896 1467 hoc
920 1407 1098 1488 inspeciem
1115 1412 1231 1472 videtur

10 1509 11 1512 ¹
56 1499 58 1504 ’
98 1485 267 1559 absurdum,
287 1483 445 1565 allegorice
464 1483 581 1576 quidam
602 1494 753 1564 exponunt
771 1483 943 1544 interiorem
964 1484 1062 1546 cordis
1076 1507 1232 1565 recessum,

98 1563 154 1622 hac
172 1571 272 1622 tamen
291 1561 404 1642 argutia
424 1559 496 1620 nihil
514 1570 560 1640 est
579 1579 662 1640 opus.
699 1559 842 1620 Iubcmur
859 1559 993 1638 pluribus
1012 1561 1103 1640 locis,
1128 1566 1159 1625 in
1180 1586 1230 1627 ce-

99 1638 177 1699 lebri
191 1649 286 1696 'coetu
305 1651 336 1696 et
355 1637 507 1696 hominum
527 1635 693 1717 frequentia
724 1655 759 1696 ac
782 1656 881 1696 coram
905 1645 972 1697 toto
997 1640 1110 1722 populo
1131 1639 1229 1702 Deum

99 1713 215 1796 precari
242 1711 289 1773 vel
310 1712 446 1788 ,laudare,
469 1714 558 1794 idque
583 1713 741 1773 testandae
753 1723 873 1794 nostrae
892 1712 961 1773 fidei
979 1714 1026 1774 vel
1045 1715 1232 1800 glutitudinis

10 1811 11 1830 ι
101 1811 199 1864 causa,
219 1789 304 1850 simul
323 1802 357 1850 ut
375 1790 448 1850 alios
467 1803 571 1852 nostro
591 1789 724 1871 exemplo
744 1788 899 1851 incitemus
917 1789 953 1850 ad
973 1791 1052 1853 idem
1070 1797 1231 1876 agendum:

99 1887 198 1946 neque
218 1866 255 1926 ab
283 1887 320 1926 eo
338 1866 436 1927 studio
462 1888 517 1928 uos
542 1867 679 1930 Christus
702 1866 835 1942 abducit,
851 1867 917 1927 sed
941 1879 1065 1961 tantqm
1082 1871 1233 1949 admonet,
1294 1899 1296 1906 ’

99 1945 198 2016 Deum
217 1963 288 2024 prae
315 1944 407 2004 oculis
435 1941 601 2004 habendum
621 1963 699 2020 csse,
723 1943 839 2026 quotics
858 1943 894 2003 ad
914 1957 1115 2024 precationem
1135 1953 1233 2012 accin-

99 2021 205 2102 gimur.
236 2020 311 2081 Ideo
331 2041 392 2082 non
413 2033 482 2081 sunt
500 2022 632 2104 urgenda
645 2022 720 2082 haec
734 2021 835 2095 verba,
848 2019 935 2080 Intro
946 2024 1124 2086 inconcione
1135 2041 1233 2087 mom:

100 2099 182 2180 quasi
201 2095 424 2179 iubeatfugere
444 2098 597 2174 homines,¹
607 2118 641 2158 ac
660 2119 715 2159 nos
734 2110 816 2158 recte
829 2117 915 2158 orare
930 2111 1022 2182 neget
1036 2103 1092 2162 nisi
1107 2103 1232 2165 testibus

99 2175 231 2235 remotis.
272 2171 481 2254 Comparative
501 2174 579 2232 enim
602 2173 749 2253 loquitur,
773 2174 940 2254 significans
965 2177 1063 2257 potius
1089 2199 1234 2259 quaereu-

10 2255 11 2328 ᾗ
100 2251 169 2310 dum
190 2269 253 2310 esse
272 2265 428 2326 secessum,
447 2271 533 2330 quam
554 2249 749 2331 appetendam
767 2246 920 2309 hominum
932 2251 1140 2333 frequentiam,
1158 2277 1234 2338 quae

99 2349 156 2387 nos
177 2337 295 2386 orantes
313 2326 418 2386 videat.
477 2324 559 2385 Utile
579 2325 696 2404 quidem
715 2335 761 2386 est
779 2323 925 2399 fidelibus,
944 2346 1005 2408 quo
1018 2330 1145 2396 ,liberius
1164 2346 1234 2394 vota

100 2424 152 2464 sua
173 2415 203 2462 et
223 2402 348 2482 gemitus
369 2423 469 2462 coram
489 2402 557 2461 Deo
582 2402 756 2475 effundant,
776 2401 941 2461 subducere
964 2423 995 2463 se
1020 2405 1056 2464 ab
1083 2406 1234 2468 hominum

102 2491 274 2570 conspectu.
318 2478 447 2538 Prodest
468 2480 556 2537 etiam
579 2497 708 2538 secessus
732 2477 787 2537 alia
813 2476 850 2536 de
876 2471 976 2552 cinea,
1000 2498 1060 2557 quo
1085 2484 1177 2563 magis
1197 2485 1234 2545 ab

102 2554 239 2616 omnibus
259 2555 454 2614 avocamentis
474 2553 583 2614 liberae
602 2553 663 2614 sint
681 2573 714 2614 ac
732 2552 847 2613 solutae
866 2564 994 2614 mentes:
1013 2556 1082 2616 iden
1103 2571 1134 2616 et
1147 2558 1234 2621 Chri.

100 2643 164 2694 stus
182 2631 247 2711 ipse
268 2631 372 2696 orandi
397 2652 480 2692 causa
504 2629 620 2713 saepius,
641 2631 672 2690 in
691 2642 836 2690 secretum
861 2629 986 2710 aliquem
1013 2631 1111 2694 locum
1131 2655 1162 2695 se
1182 2636 1236 2697 ab·

102 2707 186 2774 didit
226 2706 286 2768 Sed
306 2707 364 2785 hoc
384 2707 416 2768 in
436 2709 600 2800 praesentia
620 2727 682 2769 uon
702 2707 813 2790 agitur:
836 2719 952 2768 tantum
976 2711 1055 2770 enirn
1074 2712 1236 2796 corrigitur

101 2783 196 2846 inanis
216 2781 329 2867 gloriae
350 2785 499 2865 cupiditas.
538 2785 658 2844 Summa
679 2798 776 2844 autem
789 2795 859 2844 est:
890 2783 950 2846 sive
966 2791 1033 2923 quis
1053 2787 1151 2866 solus,
1174 2791 1235 2852 sive

985 2885 1033 2923 um
1055 2884 1132 2942 esse,
1151 2868 1235 2948 quasi

10 3003 12 3006 ,
101 2940 218 2998 abditus
248 2938 278 2997 iu
305 2939 445 3000 conclave
472 2940 569 3002 solum
592 2939 691 3000 Deum
721 2939 845 2999 haberet
874 2951 991 3014 testem.
1030 2939 1132 3016 Quum
1165 2945 1236 3005 dicit

10 3147 15 3170 ,
102 3093 172 3172 quid
192 3092 336 3154 mercedis
354 3095 460 3174 passim
479 3087 567 3155 nobis

102 3015 248 3090 Christus,
267 3016 434 3076 mercedem
453 3017 577 3098 rependi
587 3016 731 3154 precibus
752 3017 876 3091 nostris,
894 3017 961 3078 satis
983 3017 1127 3096 declarat,
1153 3023 1236 3100 quic-

612 3096 739 3176 criptura
759 3092 906 3174 promittit
930 3113 994 3155 non
1022 3107 1160 3178 tanquam
1182 3097 1235 3158 dc-

101 3169 197 3230 hitum
216 3167 306 3243 solvi,
323 3169 375 3229 sed
395 3171 553 3252 gratuitum
574 3189 645 3230 esse.
764 3189 766 3196 ¹
876 3185 880 3194 ·
915 3229 916 3232 ,

100 3291 105 3300 .
180 3251 209 3312 7.
248 3246 297 3304 Nc
314 3249 376 3306 sitis
394 3245 489 3306 multi]
548 3249 563 3305 ⁶.
593 3245 683 3306 Aliud
702 3246 807 3308 uitium
825 3245 1017 3328 reprehendit
1034 3249 1065 3308 in
1086 3250 1235 3330 oratione,

102 3342 211 3406 nempe
234 3323 463 3404 multiloquium.
487 3268 611 3383 oiiiitur
635 3336 734 3384 autem
759 3324 874 3385 dnobus
905 3325 1018 3400 verbis,
1049 3329 1101 3398 sed
1129 3329 1235 3390 eodem

81 3439 82 3442 =
103 3421 207 3462 sensu:
228 3421 293 3460 nam
306 3405 471 3472 flurrotoyto
482 3421 660 3482 supervacua
676 3412 724 3461 -est
743 3413 773 3461 et
791 3401 892 3482 putida
912 3401 1062 3482 repetitio,
1080 3409 1235 3477 πολυλογία

103 3489 213 3540 antem.
224 3476 318 3538 inanis
337 3477 513 3560 garrulitas:
537 3478 634 3539 Porro
655 3483 763 3540 c'orum‘
773 3477 922 3539 stultitiam
943 3479 1135 3559 reprehendit
1147 3479 1235 3540 Chri-

104 3565 175 3628 stus,
198 3554 249 3634 qui
268 3555 408 3614 utDeum
429 3555 622 3634 persuadeant
641 3565 672 3614 et
690 3566 823 3630 exorent,
842 3554 966 3626 multum
984 3557 1144 3618 uerborum
1163 3576 1235 3636 pro-

103 3630 242 3704 fundunt.
279 3626 385 3711 Neque
416 3631 484 3691 huic
515 3631 669 3692 doctrinae
694 3631 958 3709 contrariumest,
988 3629 1069 3714 quod
1097 3629 1236 3716 precandi

103 3707 254 3768 assiduitas
283 3708 388 3789 passim
413 3705 547 3769 laudatur
573 3710 604 3769 in
631 3708 792 3787 Scriptura.
842 3709 916 3769 Nam
942 3709 996 3770 ubi
1022 3709 1100 3772 serio
1125 3691 1240 3769 aflectu·

104 3786 272 3876 concipitur
290 3786 433 3878 precatio,
455 3785 554 3868 lingua
572 3806 634 3846 nou
647 3785 743 3853 anteit
758 3797 873 3866 pectus:
895 3785 1002 3846 deinde
1021 3806 1083 3846 uon
1103 3794 1236 3864 captatur
1247 3805 1259 3846 ¹,

10 3899 11 3910 .
104 3860 164 3921 Dei
183 3874 276 3942 gratia
295 3883 377 3924 rnunr
396 3861 553 3924 verborum
573 3863 662 3939 fluxu,
683 3861 735 3927 sed
745 3864 851 3954 ’potius
866 3875 939 3935 'suos
953 3863 1087 3937 affectus,
1106 3881 1168 3930 non
1188 3879 1236 3921 se·
1304 3903 1306 3907 «
1392 3849 1394 3854 ’

10 3927 12 4012 J
105 3959 156 4074 qus
177 3960 210 3999 ac
230 3940 356 4020 sagittas,
376 3941 456 4020 pium
478 3938 667 4032 coremittit,
680 3938 731 4074 qui
744 3959 774 4030 up
787 3939 1081 4074 coelumnpessetrent.
1112 3936 1236 4008 Interim

10 4031 12 4064 t
105 4025 109 4032 ·
916 4027 920 4036 “
1137 4033 1236 4072 rome-

10 4093 11 4100 *
105 4027 780 4174 ttttttt⁰tt¹¹¹qttttttttttdttt
798 4038 929 4157 iiiiii}
949 4026 1183 4165 ,iiiiiin
1203 4101 1236 4151 ..t

105 4170 262 4248 proecipuu
282 4171 422 4232 orationis
440 4171 530 4232 virtus
550 4159 609 4238 iilic
629 4170 765 4242 credatur
789 4190 853 4234 esse
871 4169 1042 4250 loquacitas.
1109 4186 1235 4248 amque
1282 4201 1285 4208 =
1347 4165 1349 4173 '
1393 4207 1394 4214 .

107 4245 230 4324 quisquc
249 4246 313 4330 plus
331 4248 491 4311 verborum
512 4247 719 4338 demurmurat,
739 4268 776 4310 co
796 4248 888 4340 magis
905 4257 1042 4338 censetur
1056 4255 1153 4310 exacte
1167 4262 1236 4328 pre-

108 4331 187 4382 catus
212 4343 299 4385 esse..
320 4323 421 4406 Longi
444 4325 530 4385 ctiam
556 4325 719 4406 prolixique
742 4336 859 4398 cantus,
888 4343 968 4406 quast
992 4321 1050 4384 Dei
1074 4344 1159 4386 aures
1182 4319 1234 4382 de-

106 4395 270 4476 mulceant,
287 4401 399 4464 assidue
419 4415 559 4465 resonant
577 4404 608 4466 iu
630 4421 733 4467 corum
753 4401 899 4542 ‘cmliii
