2816 4746
138 205 186 319 'aa
372 321 376 336 .
531 239 898 306 monasterum

149 393 221 456 dere
240 387 406 472 probibuit,
424 385 584 468 pancorum
601 377 920 450 videlicetsicidnrnnt
939 396 1090 466 pastorum
1104 383 1204 459 factio,
1222 384 1274 466 qui

149 481 257 552 sponte
275 466 332 526 alin
355 466 566 540 ni’curreutes,
584 463 712 526 Bolseno
731 473 884 556 praeterea
898 463 1070 545 instigante,
1090 463 1197 523 utsibi
1216 480 1275 522 nos

149 558 218 605 men
238 487 358 623 aliquod
373 561 412 600 ex
421 539 493 602 mnu
503 541 557 601 viri
576 541 806 621 reprebensrone
816 551 1003 619 quaererent,
1023 538 1286 619 bumio’esalinquir

103 647 113 678 ι
150 621 249 682 multis
268 617 325 680 iam
344 618 423 680 nous
443 618 552 697 aspersi
570 637 633 702 non
651 617 737 699 aliter
755 617 786 675 ln
807 635 872 676 eum
893 614 1161 694 debacchabantur,
1187 635 1273 695 quam

150 700 175 760 si
194 698 290 757 Deum
310 697 418 756 iccirco
439 694 550 755 faceret
568 693 710 753 malorum
730 704 897 768 auctorem,
945 693 1003 752 uod
1024 691 1059 750 ab
1080 705 1197 754 aetems
1216 689 1275 750 Dei

171 773 334 835 rovidentia
354 771 589 854 et‚'ordiuati0ne
608 769 685 828 nihil
702 768 876 831 excluderet
915 715 1141 844 discuteretis,
1160 769 1197 828 de
1209 767 1275 847 qni-3

150 796 213 912 dns·
225 860 310 910 antea
329 869 388 908 nos·
404 867 522 940 quoque
547 845 656 924 aliquid
676 844 813 920 diximus,
827 839 896 906 -etsi
920 843 991 906 nibil
1017 845 1076 903 ille
1092 837 1275 920 mouebatur,

149 927 268 989 tandem
292 937 391 985 tamen
416 921 532 982 illorum
559 921 760 982 maledicentia
785 932 905 984 coactus
927 921 1093 1002 impetravit
1116 943 1132 981 a
1152 922 1276 995 Senatu,

150 1016 185 1066 nt
204 1023 346 1063 unacum
365 999 465 1088 legalis
484 995 609 1080 Berna'm
630 995 782 1078 profectus
801 999 929 1060 veritatis
949 1017 1063 1058 causam
1083 1014 1181 1058 coram
1202 998 1277 1056 Ber-

150 1077 290 1142 nensibus
314 1079 324 1137 i
345 1075 382 1138 sis
398 1087 516 1156 *ageret
553 1074 637 1134 Atta·
652 1075 746 1155 igitur
770 1075 829 1156 illic
849 1097 933 1137 causa
954 1087 1013 1148 est,
1038 1087 1068 1134 et
1088 1072 1279 1136 Sebastianus

152 1158 270 1238 quidam
290 1099 452 1214 inldmiaet
466 1149 564 1210 es‘silio
585 1150 749 1226 mulctatus,
768 1152 908 1213 Bolsecus
928 1152 1068 1212 excedere
1084 1151 1193 1230 finibus
1211 1161 1279 1232 tum'

151 1234 268 1315 quidem
288 1231 394 1292 iussus=
415 1247 512 1307 neque
531 1238 704 1288 lamentum
723 1229 877 1308 quicquam
897 1228 953 1289 illis
974 1228 1061 1288 dere
1081 1228 1090 1286 i
1112 1245 1142 1295 se
1152 1227 1279 1286 definire

150 1311 248 1372 visum
278 1319 337 1380 est,
364 1306 407 1364 'ita
426 1303 559 1363 Domino
589 1303 728 1364 ecclesiae
756 1325 824 1366 suae
856 1304 1037 1366 consulente.
1086 1247 1172 1364 disus
1198 1302 1276 1362 enim

150 1387 254 1448 fuisset
266 1379 594 1446 Calvinus'austnn'tate
610 1380 657 1442 vel
675 1382 768 1463 gratia
784 1381 956 1456 obtinuisse,
974 1377 1055 1460 quod
1074 1379 1152 1440 ultro
1172 1391 1276 1460 postea

150 1461 287 1542 configit.
324 1459 400 1518 Nom
425 1469 456 1517 et
479 1456 546 1516 illae
571 1477 673 1518 omncs
698 1457 858 1520 cammnia'e
883 1475 945 1520 non
969 1459 1011 1517 ita
1036 1457 1130 1516 multo
1155 1467 1223 1536 post
1242 1455 1274 1513 in

149 1540 246 1600 fumos
265 1535 417 1606 abierunt,
446 1544 477 1594 et
495 1533 628 1595 Andreae
647 1533 826 1611 Zebedaeus,
845 1544 998 1595 accusator
1015 1532 1185 1604 acerrimus,
1205 1529 1277 1592 Cala

149 1614 288 1678 vinolam
299 1615 529 1689 menumquam
543 1609 646 1690 etipse
664 1611 721 1670 iam
733 1623 808 1672 esset
818 1612 977 1672 moriturus
988 1609 1133 1690 Neuiduni
1145 1607 1281 1690 [Nyonl‘j
1384 1631 1387 1642 ¹

149 1690 262 1772 oppido
283 1699 409 1770 quatuor
426 1685 598 1748 milliaribus
611 1686 731 1748 Genera
750 1687 885 1761 distante,
904 1687 1003 1748 accitis
1022 1686 1184 1766 praeeipuis
1202 1686 1280 1746 civis*

149 1767 222 1838 bus,
241 1765 320 1826 ultro
332 1763 439 1846 agnita
452 1765 543 1842 quam
562 1763 887 1848 oppugnaretveritate
913 1776 943 1823 et
973 1775 1036 1824 acta
1055 1762 1103 1822 illa
1123 1777 1173 1824 ssa
1192 1753 1275 1821 dete-⁹
1365 1799 1369 1807 -

148 1857 240 1920 mans,
259 1841 378 1904 schedas
403 1860 505 1900 omnes
523 1859 587 1900 suas
607 1851 758 1920 spectante
777 1860 808 1900 se
828 1841 1008 1901 concremari
1039 1839 1136 1915 iussit,
1166 1837 1280 1898 indicis

149 1932 231 1982 certe
245 1918 392 2008 tenebere,
414 1921 501 1997 quam
528 1915 554 1978 si
582 1915 807 1978 asseruissent
830 1916 909 1978 mille
930 1913 1195 1978 senatusconsultis
1219 1915 1276 1974 im-

148 2007 260 2080 perata.
398 2023 400 2033 ·
428 2019 449 2041 ν’
731 2015 735 2022 ·
762 2035 765 2042 -
833 2011 837 2019 ’
997 2029 999 2034 -

226 2150 327 2230 (aaut.
336 2147 436 2226 lant.)
452 2143 543 2209 duno
554 2147 692 2230 deinceps
701 2146 795 2214 altero
807 2148 960 2210 Calvinum
980 2143 1196 2228 imprudentem
1215 2151 1277 2203 ter-

149 2227 229 2288 tiana
253 2228 284 2286 in
309 2225 590 2302 concioneinrasit,
619 2247 654 2286 ac
678 2226 937 2288 sententiavimus
960 2243 994 2285 ex
1015 2233 1156 2305 suggestu
1176 2221 1283 2301 coegit·

150 2303 340 2376 descendere,
357 2300 534 2362 multisin'de
554 2302 772 2395 falsisssquutis
792 2301 958 2379 rumoribus
978 2301 1070 2380 iisque
1089 2295 1275 2379 usqueadeo

149 2380 314 2454 Pontificiis
330 2379 437 2461 gratis,
464 2391 498 2438 ut
518 2380 554 2439 de
571 2378 691 2440 'Calvina
709 2379 965 2456 morte-sollenni,
978 2377 1192 2458 supplicatione
1211 2375 1284 2434 Nu.»

149 2458 287 2530 vinduni,
312 2457 429 2519 Calvisi
448 2457 556 2537 patria,
583 2455 728 2517 Cenoni'ci
747 2453 804 2516 suis
822 2456 913 2516 idolis
928 2454 1034 2538 gratias
1054 2454 1177 2534 egerint.
1215 2449 1283 2510 Sed·

148 2536 284 2598 rinmunt
308 2533 456 2594 honorum
480 2553 597 2612 preesse
627 2545 801 2613 tantumque
831 2533 926 2593 abfuit
953 2531 1149 2592 ut‘Calvinus
1174 2536 1208 2588 et
1237 2537 1283 2587 eo‘

149 2611 258 2672 morbo
279 2609 425 2684 interiret,
444 2621 477 2668 nt
497 2622 601 2670 contra
620 2609 710 2670 veluti
730 2612 812 2670 nouis
832 2622 932 2670 auctus
946 2607 1065 2669 nir'ibus
1076 2607 1201 2688 longum
1219 2603 1284 2664 tter

171 2691 270 2747 raeter'
297 2705 410 2744 morem
432 2685 661 2744 francofurtum
684 2704 777 2764 usque
802 2680 939 2746 videlicet
967 2685 996 2742 in
1021 2683 1185 2755 sederetur,
1216 2691 1275 2758 quo

149 2709 249 2826 fuerat
266 2760 401 2840 pacandis
412 2758 551 2820 ecclesiae
563 2758 803 2840 Gallicae,‘'qnae
822 2762 879 2820 iam
897 2757 960 2818 mm
980 2759 999 2819 il
1014 2763 1021 2776 ‘
1058 2763 1132 2834 ebat,
1152 2757 1282 2817 dissidiis·

154 2848 300 2900 evocatus.
339 2829 418 2894 Hinc
437 2835 553 2894 domum
573 2835 779 2909 illc·rediens,²
797 2836 866 2896 lieet
885 2837 993 2898 afflicta
1007 2827 1148 2895 nonnihil
1166 2833 1278 2895 valetu-

152 2917 234 2990 dine,
247 2910 319 2972 nibil
332 2923 428 2971 umen
449 2911 485 2970 de
497 2911 673 2989 quotidianis
693 2910 842 2971 laboribus
861 2912 984 2987 remisit,
1003 2913 1087 2972 editis
1105 2930 1183 2989 anno
1203 2929 1278 2971 con-

151 3001 294 3071 sequente
314 2990 344 3047 in
365 3007 467 3048 omnes
487 2986 618 3047 Psalmns
639 2986 872 3048 Commentariis
889 2987 979 3070 longe
1000 2979 1189 3065 doctissimis,
1207 2986 1278 3067 quis

152 3071 210 3130 bus
227 3064 440 3147 praefationem
459 3067 529 3124 vere
547 3065 707 3155 pretiosam
727 3064 868 3127 adiunxit,
890 3059 979 3124 duno
1001 3077 1097 3126 autem
1119 3065 1187 3143 isto,
1208 3079 1278 3144 par-¹

151 3147 207 3207 tim
227 3143 267 3202 ob
287 3140 426 3202 tumultus
447 3162 462 3200 a
481 3140 626 3202 Ministris
644 3141 700 3200 illis
719 3141 849 3202 factiosis
869 3141 1023 3218 nonnullis,
1038 3141 1175 3201 excitatos
1193 3140 1277 3202 ratde

150 3218 325 3282 turbulento
352 3229 382 3277 et
405 3217 496 3278 tritici
520 3217 642 3279 caritate
671 3216 783 3293 infami,
803 3215 912 3278 tu'tatus
939 3230 983 3278 est
1008 3219 1141 3279 adversus
1161 3217 1278 3278 Inachi·

151 3305 231 3360 mum
250 3293 461 3374 Westpbalum
480 3297 652 3369 veritatem,
671 3306 701 3355 et
721 3315 809 3374 quum
829 3295 877 3353 W
879 3307 921 3356 est
943 3295 1209 3375 hale·postsemum
1228 3313 1279 3353 re·

155 3371 332 3456 spondisset,
361 3371 419 3430 inec
438 3369 487 3430 ille
511 3383 609 3431 tamen
636 3371 784 3452 garriendi
808 3372 896 3432 finem
916 3317 1042 3446 fdcecet,
1061 3363 1111 3434 bas
1130 3382 1227 3452 partes
1246 3370 1278 3430 in

150 3449 332 3527 merecepi,
352 3467 387 3506 eo
409 3467 463 3526 per
481 3448 539 3508 Dei
564 3450 686 3529 gratiam
707 3449 787 3509 cuius
806 3449 927 3508 minime
945 3449 1099 3530 poenitere
1115 3455 1165 3508 ade
1183 3447 1279 3528 possit

151 3537 267 3590 eventu.
286 3525 386 3584 uuna
399 3537 518 3603 quoque
537 3536 600 3584 tum
619 3525 654 3586 ab
674 3525 738 3598 illo,
757 3525 822 3586 tu‘m
837 3527 926 3585 etiam
945 3547 961 3586 a
981 3545 1029 3585 me
1039 3524 1190 3584 refutatas
1209 3535 1278 3584 sunt

152 3599 338 3667 castellionis
357 3598 497 3660 'adversus
526 3599 675 3661 aeternam
695 3602 758 3662 *Dei
805 3601 1081 3680 raedestinatiunnm
1106 3599 1277 3676 calumniae,

172 3701 223 3744 uas
247 3675 297 3738 ille
322 3695 478 3770 suppresso
504 3677 625 3737 nomine
649 3623 985 3760 spargendssmurarata·
1010 3676 1157 3736 'Graviter
1181 3689 1277 3736 autem

150 3703 234 3820 dium
252 3752 405 3842 imprimas·
416 3755 588 3814 excruciavit
604 3755 766 3816 saevissima
785 3748 953 3836 praesertim
972 3754 1106 3816 Lutetiae
1127 3765 1191 3814 orta
1210 3755 1278 3835 pio-

107 3859 112 3883 >
151 3855 217 3896 rum
258 3838 443 3908 ersequntm‚
462 3827 630 3909 intercepto
649 3832 764 3910 piorum
773 3844 874 3892 uoetu
893 3832 924 3891 in
944 3835 1008 3893 uico
1027 3831 1190 3906 Iacobaeo,
1217 3850 1279 3910 quo

151 3912 190 3974 ad
208 3853 413 3971 celebrandam
432 3904 564 3966 Coenam
584 3907 706 3968 Domini
721 3919 931 3976 convenerant
967 3909 1133 3970 Eurorum
1154 3927 1278 3967 numero

152 3986 276 4048 caeteris
299 4003 353 4063 per
378 3981 475 4048 noctis
499 3983 635 4044 tenebras
668 3985 778 4078 ⁰¹³Pdff.
800 3986 875 4066 capti
894 3995 964 4050 sune
980 3985 1099 4046 circiter
1118 3985 1279 4066 octoginta,

152 4059 309 4142 multisque
328 4079 395 4121 cum
414 4049 584 4198 opprobriis
602 4081 636 4120 ac
654 4082 793 4124 conviciis
811 4065 903 4144 prima
922 4061 989 4122 luce
1001 4061 1038 4121 'in
1058 4080 1189 4122 carceres
1208 4079 1278 4141 per-

152 4136 396 4216 scaen-quamvis
415 4135 529 4214 aiquot
546 4137 633 4196 etiam
653 4139 762 4216 primae
782 4135 1099 4199 nobilitatissmulicres
1117 4136 1147 4196 in
1168 4138 1201 4198 iis
1214 4157 1280 4197 cer·

152 4224 304 4277 serentur.
340 4211 553 4272 Accendebant
571 4211 660 4296 Regis
684 4215 757 4276 iram
780 4232 842 4276 nun
869 4217 958 4277 modo
978 4214 1030 4294 qni
1048 4214 1131 4274 illum
1151 4211 1278 4274 circum.

152 4289 279 4359 stabant,
296 4305 398 4348 verum
417 4289 506 4352 etiam
524 4289 587 4369 ipsa
604 4301 770 4371 temporum
785 4294 910 4354 occasio.
950 4293 1032 4352 Haeo
1051 4295 1129 4362 enim
1147 4301 1212 4350 tum
1230 4291 1279 4348 in-

154 4365 300 4442 aderunt,
319 4382 410 4446 <tuum
429 4365 550 4450 insignis
567 4366 619 4437 illa
635 4367 733 4436 cludet
750 4368 1030 4454 atsmqunsinun
1048 4377 1125 4432 esset
1142 4374 1286 4454 acceptat·
