2808 4748
10 4085 124 4126 'bie

148 295 155 328 ,
211 305 219 316 ‚
395 255 402 264 “
456 249 840 316 'omuomuonm
915 251 919 258 '
1080 239 1083 249 ¹
1182 260 1279 343 ιω,

179 393 330 456 Incertum
355 403 414 488 est,
439 392 569 456 semelae
594 414 631 455 an
657 393 702 456 bis
727 393 802 458 banc
825 394 930 458 orandi
952 396 1078 462 formam
1099 397 1234 466 cbristus
1294 474 1301 480 s
1344 445 1347 462 ,

101 469 252 552 discipulis
270 469 432 532 tradideret.
472 467 657 544 Quibusdam
676 470 734 534 hoc
753 472 913 534 secundum
931 473 1147 570 videturmaffis
1181 499 1232 540 ro·
1289 519 1291 522 -

98 547 217 625 babile,
244 549 311 628 quia
329 549 423 610 Lucas
448 559 584 630 rogatum
607 548 697 608 fuisse
723 548 811 624 dicit,
830 538 996 611 ‘Matthaeus
1017 570 1089 614 vero
1115 576 1147 615 ιιι
1169 555 1247 618 ιιοίῐι

98 622 181 685 ultro
202 624 368 685 docentem.
407 621 485 698 Quia
503 635 601 684 tamen
620 624 752 700 diximus,
764 623 945 686 Matthaeum
964 631 1120 708 praecipua
1138 652 1231 711 qnae-

98 719 161 779 que
180 701 332 761 doctrinae
351 701 445 781 capita
464 699 623 784 colligere,
644 712 679 762 ut
703 699 806 762 melius
831 721 866 761 cx
884 701 1024 764 continua
1042 706 1117 765 serie
1134 719 1230 770 totam

97 797 240 837 summam
260 797 326 858 pers
348 778 437 838 iciant
455 775 592 854 lectores,
610 777 677 838 lieri
695 789 795 858 potest
813 790 847 840 nt
858 776 1022 840 Matthaeus
1041 782 1227 845 occasionem

80 873 187 932 ,quam
212 854 307 990 relerlt
326 799 419 916 lucas
446 855 591 930 omiserit,
620 875 785 935 quanquam
817 854 872 916 hac
897 853 936 915 dc
959 873 993 914 rc
1017 875 1084 916 cum
1107 861 1228 922 nemine

122 949 232 991 unare
250 950 285 992 rc
298 953 347 991 rm.

96 949 120 1010 P
135 949 162 1014 'g
173 1007 278 1072 Luc.1·
292 1007 549 1078 Sicrctetlocumes
560 1003 829 1083 demtitdiscipuloa.
850 1006 1077 1082 QuodIoannes
1087 1008 1227 1089 privatam

94 1083 203 1143 orandi
223 1081 347 1146 formam
366 1083 487 1146 tradidit
511 1084 569 1145 suis
595 1083 761 1164 discipulis,
784 1084 816 1146 id
841 1083 946 1146 secisse
971 1084 1119 1161 existimo,
1138 1101 1229 1166 prout

92 1159 238 1240 temporis
262 1162 339 1223 ratio
365 1161 491 1221 ferebat.
533 1160 593 1221 Res
616 1171 687 1221 tunc
713 1160 798 1223 valde
823 1181 839 1222 a
861 1161 900 1222 ud
923 1156 1049 1222 Iudaeos
1074 1175 1227 1242 corruptas

91 1235 185 1297 fuisse
209 1249 314 1298 notum
334 1250 392 1298 est:
421 1248 486 1306 tota
510 1248 592 1299 certe
609 1234 717 1318 religio
742 1238 783 1298 sic
808 1181 936 1318 collapsa
959 1247 1039 1314 crat,
1061 1249 1096 1302 ut
1118 1239 1226 1300 mimm

91 1313 228 1388 nonsit,
256 1314 399 1394 precandi
428 1333 584 1374 morema
614 1313 713 1393 paucis
736 1316 794 1374 rite
824 1314 935 1375 cultum
963 1314 1061 1375 luisse.
1097 1314 1225 1386 Rursum

91 1409 188 1478 quum
212 1390 337 1450 instaret
360 1391 503 1470 promissa
526 1389 710 1482 redemptio,
733 1389 862 1451 fidelium
880 1402 995 1452 mentes
1019 1392 1167 1470 precando
1188 1389 1226 1453 ad

90 1484 157 1524 erus
177 1485 259 1545 spem
279 1477 310 1524 ct
330 1465 507 1526 desiderium
526 1466 646 1527 excitari
664 1466 806 1545 oportuit.
842 1463 970 1528 Ioannes
994 1486 1066 1549 crgo
1086 1487 1122 1528 cx
1139 1468 1226 1532 variis

90 1540 266 1620 Scripturae
296 1543 371 1602 locis
402 1553 512 1604 certam
541 1542 668 1623 aliquam
701 1543 902 1622 precationem
934 1543 1081 1606 conficere
1136 1544 1226 1618 otuit,
1291 1589 1301 1602 ,

90 1635 171 1696 qnae
189 1619 319 1697 tempori
338 1631 527 1702 congrueret,
546 1641 580 1680 ac
599 1619 720 1699 propius
740 1618 895 1682 accederet
903 1619 942 1680 ed
952 1619 1101 1701 spirituale
1113 1565 1226 1686 desisti

7 1723 9 1770 ι
88 1713 237 1776 regnum,
256 1695 335 1774 quod
354 1696 565 1776 iarn-patefieri
585 1707 731 1776 coeperat.
776 1739 779 1750 .
938 1705 944 1710 “

169 1768 278 1831 Matth.
296 1777 325 1837 9.
366 1771 405 1832 V
401 1793 434 1832 os
451 1793 520 1848 ergo
538 1777 582 1834 sic
601 1785 690 1834 orate.
730 1772 792 1834 Pro
807 1792 875 1854 -quu
891 1772 997 1849 Lucas,
1014 1795 1103 1853 qemun
1121 1776 1223 1854 matis,

86 1842 194 1906 dicite.-
218 1868 382 1930 quanquam
407 1868 470 1910 non
496 1849 580 1911 iubet
600 1849 734 1911 Christus
753 1871 821 1912 suos
841 1851 993 1931 conceptis
1011 1851 1108 1914 verbis
1127 1871 1228 1929 orare,

36 1968 43 1987 ι
86 1923 143 1984 sed
162 1935 277 1984 tanturn
297 1926 438 2004 ostendit,
459 1947 600 2007 quorsum
618 1939 687 1988 vota
705 1927 804 2018 omnia
815 1945 977 2020 precesque
992 1928 1099 1989 relerri
1114 1929 1223 1992 deccat.
1242 1951 1248 1959 ·
1340 1997 1343 2012 Ι

87 1997 150 2060 Sex
170 2019 203 2060 er
224 2023 244 2062 o
261 2003 456 2082 petitionibus
477 2004 694 2085 complectitur,
714 2003 857 2085 quaequtd
871 2004 966 2065 aDeo
987 2017 1094 2086 optare
1111 2004 1154 2066 sas
1169 2017 1222 2067 est

85 2075 190 2157 Atque
203 2021 264 2139 luae
284 2079 418 2141 doctrina
437 2079 509 2140 nibil
528 2079 615 2140 nobis
635 2091 680 2140 est
697 2080 812 2141 utilius:
832 2101 899 2142 nam
920 2101 1010 2162 quum
1029 2081 1088 2142 boc
1106 2082 1223 2164 praeci-

7 2183 9 2188 ·
86 2175 182 2234 puum
201 2155 241 2217 sit
256 2156 375 2247 pietatis
394 2156 574 2230 exercitium,
593 2155 624 2213 in
644 2156 805 2216 formandis
824 2167 922 2216 tamen
942 2157 1079 2236 precibus
1097 2171 1149 2220 aut
1167 2179 1223 2223 vo·

84 2231 125 2290 tis
147 2232 350 2312 concipiendis
368 2251 469 2292 sensus
490 2250 594 2291 omnes
612 2229 707 2290 nostri
726 2230 875 2292 deficiunt.
913 2232 959 2292 Ita
978 2254 1066 2294 nemo
1082 2234 1138 2296 rite
1153 2256 1222 2298 ora-

84 2305 145 2382 bit,
165 2307 222 2368 uisi
243 2309 324 2388 cuius
344 2327 377 2368 os
398 2319 429 2368 et
446 2327 502 2368 cor
519 2305 724 2367 moderabitur
743 2306 879 2368 coelestis
897 2306 1047 2388 Magister.
1072 2310 1123 2370 'In
1141 2309 1222 2374 bunc

84 2382 180 2443 lium
198 2383 306 2443 tradita
327 2394 371 2443 est
385 2383 456 2445 haec
475 2384 592 2466 regula,
617 2382 653 2442 ad
673 2403 759 2461 quam
778 2402 881 2462 preces
900 2395 1014 2446 nostras
1033 2385 1148 2465 exigere
1167 2405 1222 2446 ne·

8 2481 10 2490 ¹
85 2475 171 2520 cesse
199 2470 259 2533 est,
282 2460 307 2520 si
332 2459 476 2540 legitimas
501 2458 615 2520 censeri
638 2458 766 2538 Dcoque
791 2457 913 2537 probari
937 2459 1078 2538 cupimus.
1115 2460 1222 2522 Noluit
1265 2459 1269 2466 ’

84 2534 209 2614 quidem
228 2538 276 2671 ppt
295 2555 391 2616 nuper
410 2537 519 2596 dictum
539 2539 595 2614 est)
614 2534 814 2615 praescribere
833 2534 923 2601 Filius
942 2533 1011 2608 Dei,
1031 2533 1136 2613 quibus
1153 2555 1224 2599 vera

56 2663 60 2672 .
83 2611 132 2672 bis
153 2623 225 2672 uten
268 2634 295 2671 m
315 2613 370 2688 sit,
394 2625 428 2672 ut
452 2611 488 2672 ab
508 2633 544 2689 ea
570 2633 658 2694 quam
681 2611 803 2673 dictavit
825 2609 953 2672 formula
978 2611 1138 2672 deflectere
1156 2633 1221 2674 non

83 2689 191 2765 liceat,
213 2690 266 2751 sed
291 2701 391 2750 tarnen
413 2701 483 2750 vota
507 2701 608 2750 nostra
630 2689 673 2750 sic
699 2687 826 2781 dirigere
850 2688 1027 2770 frenarcque
1041 2687 1155 2765 voluit,
1179 2709 1221 2752 nc
1245 2751 1246 2756 ,

8 2831 10 2840 ,
85 2778 169 2826 extra
189 2777 280 2826 metas
298 2767 368 2828 istas
387 2764 546 2828 oberrent:
563 2766 642 2826 unde
662 2764 838 2848 colligimus,
857 2785 919 2826 non
938 2765 970 2826 in
989 2763 1097 2840 verbis,
1116 2765 1220 2827 sedin

83 2843 176 2904 rebus
195 2843 265 2922 ipsis
285 2844 380 2904 datam
403 2843 441 2903 ab
461 2863 498 2904 co
523 2843 611 2906 luisse
637 2843 694 2902 rite
716 2841 856 2926 precandi
875 2842 980 2923 legem.
1018 2841 1116 2903 Porro
1136 2842 1219 2922 quod

84 2916 163 2996 dixi,
188 2939 238 2979 ses
256 2921 451 3001 petitionibus
476 2932 610 2982 constare
633 2919 708 2980 banc
734 2919 874 3000 precandi
899 2923 1041 2995 formam,
1066 2919 1218 2980 sciendum

58 3027 62 3036 ,
85 3008 147 3072 cst,
170 3006 231 3056 tres
250 2997 366 3076 priores
395 2997 563 3078 posthabita
586 2995 681 3058 nostri
704 2997 821 3061 'ratione
851 2998 998 3078 respicere
1022 2997 1054 3056 in
1073 2995 1133 3056 Dei
1150 2995 1219 3078 glo·

83 3074 176 3150 riam,
205 3085 264 3134 tres
289 3085 386 3134 autern
412 3073 538 3155 reliquas
564 3074 600 3134 ad
625 3094 673 3149 ea,
697 3074 823 3155 quac‘in
841 3073 964 3136 salutem
984 3083 1115 3134 nostram
1134 3071 1219 3134 utilia

83 3162 170 3227 sunt,
190 3169 254 3211 csse
274 3151 459 3230 compositas.
496 3153 572 3212 Nam
592 3161 626 3208 ut
643 3149 705 3210 Lex
722 3151 782 3212 Dei
802 3150 914 3213 duabus
933 3148 1041 3211 tabulis
1059 3147 1218 3232 distingui-

82 3237 148 3303 tur,
171 3247 298 3306 quarum
317 3226 400 3306 prior
417 3229 536 3307 pietatis
556 3226 653 3288 officia
677 3229 828 3304 continet,
852 3227 944 3288 altera
962 3237 1060 3288 autem
1080 3224 1222 3301 caritatis,

82 3305 125 3364 sic
145 3304 260 3364 orando
273 3302 407 3364 Christus
421 3306 526 3384 partim
538 3304 597 3364 Dei
615 3301 740 3383 gloriam
759 3316 900 3384 spectare‘
912 3316 942 3366 et
961 3320 1104 3384 quaerere
1123 3303 1217 3378 iubet,
1241 3309 1245 3316 '

82 3383 190 3460 partim
208 3379 295 3441 nobis
314 3380 469 3441 consulere
489 3379 642 3461 permittit.
680 3380 811 3444 Sciamus
832 3401 915 3464 ergo,
933 3392 1004 3440 tunc
1023 3401 1079 3442 nos
1099 3378 1216 3450 minum

83 3456 119 3517 ad
139 3458 199 3518 rite
217 3456 396 3541 precandum
414 3457 481 3518 fore
506 3470 703 3538 comparatos,
732 3459 758 3518 si
781 3477 843 3518 nou
869 3468 984 3538 tantum
1009 3457 1046 3518 de
1071 3453 1160 3518 nubis
1185 3465 1216 3516 et

82 3535 206 3625 propria
225 3531 352 3598 utilitate
375 3533 485 3598 erimus
506 3533 641 3610 solliciti,
665 3534 717 3595 sed
742 3535 872 3614 priorem
896 3534 994 3596 lucum
1012 3531 1078 3605 Dei
1102 3530 1216 3614 gloriae

84 3610 233 3672 dabimus:
254 3622 299 3670 est
318 3611 395 3670 enim
415 3611 501 3672 nimis
520 3630 589 3691 prae
609 3623 752 3686 osterum,
772 3631 874 3672 curare
892 3622 1007 3675 tantum
1022 3618 1098 3689 quae
1114 3617 1215 3668 nostra

84 3687 163 3762 suot,
182 3707 308 3769 regnum
326 3687 424 3747 aulem
434 3687 503 3764 Dei,
523 3632 609 3767 quod
623 3687 713 3770 longe
732 3687 957 3768 praeferendum
978 3697 1032 3761 est,
1051 3682 1214 3820 negligere.

84 3762 177 3823 Pater
199 3777 310 3840 noster,
335 3767 386 3844 qui
409 3786 440 3825 ee
462 3766 495 3824 iri
518 3764 611 3826 coelis.
649 3764 720 3826 Duo
745 3764 867 3825 maxime
890 3763 977 3828 nobis
1002 3761 1084 3824 consi
1107 3757 1214 3821 eranda

10 3879 11 3884 κ
84 3853 163 3912 sunt,
184 3840 299 3921 quotics
319 3843 355 3900 ad
374 3840 554 3922 precandum
574 3839 765 3923 accingimur,
783 3853 846 3902 tum
865 3852 900 3902 ut
918 3839 1005 3908 nobis
1024 3856 1155 3900 accessus
1174 3834 1213 3897 ad

10 3985 12 3992 ‚
84 3913 182 3978 Deum
202 3927 310 3999 pateat,
330 3929 392 3977 tum
412 3930 448 3979 ut
465 3916 551 3998 plena
570 3917 721 3998 solidaque
741 3917 847 3978 fiducia
866 3919 897 3976 in
910 3937 975 3979 eum
988 3911 1212 3978 recumbamus:

10 3999 12 4020 ¹
85 4010 191 4130 nempe
211 4005 349 4073 paternus
369 3995 430 4058 eius
450 4015 519 4087 erga
539 4009 594 4056 nos
614 4015 707 4067 amor,
727 4007 758 4054 et
773 3995 914 4055 immensa
934 3990 1079 4072 potentia.
1110 3989 1213 4063 Quare

82 4143 125 4202 sit
143 4147 178 4206 ad
198 4158 265 4209 vota
285 4159 385 4208 nostra
397 4149 595 4223 vexaudienda,
619 4148 690 4228 quin
716 4147 969 4226 deniquespo'nte
992 4163 1157 4226 propensus
1176 4141 1233 4214 sit⁴

86 4218 123 4276 ad
141 4243 194 4284 uos
210 4223 364 4303 ‚iuvandos
401 4224 637 4286 Patrietnornen
663 4224 707 4284 illi
728 4224 884 4288 tribuitur:
915 4239 989 4303 ergo
1011 4222 1042 4284 in
1067 4219 1126 4281 boc
1150 4217 1214 4299 cpi·

85 4292 167 4358 theto
186 4299 242 4362 iam
261 4301 328 4362 satis
346 4300 468 4364 uberem
486 4300 609 4364 fiduciae
621 4303 770 4362 materiam
781 4300 918 4361 Christus,
934 4297 1022 4360 nobis
1038 4295 1215 4391 suppeditat,
1238 4349 1243 4354 .
1282 4319 1288 4332 ·

86 4369 298 4458 sedquoniam
318 4377 565 4446 dimidiatarum
585 4399 619 4444 es
638 4390 721 4465 parte
735 4376 836 4442 inDei
847 4375 982 4442 bonitate
992 4374 1214 4460 acquiescimus,

164 4070 319 4146 ubitcmus,
331 4071 410 4150 .quin
430 4071 560 4152 benigne
579 4071 716 4152 amplecti
735 4092 790 4133 nos
806 4071 886 4132 Deus
906 4070 986 4145 velit,
1004 4067 1080 4146 quin·
1095 4075 1213 4146 paratus
1317 4123 1319 4130 ,
