2786 4742
190 263 250 327 m
452 249 606 315 SECTlO
625 254 662 316 at
700 251 793 315 lasus
811 267 854 316 ar
872 253 1059 318 turnum
1112 239 1115 244 ’

191 410 355 466 correctum
385 395 475 460 luisse
503 409 579 480 puto
607 395 737 460 mulieris
760 417 880 476 vocem,
912 400 993 482 qnod
1022 399 1134 464 scilicet
1159 422 1310 488 perperam

190 479 306 544 soleant
323 476 458 536 beminen
476 475 536 535 Dei
559 475 639 536 duna
663 475 830 560 negligere,
861 499 935 558 qnae
966 479 1083 539 auoniti
1113 480 1255 544 mirantur
1283 497 1312 546 ct

190 558 284 641 plenis
305 553 403 613 buccis
422 553 599 632 praedicant.
641 551 715 612 Nam
736 555 807 614 baec
826 555 932 614 mulier
950 551 980 616 in
1002 555 1112 616 Christi
1133 557 1217 620 laude
1237 561 1310 621 omi-

189 645 267 696 serat
308 629 368 690 uod
387 649 456 690 vere
477 642 521 690 est
540 639 641 710 caput,
664 629 783 689 salutem
804 631 924 726 inipso
940 633 1074 694 omnibus
1094 654 1157 694 esse
1176 640 1308 718 proposi-

188 723 264 772 tam:
286 655 428 788 qlrigcbat
453 725 525 788 ergo
556 708 721 766 encomium
746 705 834 782 illud,
863 729 894 768 ιιι
915 729 975 802 quo
995 709 1074 771 nulla
1093 709 1183 772 tiebat
1202 716 1309 795 gratiae

188 789 250 850 eius
270 807 304 848 ac
317 783 429 849 virtutis
447 783 571 857 mentio,
591 803 665 864 quae
684 803 716 844 se
735 784 772 844 ad
791 805 893 846 omnes
905 785 1051 846 diffundit.
1091 786 1194 862 Quare
1205 792 1308 851 merito

189 863 323 927 Christus
342 860 426 922 aliam
445 860 502 921 sibi
523 859 636 920 laudem
655 861 800 936 vindicat,
828 881 866 922 ne
885 862 948 923 sola
972 875 1064 924 meter
1084 864 1169 926 beata
1193 881 1308 948 repute-

187 953 251 1017 tur,
271 939 437 1020 etquidem
458 937 551 997 caruis
571 947 723 1019 respectu,
746 937 797 998 sed
821 950 855 998 ut
879 939 966 1000 nobis
985 939 1121 1002 omnibus
1141 943 1258 1004 solidam
1279 955 1309 1004 ct

187 1031 337 1079 aeternam
357 1013 571 1076 beatitudinem
590 1014 733 1076 conserat.
770 1013 839 1074 Rite
859 1033 932 1098 ergo
952 1017 1157 1096 tuncdemum
1177 1023 1305 1082 aestima-

186 1107 237 1157 tur
256 1091 366 1156 Christi
386 1091 526 1172 dignitas,
552 1090 619 1150 dum
640 1090 842 1172 expendimus,
874 1113 1013 1172 quorsum
1033 1091 1117 1154 nobis
1137 1095 1218 1156 datus
1235 1096 1307 1158 sita

184 1173 287 1246 Patre,
305 1182 422 1248 ecquae
442 1166 528 1228 nobis
547 1165 647 1228 attulit
664 1166 805 1228 beneficia
818 1169 1005 1248 percipimus,
1025 1181 1059 1230 ut
1076 1171 1174 1232 fiamus
1194 1173 1224 1232 in
1243 1173 1306 1254 ipso

185 1249 287 1310 ielieea
305 1247 357 1326 qni
380 1265 478 1306 sumus
497 1245 528 1306 iu
553 1244 640 1306 nubis
663 1243 777 1304 miseris
803 1244 931 1306 sedeur
956 1247 994 1306 de
1018 1265 1049 1307 se
1072 1259 1170 1308 tacens
1196 1261 1306 1310 tantum

184 1326 268 1389 verbi
282 1325 342 1384 Dei
360 1319 512 1382 meminit?
532 1341 637 1402 nempe
655 1317 715 1382 boc
734 1321 824 1382 modo
845 1321 996 1384 thesauros
1015 1343 1117 1384 omnes
1136 1345 1204 1385 snos
1222 1327 1304 1387 nobis

184 1399 463 1542 :tt'latlttl‘
481 1396 752 1610 tilli'il‘gill
765 1397 1306 1556 *stitit”tristitetttiitlt

150 1575 156 1673 l
182 1567 323 1714 {titt
341 1571 522 1691 little,
545 1551 806 1704 “ttatllttlttf',
826 1553 1305 1720 ts‘tttltctttts‘atf

182 1733 246 1773 sum
267 1711 303 1770 ab
324 1705 422 1786 elogio
443 1704 586 1766 mulieris:
608 1727 693 1785 quam
714 1707 791 1766 enirn
810 1705 997 1790 beatitudinis
1018 1707 1138 1790 gratiam
1158 1709 1207 1770 illa
1226 1656 1304 1771 domi

180 1787 354 1857 incluserat,
378 1782 540 1847 liberaliter
564 1780 700 1842 omnibns
725 1783 825 1842 oisert„
858 1782 974 1846 Deinde
1000 1804 1061 1845 nou
1081 1785 1191 1868 vulgari
1215 1788 1301 1848 modo

180 1885 212 1928 so
231 1861 441 1927 aestimandum
462 1876 523 1918 esse
544 1856 641 1931 docet,
661 1857 728 1937 quia
748 1879 851 1920 omnes
871 1858 1004 1922 coelestis
1014 1865 1099 1939 vitae,
1120 1863 1301 1940 beatitudinis

179 1951 213 2078 :l
230 1935 342 2074 iiiii?
354 1932 615 2090 iliissliinili‘
631 1933 1300 2093 titt'llttltl‘ttptttttzltlltt‘tt

160 2092 258 2155 'enim
275 2090 362 2170 regui
381 2087 535 2149 coelorum
553 2053 742 2168 est’gratuita
753 2085 811 2147 Dei
829 2088 962 2168 adoptio,
981 2111 1067 2182 quana
1085 2111 1140 2164 nos
1159 2093 1306 2154 exserbn'

178 2164 370 2248 concipimus.
409 2164 449 2224 Et
466 2161 593 2224 tenenda
603 2175 648 2224 est
667 2163 721 2224 ista
734 2164 849 2244 copula,
869 2166 948 2246 quod
960 2187 1053 2246 primo
1065 2168 1177 2246 audire,
1199 2171 1300 2231 deinde

179 2257 213 2308 et
232 2262 347 2307 servare
359 2252 521 2328 ,oporteats
548 2261 613 2300 nam
635 2241 703 2321 quia
723 2239 793 2303 fides
815 2253 857 2309 est
877 2243 1044 2320 exauditu,
1064 2243 1131 2304 binc
1151 2245 1232 2307 etiam
1250 2269 1299 2306 su·
1380 2269 1381 2290 ι

179 2323 318 2386 mendum
334 2332 378 2382 est
390 2319 539 2380 exordium
550 2317 799 2397 spirituallsvitae.
820 2317 975 2380 Caeterum
1004 2321 1051 2380 uia
1061 2321 1180 2401 simplex
1190 2323 1298 2384 auditus
1380 2321 1381 2333 ¹

178 2400 270 2464 veluti
290 2397 411 2461 evanida
432 2405 479 2456 est
496 2394 606 2474 speculi
627 2395 788 2476 inspectio,
808 2341 1052 2475 quemadmodum
1066 2397 1194 2460 *Iacobus
1214 2401 1299 2461 docet
1366 2392 1380 2482 Ἀ

179 2477 303 2554 (132),
314 2475 399 2536 simul
411 2473 527 2534 additur
535 2472 618 2533 verbi
631 2471 773 2544 custodia,
793 2493 868 2552 qnae
888 2473 1009 2554 perinde
1020 2474 1095 2536 valet
1106 2488 1191 2556 atque
1202 2477 1300 2538 cilicas

154 2570 159 2622 t
177 2553 323 2635 receptio,
342 2553 394 2612 ubi
405 2551 482 2629 vivas
502 2548 534 2608 iu
555 2549 692 2618 cordibus
712 2549 822 2618 radices
841 2551 911 2632 agit,
930 2562 962 2609 ut
982 2551 1109 2612 fructum
1128 2575 1208 2614 suum
1228 2575 1300 2635 pro-

176 2632 262 2692 ferat
301 2629 347 2689 Ita
367 2627 439 2688 nihil
451 2623 641 2705 consequitur
659 2625 751 2685 llusus
771 2625 822 2698 ille
840 2627 965 2703 auditor,
985 2627 1066 2690 cuius
1087 2651 1167 2690 aures
1187 2628 1299 2691 tantum
1379 2691 1380 2704 ,

176 2707 317 2772 verberat·
338 2704 466 2764 exterior
489 2702 633 2763 doctrina.
685 2703 864 2782 Quicunque
889 2723 959 2764 vero
982 2725 1085 2765 arcana
1108 2707 1299 2787 inspiratione

12 2833 13 2840 ι
169 2805 208 2850 se
227 2793 385 2844 contentos
413 2799 474 2842 csse
500 2781 622 2853 iactant,
653 2789 684 2838 at
715 2780 772 2839 hoc
801 2792 951 2860 praetextu
975 2781 1129 2864 negligunt
1154 2796 1299 2844 externam

12 2861 14 2936 l
175 2859 441 2945 praedicationem,
471 2877 486 2916 a
512 2856 634 2916 coelesti
657 2855 715 2915 vita
741 2869 887 2916 arcentur.
930 2857 1011 2939 Ergo
1038 2880 1112 2939 quae
1132 2861 1222 2921 Filius
1241 2863 1298 2922 Dei

175 2936 342 3009 coniunxit,
368 2954 406 2995 ne
426 2933 565 3014 sacrilega
589 2931 754 2994 temeritate
774 2932 907 2996 bomines
927 2947 1069 3014 separent.
1112 2937 1202 2998 Mirus
1222 2959 1297 2999 sero

173 3016 217 3076 Pa
240 3025 303 3074 atus
329 3019 449 3092 stupor,
480 3011 560 3092 quod
592 3008 622 3068 in
643 3009 753 3068 Mariae
773 3008 917 3070 bonorem
938 3011 1090 3072 cantillant
1109 3011 1179 3073 baec
1199 3015 1297 3088 verba,

12 3129 13 3132 =
174 3092 281 3174 quibus
300 3101 360 3150 tam
380 3088 491 3148 diserte
514 3085 659 3146 refellitur
683 3099 788 3145 eorum
812 3088 995 3166 superstitio:
1027 3087 1057 3148 in
1088 3089 1297 3172 agendis'vero

12 3133 45 3234 l,
197 3169 273 3227 ratiis
297 3163 486 3226 mulierculae
509 3161 801 3243 rocemrdccerpunt
824 3165 930 3226 omissa
956 3166 1150 3227 correctione.
1186 3167 1297 3230 Verum

125 3254 129 3270 ¹
172 3257 214 3305 sta
233 3243 336 3303 modis
352 3239 487 3304 omnibus
500 3239 691 3320 obstupefieri
712 3240 819 3317 decuit,
839 3242 889 3322 qui
909 3263 964 3323 pro
984 3264 1034 3304 sua
1052 3241 1173 3304 libidine
1183 3265 1298 3306 sacrum

172 3319 232 3381 Dei
251 3315 374 3378 verbum
395 3318 460 3377 data
482 3335 571 3398 opera
591 3316 781 3412 profanant·
909 3369 913 3376 ,

172 3391 859 3553 duoebpqapgqusssmpppppupuqcpqnqffflellesppe.
878 3394 1103 3534 disbbbbb'dltciibl
1120 3395 1301 3536 θιιιιέιειιῇῌῖιῗ

170 3549 312 3612 historiae
336 3566 403 3610 suae
425 3559 567 3638 contextu
597 3561 719 3608 matrem
744 3559 774 3608 ct
798 3561 940 3631 cognatos
966 3495 1076 3611 dimisti
1098 3552 1299 3631 supervenisse

169 3629 290 3704 dicunt,
310 3645 398 3708 quum
419 3623 455 3682 de
474 3625 577 3704 spiritu
597 3626 748 3685 immundo
768 3624 940 3702 dissereret,
959 3625 1126 3688 illc‘autern
1145 3629 1180 3688 ad
1199 3629 1298 3690 diver-

159 3725 235 3780 ¹sum
253 3717 370 3784 ternpus
390 3701 491 3775 refert,
511 3723 544 3796 ac
563 3702 657 3763 solum
678 3705 890 3798 edumemprat
904 3704 1295 3799 ,mulieris-exclamationem,

168 3800 381 3920 statuisti
399 3781 767 3936 titillabit-'sc
781 3781 1216 3938 tttsttt‘siitttlttt
1234 3804 1296 3922 tl!

145 4017 146 4022 ἵ
194 3935 249 3996 ulis
268 3934 432 4015 quibusque
453 3931 534 3992 iactis
553 3933 599 3993 vel
620 3933 705 3994 dictis
724 3935 1022 4014 persequendis,uon
1040 3936 1081 3998 ita
1101 3935 1227 3998 difficilis
1244 3956 1293 3995 so-

169 3955 245 4072 lutio
267 4022 319 4070 est.
358 4010 565 4083 Lucasenim,
586 4029 644 4090 quo
664 4011 806 4089 temporis
826 4012 949 4072 articulo
969 4013 1083 4072 venerit
1101 4012 1213 4072 Gbristi
1232 4033 1295 4074 ma·
1378 4000 1379 4030 ¹

144 4097 227 4218 rs
246 4086 473 4222 *sisset
492 4085 1014 4240 sastristassssssss
1029 4082 1295 4227 sitisset

170 4204 252 4310 dicii,
272 4237 380 4317 aliquid
391 4207 869 4302 buic⁸narratinni¹aitino‘babet:
889 4243 952 4302 fieri
972 4244 1049 4303 enim
1068 4253 1176 4322 potest,
1194 4255 1229 4304 ut
1246 4189 1293 4304 iri·

168 4310 355 4398 considerato
375 4311 492 4374 fervore
511 4315 543 4374 in
562 4337 594 4378 su
618 4311 729 4375 remum
770 4319 870 4380 raduni
891 4318 1041 4395 extulerit,
1066 4317 1146 4412 quod
1168 4319 1294 4400 putabat

167 4379 253 4488 nimis
271 4405 289 4445 a
309 4386 430 4488 §bristo
451 4389 547 4455 deiici.
601 4413 621 4453 n
641 4391 939 4472 bnequrdemomnes
954 4406 1152 4475 consentiunt,
1172 4395 1294 4460 Claristo
