<?xml version="1.0" encoding="UTF-8"?>
<!DOCTYPE html PUBLIC "-//W3C//DTD XHTML 1.0 Transitional//EN"
    "http://www.w3.org/TR/xhtml1/DTD/xhtml1-transitional.dtd">
<html xmlns="http://www.w3.org/1999/xhtml" xml:lang="en" lang="en">
 <head>
  <title>
</title>
<meta http-equiv="Content-Type" content="text/html;charset=utf-8" />
  <meta name='ocr-system' content='tesseract 3.04.00' />
  <meta name='ocr-capabilities' content='ocr_page ocr_carea ocr_par ocr_line ocrx_word'/>
</head>
<body>
  <div class='ocr_page' id='page_1' title='image "./innovumtestamen01tholgoog_0118.png"; bbox 0 0 2824 4756; ppageno 0'>
   <div class='ocr_carea' id='block_1_1' title="bbox 4 4281 6 4330">
    <p class='ocr_par' dir='ltr' id='par_1_1' title="bbox 4 4281 6 4330">
     <span class='ocr_line' id='line_1_1' title="bbox 4 4281 6 4330; baseline 0 0"><span class='ocrx_word' id='word_1_1' title='bbox 4 4281 6 4330; x_wconf 90' lang='lat' dir='ltr'>l</span> 
     </span>
    </p>
   </div>
   <div class='ocr_carea' id='block_1_2' title="bbox 84 1241 141 1288">
    <p class='ocr_par' dir='ltr' id='par_1_2' title="bbox 84 1241 141 1288">
     <span class='ocr_line' id='line_1_2' title="bbox 84 1241 141 1288; baseline 0 0"><span class='ocrx_word' id='word_1_2' title='bbox 84 1241 86 1248; x_wconf 74' lang='grc'>’</span> <span class='ocrx_word' id='word_1_3' title='bbox 123 1249 141 1288; x_wconf 72' lang='lat' dir='ltr'><strong>c</strong></span> 
     </span>
    </p>
   </div>
   <div class='ocr_carea' id='block_1_3' title="bbox 318 199 1264 342">
    <p class='ocr_par' dir='ltr' id='par_1_3' title="bbox 318 199 1264 342">
     <span class='ocr_line' id='line_1_3' title="bbox 318 199 1264 342; baseline 0.003 -32"><span class='ocrx_word' id='word_1_4' title='bbox 318 261 321 271; x_wconf 85' lang='grc'><em>“</em></span> <span class='ocrx_word' id='word_1_5' title='bbox 388 237 393 312; x_wconf 63' lang='grc' dir='ltr'>ζ</span> <span class='ocrx_word' id='word_1_6' title='bbox 434 199 582 322; x_wconf 55' lang='lat' dir='ltr'>lid-43.</span> <span class='ocrx_word' id='word_1_7' title='bbox 602 223 754 316; x_wconf 57' lang='lat' dir='ltr'>Zachariae</span> <span class='ocrx_word' id='word_1_8' title='bbox 772 245 949 329; x_wconf 78' lang='lat' dir='ltr'>prophetia.)</span> <span class='ocrx_word' id='word_1_9' title='bbox 1020 278 1025 290; x_wconf 95' lang='lat'><em>·</em></span> <span class='ocrx_word' id='word_1_10' title='bbox 1217 213 1264 342; x_wconf 91' lang='grc'>37</span> 
     </span>
    </p>
   </div>
   <div class='ocr_carea' id='block_1_4' title="bbox 125 384 1253 832">
    <p class='ocr_par' dir='ltr' id='par_1_4' title="bbox 125 384 1253 832">
     <span class='ocr_line' id='line_1_4' title="bbox 127 384 1253 473; baseline 0.003 -24"><span class='ocrx_word' id='word_1_11' title='bbox 127 396 287 470; x_wconf 77' lang='lat' dir='ltr'>petronam</span> <span class='ocrx_word' id='word_1_12' title='bbox 318 407 351 450; x_wconf 89' lang='lat' dir='ltr'>ac</span> <span class='ocrx_word' id='word_1_13' title='bbox 376 384 453 451; x_wconf 79' lang='lat' dir='ltr'>&#39;v&#39;tces</span> <span class='ocrx_word' id='word_1_14' title='bbox 484 413 550 468; x_wconf 86' lang='lat' dir='ltr'>cum</span> <span class='ocrx_word' id='word_1_15' title='bbox 580 385 637 452; x_wconf 83' lang='lat' dir='ltr'>suis</span> <span class='ocrx_word' id='word_1_16' title='bbox 663 389 876 458; x_wconf 84' lang='lat' dir='ltr'>successoribus</span> <span class='ocrx_word' id='word_1_17' title='bbox 901 401 1025 473; x_wconf 80' lang='lat' dir='ltr'>gereret.</span> <span class='ocrx_word' id='word_1_18' title='bbox 1067 385 1133 452; x_wconf 79' lang='lat' dir='ltr'>Eut</span> <span class='ocrx_word' id='word_1_19' title='bbox 1155 400 1253 454; x_wconf 87' lang='lat' dir='ltr'>autem</span> 
     </span>
     <span class='ocr_line' id='line_1_5' title="bbox 126 465 1253 550; baseline 0.004 -26"><span class='ocrx_word' id='word_1_20' title='bbox 126 465 243 524; x_wconf 86' lang='lat' dir='ltr'>nulium</span> <span class='ocrx_word' id='word_1_21' title='bbox 262 478 334 526; x_wconf 84' lang='lat' dir='ltr'>tunc</span> <span class='ocrx_word' id='word_1_22' title='bbox 353 466 498 540; x_wconf 86' lang='lat' dir='ltr'>residuum</span> <span class='ocrx_word' id='word_1_23' title='bbox 519 479 581 536; x_wconf 81' lang='lat' dir='ltr'>erat</span> <span class='ocrx_word' id='word_1_24' title='bbox 599 467 675 546; x_wconf 91' lang='lat' dir='ltr'>apud</span> <span class='ocrx_word' id='word_1_25' title='bbox 693 466 818 526; x_wconf 88' lang='lat' dir='ltr'>ludaeos</span> <span class='ocrx_word' id='word_1_26' title='bbox 844 470 927 549; x_wconf 77' lang='lat' dir='ltr'>regui</span> <span class='ocrx_word' id='word_1_27' title='bbox 944 468 1108 550; x_wconf 82' lang='lat' dir='ltr'>uestigium,</span> <span class='ocrx_word' id='word_1_28' title='bbox 1128 467 1195 550; x_wconf 89' lang='lat' dir='ltr'>quia</span> <span class='ocrx_word' id='word_1_29' title='bbox 1205 479 1253 528; x_wconf 88' lang='lat' dir='ltr'>ta·</span> 
     </span>
     <span class='ocr_line' id='line_1_6' title="bbox 127 531 1252 624; baseline 0.004 -24"><span class='ocrx_word' id='word_1_30' title='bbox 127 563 198 602; x_wconf 90' lang='lat' dir='ltr'>men</span> <span class='ocrx_word' id='word_1_31' title='bbox 218 543 318 602; x_wconf 82' lang='lat' dir='ltr'>innet</span> <span class='ocrx_word' id='word_1_32' title='bbox 336 544 543 624; x_wconf 84' lang='lat' dir='ltr'>promissiones</span> <span class='ocrx_word' id='word_1_33' title='bbox 562 531 708 604; x_wconf 88' lang='lat' dir='ltr'>recumbit</span> <span class='ocrx_word' id='word_1_34' title='bbox 728 541 891 616; x_wconf 77' lang='lat' dir='ltr'>Zacharias,</span> <span class='ocrx_word' id='word_1_35' title='bbox 909 541 1048 605; x_wconf 85' lang='lat' dir='ltr'>Davidem</span> <span class='ocrx_word' id='word_1_36' title='bbox 1066 565 1172 606; x_wconf 85' lang='lat' dir='ltr'>vocare</span> <span class='ocrx_word' id='word_1_37' title='bbox 1191 543 1252 605; x_wconf 91' lang='lat' dir='ltr'>Dei</span> 
     </span>
     <span class='ocr_line' id='line_1_7' title="bbox 125 619 1251 700; baseline 0.005 -24"><span class='ocrx_word' id='word_1_38' title='bbox 125 619 294 690; x_wconf 86' lang='lat' dir='ltr'>ministrum</span> <span class='ocrx_word' id='word_1_39' title='bbox 324 641 386 696; x_wconf 83' lang='lat' dir='ltr'>non</span> <span class='ocrx_word' id='word_1_40' title='bbox 411 619 537 696; x_wconf 88' lang='lat' dir='ltr'>dubitat,</span> <span class='ocrx_word' id='word_1_41' title='bbox 562 622 592 680; x_wconf 88' lang='lat' dir='ltr'>i&#39;u</span> <span class='ocrx_word' id='word_1_42' title='bbox 619 640 678 700; x_wconf 91' lang='lat' dir='ltr'>quo</span> <span class='ocrx_word' id='word_1_43' title='bbox 703 619 785 679; x_wconf 90' lang='lat' dir='ltr'>Deus</span> <span class='ocrx_word' id='word_1_44' title='bbox 809 619 957 698; x_wconf 85' lang='lat' dir='ltr'>specimen</span> <span class='ocrx_word' id='word_1_45' title='bbox 982 621 1106 681; x_wconf 84' lang='lat' dir='ltr'>ediderit</span> <span class='ocrx_word' id='word_1_46' title='bbox 1135 622 1251 682; x_wconf 85' lang='lat' dir='ltr'>loturae</span> 
     </span>
     <span class='ocr_line' id='line_1_8' title="bbox 126 691 1250 832; baseline 0.004 -77"><span class='ocrx_word' id='word_1_47' title='bbox 126 691 238 759; x_wconf 85' lang='lat' dir='ltr'>salutis.</span> <span class='ocrx_word' id='word_1_48' title='bbox 278 695 364 754; x_wconf 89' lang='lat' dir='ltr'>Unde</span> <span class='ocrx_word' id='word_1_49' title='bbox 383 700 527 832; x_wconf 61' lang='lat' dir='ltr'>sequitur,</span> <span class='ocrx_word' id='word_1_50' title='bbox 548 707 617 758; x_wconf 90' lang='lat' dir='ltr'>tunc</span> <span class='ocrx_word' id='word_1_51' title='bbox 637 695 724 756; x_wconf 88' lang='lat' dir='ltr'>uobis</span> <span class='ocrx_word' id='word_1_52' title='bbox 745 695 896 759; x_wconf 86' lang='lat' dir='ltr'>Christum</span> <span class='ocrx_word' id='word_1_53' title='bbox 916 713 949 752; x_wconf 86' lang='lat' dir='ltr'>re</span> <span class='ocrx_word' id='word_1_54' title='bbox 968 695 1028 777; x_wconf 87' lang='lat' dir='ltr'>ipsa</span> <span class='ocrx_word' id='word_1_55' title='bbox 1047 697 1185 772; x_wconf 86' lang='lat' dir='ltr'>constitui</span> <span class='ocrx_word' id='word_1_56' title='bbox 1204 719 1250 759; x_wconf 91' lang='lat' dir='ltr'>sa·</span> 
     </span>
    </p>
   </div>
   <div class='ocr_carea' id='block_1_5' title="bbox 4 769 1250 858">
    <p class='ocr_par' dir='ltr' id='par_1_5' title="bbox 4 769 1250 858">
     <span class='ocr_line' id='line_1_9' title="bbox 4 769 1250 858; baseline 0.003 -28"><span class='ocrx_word' id='word_1_57' title='bbox 4 793 6 816; x_wconf 64' lang='lat' dir='ltr'>t</span> <span class='ocrx_word' id='word_1_58' title='bbox 79 827 80 832; x_wconf 73' lang='grc'>,</span> <span class='ocrx_word' id='word_1_59' title='bbox 126 771 201 830; x_wconf 77' lang='lat' dir='ltr'>sutis</span> <span class='ocrx_word' id='word_1_60' title='bbox 220 784 382 848; x_wconf 86' lang='lat' dir='ltr'>auctorem,</span> <span class='ocrx_word' id='word_1_61' title='bbox 431 785 478 832; x_wconf 78' lang='lat' dir='ltr'>um</span> <span class='ocrx_word' id='word_1_62' title='bbox 504 772 547 832; x_wconf 90' lang='lat' dir='ltr'>illi</span> <span class='ocrx_word' id='word_1_63' title='bbox 566 773 644 834; x_wconf 89' lang='lat' dir='ltr'>inter</span> <span class='ocrx_word' id='word_1_64' title='bbox 663 794 718 834; x_wconf 92' lang='lat' dir='ltr'>uos</span> <span class='ocrx_word' id='word_1_65' title='bbox 737 771 845 834; x_wconf 88' lang='lat' dir='ltr'>solium</span> <span class='ocrx_word' id='word_1_66' title='bbox 864 769 1101 854; x_wconf 74' lang='lat' dir='ltr'>erigitur„uude</span> <span class='ocrx_word' id='word_1_67' title='bbox 1120 791 1178 836; x_wconf 81' lang='lat' dir='ltr'>uos</span> <span class='ocrx_word' id='word_1_68' title='bbox 1194 794 1250 858; x_wconf 79' lang='lat' dir='ltr'>gu-</span> 
     </span>
    </p>
   </div>
   <div class='ocr_carea' id='block_1_6' title="bbox 127 845 1268 1082">
    <p class='ocr_par' dir='ltr' id='par_1_6' title="bbox 127 845 1268 1082">
     <span class='ocr_line' id='line_1_10' title="bbox 127 845 1256 1008; baseline 0.001 -23"><span class='ocrx_word' id='word_1_69' title='bbox 127 845 251 990; x_wconf 41' lang='lat' dir='ltr'>bernpq..</span> <span class='ocrx_word' id='word_1_70' title='bbox 288 923 370 984; x_wconf 72' lang='lat' dir='ltr'>stati</span> <span class='ocrx_word' id='word_1_71' title='bbox 386 923 415 985; x_wconf 86' lang='lat' dir='ltr'>lo</span> <span class='ocrx_word' id='word_1_72' title='bbox 435 937 519 984; x_wconf 70' lang='lat' dir='ltr'>uirtus</span> <span class='ocrx_word' id='word_1_73' title='bbox 537 937 585 984; x_wconf 81' lang='lat' dir='ltr'>est.</span> <span class='ocrx_word' id='word_1_74' title='bbox 607 921 669 987; x_wconf 63' lang='lat' dir='ltr'>&#39;Ne</span> <span class='ocrx_word' id='word_1_75' title='bbox 688 936 813 1008; x_wconf 88' lang='lat' dir='ltr'>propter</span> <span class='ocrx_word' id='word_1_76' title='bbox 829 891 1090 990; x_wconf 79' lang='lat' dir='ltr'>novitatemduhia</span> <span class='ocrx_word' id='word_1_77' title='bbox 1109 919 1145 984; x_wconf 76' lang='lat' dir='ltr'>s&#39;it</span> <span class='ocrx_word' id='word_1_78' title='bbox 1163 919 1256 1003; x_wconf 85' lang='lat' dir='ltr'>salus,</span> 
     </span>
     <span class='ocr_line' id='line_1_11' title="bbox 129 947 1268 1082; baseline 0.005 -24"><span class='ocrx_word' id='word_1_79' title='bbox 129 1020 215 1080; x_wconf 90' lang='lat' dir='ltr'>quam</span> <span class='ocrx_word' id='word_1_80' title='bbox 235 999 380 1062; x_wconf 77' lang='lat' dir='ltr'>aChri&#39;sto</span> <span class='ocrx_word' id='word_1_81' title='bbox 395 947 516 1062; x_wconf 83' lang='lat' dir='ltr'>¹allatam</span> <span class='ocrx_word' id='word_1_82' title='bbox 536 1001 695 1082; x_wconf 89' lang='lat' dir='ltr'>praedicat,</span> <span class='ocrx_word' id='word_1_83' title='bbox 716 1014 806 1063; x_wconf 87' lang='lat' dir='ltr'>testes</span> <span class='ocrx_word' id='word_1_84' title='bbox 826 1002 888 1062; x_wconf 86' lang='lat' dir='ltr'>eius</span> <span class='ocrx_word' id='word_1_85' title='bbox 909 1002 978 1064; x_wconf 88' lang='lat' dir='ltr'>citat</span> <span class='ocrx_word' id='word_1_86' title='bbox 998 1019 1100 1060; x_wconf 87' lang='lat' dir='ltr'>omues</span> <span class='ocrx_word' id='word_1_87' title='bbox 1117 1001 1268 1082; x_wconf 68' lang='lat' dir='ltr'>Prophe-¹</span> 
     </span>
    </p>
   </div>
   <div class='ocr_carea' id='block_1_7' title="bbox 102 1067 1248 1159">
    <p class='ocr_par' dir='ltr' id='par_1_7' title="bbox 102 1067 1248 1159">
     <span class='ocr_line' id='line_1_12' title="bbox 102 1067 1248 1159; baseline 0.001 -24"><span class='ocrx_word' id='word_1_88' title='bbox 102 1095 104 1098; x_wconf 84' lang='lat'>·</span> <span class='ocrx_word' id='word_1_89' title='bbox 125 1085 189 1152; x_wconf 82' lang='lat' dir='ltr'>tas,</span> <span class='ocrx_word' id='word_1_90' title='bbox 213 1078 263 1156; x_wconf 93' lang='lat' dir='ltr'>qui</span> <span class='ocrx_word' id='word_1_91' title='bbox 283 1076 402 1138; x_wconf 89' lang='lat' dir='ltr'>diversis</span> <span class='ocrx_word' id='word_1_92' title='bbox 426 1078 608 1159; x_wconf 82' lang='lat' dir='ltr'>temporibus</span> <span class='ocrx_word' id='word_1_93' title='bbox 629 1079 743 1139; x_wconf 85' lang='lat' dir='ltr'>excitati</span> <span class='ocrx_word' id='word_1_94' title='bbox 762 1099 823 1140; x_wconf 89' lang='lat' dir='ltr'>uno</span> <span class='ocrx_word' id='word_1_95' title='bbox 835 1089 947 1146; x_wconf 71' lang='lat' dir='ltr'>,tamen</span> <span class='ocrx_word' id='word_1_96' title='bbox 965 1096 1111 1138; x_wconf 87' lang='lat' dir='ltr'>consensu</span> <span class='ocrx_word' id='word_1_97' title='bbox 1130 1067 1248 1156; x_wconf 78' lang='lat' dir='ltr'>docent,</span> 
     </span>
    </p>
   </div>
   <div class='ocr_carea' id='block_1_8' title="bbox 119 1146 1255 1614">
    <p class='ocr_par' dir='ltr' id='par_1_8' title="bbox 119 1146 1255 1614">
     <span class='ocr_line' id='line_1_13' title="bbox 123 1146 1255 1234; baseline 0.004 -24"><span class='ocrx_word' id='word_1_98' title='bbox 123 1173 138 1211; x_wconf 87' lang='lat' dir='ltr'>s</span> <span class='ocrx_word' id='word_1_99' title='bbox 162 1153 299 1214; x_wconf 87' lang='lat' dir='ltr'>erandam</span> <span class='ocrx_word' id='word_1_100' title='bbox 319 1176 334 1214; x_wconf 90' lang='lat' dir='ltr'>a</span> <span class='ocrx_word' id='word_1_101' title='bbox 353 1152 418 1217; x_wconf 87' lang='lat' dir='ltr'>solo</span> <span class='ocrx_word' id='word_1_102' title='bbox 440 1153 559 1216; x_wconf 88' lang='lat' dir='ltr'>Christo</span> <span class='ocrx_word' id='word_1_103' title='bbox 580 1154 702 1216; x_wconf 84' lang='lat' dir='ltr'>salutem</span> <span class='ocrx_word' id='word_1_104' title='bbox 722 1175 792 1215; x_wconf 89' lang='lat' dir='ltr'>esse.</span> <span class='ocrx_word' id='word_1_105' title='bbox 817 1146 819 1152; x_wconf 67' lang='grc'><strong>’</strong></span> <span class='ocrx_word' id='word_1_106' title='bbox 838 1155 945 1234; x_wconf 89' lang='lat' dir='ltr'>Neque</span> <span class='ocrx_word' id='word_1_107' title='bbox 964 1153 1043 1216; x_wconf 87' lang='lat' dir='ltr'>enim</span> <span class='ocrx_word' id='word_1_108' title='bbox 1062 1163 1176 1215; x_wconf 88' lang='lat' dir='ltr'>tautum</span> <span class='ocrx_word' id='word_1_109' title='bbox 1196 1155 1255 1222; x_wconf 31' lang='lat' dir='ltr'>Zet-¹</span> 
     </span>
     <span class='ocr_line' id='line_1_14' title="bbox 139 1173 1250 1308; baseline 0.005 -22"><span class='ocrx_word' id='word_1_110' title='bbox 139 1173 240 1288; x_wconf 77' lang='lat' dir='ltr'>hariae</span> <span class='ocrx_word' id='word_1_111' title='bbox 265 1230 420 1290; x_wconf 87' lang='lat' dir='ltr'>consilium</span> <span class='ocrx_word' id='word_1_112' title='bbox 447 1242 506 1306; x_wconf 89' lang='lat' dir='ltr'>est,</span> <span class='ocrx_word' id='word_1_113' title='bbox 538 1229 685 1295; x_wconf 85' lang='lat' dir='ltr'>fidem·et</span> <span class='ocrx_word' id='word_1_114' title='bbox 716 1229 911 1293; x_wconf 87' lang='lat' dir='ltr'>constantiam</span> <span class='ocrx_word' id='word_1_115' title='bbox 928 1229 987 1290; x_wconf 91' lang='lat' dir='ltr'>Dei</span> <span class='ocrx_word' id='word_1_116' title='bbox 1018 1229 1155 1304; x_wconf 87' lang='lat' dir='ltr'>laudare,</span> <span class='ocrx_word' id='word_1_117' title='bbox 1173 1230 1250 1308; x_wconf 32' lang='lat' dir='ltr'>‚quia</span> 
     </span>
     <span class='ocr_line' id='line_1_15' title="bbox 121 1302 1250 1444; baseline 0.004 -81"><span class='ocrx_word' id='word_1_118' title='bbox 121 1317 255 1384; x_wconf 89' lang='lat' dir='ltr'>praestet</span> <span class='ocrx_word' id='word_1_119' title='bbox 275 1317 362 1385; x_wconf 87' lang='lat' dir='ltr'>atque</span> <span class='ocrx_word' id='word_1_120' title='bbox 381 1305 501 1386; x_wconf 80' lang='lat' dir='ltr'>impleat</span> <span class='ocrx_word' id='word_1_121' title='bbox 520 1307 599 1386; x_wconf 90' lang='lat' dir='ltr'>quod</span> <span class='ocrx_word' id='word_1_122' title='bbox 620 1302 692 1368; x_wconf 89' lang='lat' dir='ltr'>olim</span> <span class='ocrx_word' id='word_1_123' title='bbox 709 1306 856 1388; x_wconf 81' lang='lat' dir='ltr'>promisit,</span> <span class='ocrx_word' id='word_1_124' title='bbox 883 1305 934 1380; x_wconf 79' lang='lat' dir='ltr'>sed</span> <span class='ocrx_word' id='word_1_125' title='bbox 958 1306 1057 1444; x_wconf 83' lang='lat' dir='ltr'>potius</span> <span class='ocrx_word' id='word_1_126' title='bbox 1076 1305 1112 1369; x_wconf 90' lang='lat' dir='ltr'>ad</span> <span class='ocrx_word' id='word_1_127' title='bbox 1137 1317 1250 1368; x_wconf 88' lang='lat' dir='ltr'>vetusta</span> 
     </span>
     <span class='ocr_line' id='line_1_16' title="bbox 123 1381 1250 1464; baseline 0 -24"><span class='ocrx_word' id='word_1_128' title='bbox 123 1382 404 1442; x_wconf 81' lang='lat' dir='ltr'>oracula&#39;revocare</span> <span class='ocrx_word' id='word_1_129' title='bbox 423 1383 518 1442; x_wconf 85' lang='lat' dir='ltr'>voluit</span> <span class='ocrx_word' id='word_1_130' title='bbox 536 1383 653 1458; x_wconf 87' lang='lat' dir='ltr'>fideles,</span> <span class='ocrx_word' id='word_1_131' title='bbox 683 1405 742 1464; x_wconf 89' lang='lat' dir='ltr'>quo</span> <span class='ocrx_word' id='word_1_132' title='bbox 763 1383 873 1445; x_wconf 79' lang='lat' dir='ltr'>certius</span> <span class='ocrx_word' id='word_1_133' title='bbox 895 1395 925 1458; x_wconf 86' lang='lat' dir='ltr'>et</span> <span class='ocrx_word' id='word_1_134' title='bbox 948 1381 1069 1444; x_wconf 76' lang='lat' dir='ltr'>sacrius</span> <span class='ocrx_word' id='word_1_135' title='bbox 1089 1403 1134 1442; x_wconf 88' lang='lat' dir='ltr'>am</span> <span class='ocrx_word' id='word_1_136' title='bbox 1158 1381 1250 1442; x_wconf 87' lang='lat' dir='ltr'>lecte-</span> 
     </span>
     <span class='ocr_line' id='line_1_17' title="bbox 121 1403 1251 1534; baseline 0.004 -18"><span class='ocrx_word' id='word_1_137' title='bbox 121 1470 229 1517; x_wconf 88' lang='lat' dir='ltr'>rentur</span> <span class='ocrx_word' id='word_1_138' title='bbox 242 1457 372 1518; x_wconf 89' lang='lat' dir='ltr'>oblatam</span> <span class='ocrx_word' id='word_1_139' title='bbox 391 1459 446 1520; x_wconf 88' lang='lat' dir='ltr'>sibi</span> <span class='ocrx_word' id='word_1_140' title='bbox 465 1459 598 1532; x_wconf 83' lang='lat' dir='ltr'>salutem,</span> <span class='ocrx_word' id='word_1_141' title='bbox 619 1460 654 1519; x_wconf 92' lang='lat' dir='ltr'>de</span> <span class='ocrx_word' id='word_1_142' title='bbox 687 1452 724 1521; x_wconf 75' lang='lat' dir='ltr'>ua¹</span> <span class='ocrx_word' id='word_1_143' title='bbox 739 1481 839 1521; x_wconf 90' lang='lat' dir='ltr'>omnes</span> <span class='ocrx_word' id='word_1_144' title='bbox 859 1459 894 1520; x_wconf 88' lang='lat' dir='ltr'>ab</span> <span class='ocrx_word' id='word_1_145' title='bbox 915 1459 998 1520; x_wconf 90' lang='lat' dir='ltr'>initio</span> <span class='ocrx_word' id='word_1_146' title='bbox 1018 1459 1115 1520; x_wconf 88' lang='lat' dir='ltr'>testati</span> <span class='ocrx_word' id='word_1_147' title='bbox 1132 1403 1251 1534; x_wconf 74' lang='lat' dir='ltr'>inerant</span> 
     </span>
     <span class='ocr_line' id='line_1_18' title="bbox 119 1483 1249 1614; baseline 0.005 -21"><span class='ocrx_word' id='word_1_148' title='bbox 119 1533 300 1614; x_wconf 80' lang='lat' dir='ltr'>Prophetae..</span> <span class='ocrx_word' id='word_1_149' title='bbox 339 1535 419 1595; x_wconf 87' lang='lat' dir='ltr'>Vere</span> <span class='ocrx_word' id='word_1_150' title='bbox 439 1535 516 1596; x_wconf 90' lang='lat' dir='ltr'>enim</span> <span class='ocrx_word' id='word_1_151' title='bbox 536 1533 629 1596; x_wconf 90' lang='lat' dir='ltr'>solida</span> <span class='ocrx_word' id='word_1_152' title='bbox 648 1483 757 1596; x_wconf 83' lang='lat' dir='ltr'>friltura</span> <span class='ocrx_word' id='word_1_153' title='bbox 774 1535 919 1596; x_wconf 87' lang='lat' dir='ltr'>stabilitur</span> <span class='ocrx_word' id='word_1_154' title='bbox 937 1547 1037 1598; x_wconf 87' lang='lat' dir='ltr'>nostra</span> <span class='ocrx_word' id='word_1_155' title='bbox 1056 1537 1085 1596; x_wconf 90' lang='lat' dir='ltr'>in</span> <span class='ocrx_word' id='word_1_156' title='bbox 1098 1533 1249 1599; x_wconf 81' lang='lat' dir='ltr'>Christum</span> 
     </span>
    </p>
   </div>
   <div class='ocr_carea' id='block_1_9' title="bbox 12 1609 1247 1694">
    <p class='ocr_par' dir='ltr' id='par_1_9' title="bbox 12 1609 1247 1694">
     <span class='ocr_line' id='line_1_19' title="bbox 12 1609 1247 1694; baseline 0.002 -26"><span class='ocrx_word' id='word_1_157' title='bbox 12 1625 18 1636; x_wconf 91' lang='grc'><strong>’</strong></span> <span class='ocrx_word' id='word_1_158' title='bbox 122 1609 213 1685; x_wconf 87' lang='lat' dir='ltr'>fides,</span> <span class='ocrx_word' id='word_1_159' title='bbox 247 1631 335 1691; x_wconf 92' lang='lat' dir='ltr'>quum</span> <span class='ocrx_word' id='word_1_160' title='bbox 354 1611 730 1694; x_wconf 84' lang='lat' dir='ltr'>Prophetarumomnium</span> <span class='ocrx_word' id='word_1_161' title='bbox 760 1612 935 1674; x_wconf 86' lang='lat' dir='ltr'>testimoniis</span> <span class='ocrx_word' id='word_1_162' title='bbox 955 1623 1073 1674; x_wconf 84' lang='lat' dir='ltr'>ornatus</span> <span class='ocrx_word' id='word_1_163' title='bbox 1093 1610 1132 1681; x_wconf 86' lang='lat' dir='ltr'>in</span> <span class='ocrx_word' id='word_1_164' title='bbox 1150 1611 1247 1672; x_wconf 87' lang='lat' dir='ltr'>lucem</span> 
     </span>
    </p>
   </div>
   <div class='ocr_carea' id='block_1_10' title="bbox 119 1683 1247 2068">
    <p class='ocr_par' dir='ltr' id='par_1_10' title="bbox 119 1683 1302 2068">
     <span class='ocr_line' id='line_1_20' title="bbox 119 1683 1247 1771; baseline 0.003 -26"><span class='ocrx_word' id='word_1_165' title='bbox 119 1687 232 1766; x_wconf 85' lang='lat' dir='ltr'>prodit.</span> <span class='ocrx_word' id='word_1_166' title='bbox 266 1683 396 1766; x_wconf 51' lang='lat' dir='ltr'>¹Sanctus</span> <span class='ocrx_word' id='word_1_167' title='bbox 421 1701 506 1751; x_wconf 87' lang='lat' dir='ltr'>vocat</span> <span class='ocrx_word' id='word_1_168' title='bbox 525 1689 708 1770; x_wconf 85' lang='lat' dir='ltr'>Prophetas,</span> <span class='ocrx_word' id='word_1_169' title='bbox 758 1711 801 1749; x_wconf 90' lang='lat' dir='ltr'>uo</span> <span class='ocrx_word' id='word_1_170' title='bbox 825 1688 890 1771; x_wconf 90' lang='lat' dir='ltr'>plus</span> <span class='ocrx_word' id='word_1_171' title='bbox 910 1689 1090 1752; x_wconf 82' lang='lat' dir='ltr'>auctoritatis</span> <span class='ocrx_word' id='word_1_172' title='bbox 1110 1699 1139 1749; x_wconf 90' lang='lat' dir='ltr'>et</span> <span class='ocrx_word' id='word_1_173' title='bbox 1161 1707 1247 1764; x_wconf 50' lang='lat' dir='ltr'>reve,-</span> 
     </span>
     <span class='ocr_line' id='line_1_21' title="bbox 120 1711 1247 1848; baseline 0.003 -26"><span class='ocrx_word' id='word_1_174' title='bbox 120 1765 235 1824; x_wconf 84' lang='lat' dir='ltr'>rentiae</span> <span class='ocrx_word' id='word_1_175' title='bbox 255 1763 382 1826; x_wconf 85' lang='lat' dir='ltr'>habeant</span> <span class='ocrx_word' id='word_1_176' title='bbox 401 1786 504 1828; x_wconf 90' lang='lat' dir='ltr'>eorum</span> <span class='ocrx_word' id='word_1_177' title='bbox 523 1766 630 1842; x_wconf 87' lang='lat' dir='ltr'>verba,</span> <span class='ocrx_word' id='word_1_178' title='bbox 654 1767 714 1828; x_wconf 90' lang='lat' dir='ltr'>acsi</span> <span class='ocrx_word' id='word_1_179' title='bbox 732 1711 857 1840; x_wconf 69' lang='lat' dir='ltr'>diceret,</span> <span class='ocrx_word' id='word_1_180' title='bbox 877 1786 938 1824; x_wconf 91' lang='lat' dir='ltr'>non</span> <span class='ocrx_word' id='word_1_181' title='bbox 959 1765 1050 1839; x_wconf 85' lang='lat' dir='ltr'>leves,</span> <span class='ocrx_word' id='word_1_182' title='bbox 1071 1778 1120 1826; x_wconf 90' lang='lat' dir='ltr'>aut</span> <span class='ocrx_word' id='word_1_183' title='bbox 1139 1785 1247 1848; x_wconf 83' lang='lat' dir='ltr'>grega-</span> 
     </span>
     <span class='ocr_line' id='line_1_22' title="bbox 120 1841 1246 1924; baseline 0.003 -27"><span class='ocrx_word' id='word_1_184' title='bbox 120 1841 194 1918; x_wconf 88' lang='lat' dir='ltr'>rios,</span> <span class='ocrx_word' id='word_1_185' title='bbox 215 1842 265 1901; x_wconf 94' lang='lat' dir='ltr'>sed</span> <span class='ocrx_word' id='word_1_186' title='bbox 278 1843 420 1919; x_wconf 84' lang='lat' dir='ltr'>classicos</span> <span class='ocrx_word' id='word_1_187' title='bbox 441 1862 502 1903; x_wconf 89' lang='lat' dir='ltr'>esse</span> <span class='ocrx_word' id='word_1_188' title='bbox 524 1852 625 1918; x_wconf 85' lang='lat' dir='ltr'>testes,</span> <span class='ocrx_word' id='word_1_189' title='bbox 645 1845 704 1904; x_wconf 91' lang='lat' dir='ltr'>imo</span> <span class='ocrx_word' id='word_1_190' title='bbox 724 1843 844 1924; x_wconf 89' lang='lat' dir='ltr'>publico</span> <span class='ocrx_word' id='word_1_191' title='bbox 864 1841 1001 1908; x_wconf 86' lang='lat' dir='ltr'>mandato</span> <span class='ocrx_word' id='word_1_192' title='bbox 1021 1841 1193 1916; x_wconf 86' lang='lat' dir='ltr'>instructos,</span> <span class='ocrx_word' id='word_1_193' title='bbox 1213 1851 1246 1901; x_wconf 89' lang='lat' dir='ltr'>ut</span> 
     </span>
     <span class='ocr_line' id='line_1_23' title="bbox 122 1917 1245 2068; baseline 0.004 -94"><span class='ocrx_word' id='word_1_194' title='bbox 122 1917 175 2068; x_wconf 52' lang='grc' dir='ltr'>δαί</span> <span class='ocrx_word' id='word_1_195' title='bbox 201 1917 338 1980; x_wconf 87' lang='lat' dir='ltr'>divinitus</span> <span class='ocrx_word' id='word_1_196' title='bbox 364 1921 394 1980; x_wconf 90' lang='lat' dir='ltr'>in</span> <span class='ocrx_word' id='word_1_197' title='bbox 420 1919 498 1981; x_wconf 90' lang='lat' dir='ltr'>hunc</span> <span class='ocrx_word' id='word_1_198' title='bbox 522 1919 611 1982; x_wconf 87' lang='lat' dir='ltr'>finem</span> <span class='ocrx_word' id='word_1_199' title='bbox 636 1919 758 2002; x_wconf 82' lang='lat' dir='ltr'>avulgo</span> <span class='ocrx_word' id='word_1_200' title='bbox 784 1919 938 1984; x_wconf 89' lang='lat' dir='ltr'>hominum</span> <span class='ocrx_word' id='word_1_201' title='bbox 956 1917 1100 2013; x_wconf 68' lang='lat' dir='ltr'>segregati</span> <span class='ocrx_word' id='word_1_202' title='bbox 1125 1917 1245 1978; x_wconf 84' lang='lat' dir='ltr'>luerint.</span> 
     </span>
    </p>
   </div>
   <div class='ocr_carea' id='block_1_11' title="bbox 599 2002 602 2009">
    <p class='ocr_par' dir='ltr' id='par_1_11' title="bbox 599 2002 602 2009">
     <span class='ocr_line' id='line_1_24' title="bbox 599 2002 602 2009; baseline 0 0"><span class='ocrx_word' id='word_1_203' title='bbox 599 2002 602 2009; x_wconf 65' lang='grc' dir='ltr'><em>ι</em></span> 
     </span>
    </p>
   </div>
   <div class='ocr_carea' id='block_1_12' title="bbox 157 1993 1244 2132">
    <p class='ocr_par' dir='ltr' id='par_1_12' title="bbox 157 1993 1244 2132">
     <span class='ocr_line' id='line_1_25' title="bbox 157 1993 1244 2132; baseline 0.002 -80"><span class='ocrx_word' id='word_1_204' title='bbox 157 1996 286 2055; x_wconf 88' lang='lat' dir='ltr'>uomodo</span> <span class='ocrx_word' id='word_1_205' title='bbox 300 2009 395 2056; x_wconf 88' lang='lat' dir='ltr'>autem</span> <span class='ocrx_word' id='word_1_206' title='bbox 408 1995 516 2079; x_wconf 80' lang='lat' dir='ltr'>singuli</span> <span class='ocrx_word' id='word_1_207' title='bbox 527 1996 694 2132; x_wconf 85' lang='lat' dir='ltr'>Prophetae</span> <span class='ocrx_word' id='word_1_208' title='bbox 707 1995 907 2063; x_wconf 87' lang='lat' dir='ltr'>testimonium</span> <span class='ocrx_word' id='word_1_209' title='bbox 919 1995 1101 2057; x_wconf 77' lang='lat' dir='ltr'>reddiderint</span> <span class='ocrx_word' id='word_1_210' title='bbox 1113 1993 1244 2070; x_wconf 85' lang='lat' dir='ltr'>Christo,</span> 
     </span>
    </p>
   </div>
   <div class='ocr_carea' id='block_1_13' title="bbox 61 2067 1325 2156">
    <p class='ocr_par' dir='ltr' id='par_1_13' title="bbox 61 2067 1325 2156">
     <span class='ocr_line' id='line_1_26' title="bbox 61 2067 1325 2156; baseline 0.005 -30"><span class='ocrx_word' id='word_1_211' title='bbox 61 2071 68 2082; x_wconf 87' lang='grc'><strong><em>’</em></strong></span> <span class='ocrx_word' id='word_1_212' title='bbox 121 2067 240 2131; x_wconf 89' lang='lat' dir='ltr'>minutis</span> <span class='ocrx_word' id='word_1_213' title='bbox 259 2074 389 2152; x_wconf 84' lang='lat' dir='ltr'>partibus</span> <span class='ocrx_word' id='word_1_214' title='bbox 409 2075 550 2136; x_wconf 84' lang='lat' dir='ltr'>disserere</span> <span class='ocrx_word' id='word_1_215' title='bbox 569 2071 654 2136; x_wconf 72' lang='lat' dir='ltr'>nmi&#39;s&#39;</span> <span class='ocrx_word' id='word_1_216' title='bbox 673 2074 794 2156; x_wconf 85' lang='lat' dir='ltr'>longum</span> <span class='ocrx_word' id='word_1_217' title='bbox 816 2081 899 2132; x_wconf 84' lang='lat' dir='ltr'>esset.</span> <span class='ocrx_word' id='word_1_218' title='bbox 943 2075 1011 2134; x_wconf 87' lang='lat' dir='ltr'>Hoc</span> <span class='ocrx_word' id='word_1_219' title='bbox 1030 2071 1063 2156; x_wconf 84' lang='lat' dir='ltr'>iu</span> <span class='ocrx_word' id='word_1_220' title='bbox 1080 2070 1254 2153; x_wconf 80' lang='lat' dir='ltr'>praeseutia¹</span> <span class='ocrx_word' id='word_1_221' title='bbox 1323 2083 1325 2090; x_wconf 82' lang='grc'>’</span> 
     </span>
    </p>
   </div>
   <div class='ocr_carea' id='block_1_14' title="bbox 110 2145 1303 3462">
    <p class='ocr_par' dir='ltr' id='par_1_14' title="bbox 110 2145 1303 3462">
     <span class='ocr_line' id='line_1_27' title="bbox 120 2145 1243 2229; baseline 0.001 -25"><span class='ocrx_word' id='word_1_222' title='bbox 120 2145 256 2222; x_wconf 84' lang='lat' dir='ltr'>sufficiat,</span> <span class='ocrx_word' id='word_1_223' title='bbox 277 2171 364 2228; x_wconf 93' lang='lat' dir='ltr'>quum</span> <span class='ocrx_word' id='word_1_224' title='bbox 377 2151 512 2214; x_wconf 89' lang='lat' dir='ltr'>omnibus</span> <span class='ocrx_word' id='word_1_225' title='bbox 523 2150 655 2210; x_wconf 88' lang='lat' dir='ltr'>sollenne</span> <span class='ocrx_word' id='word_1_226' title='bbox 675 2151 721 2224; x_wconf 88' lang='lat' dir='ltr'>sit,</span> <span class='ocrx_word' id='word_1_227' title='bbox 740 2171 800 2212; x_wconf 88' lang='lat' dir='ltr'>uun</span> <span class='ocrx_word' id='word_1_228' title='bbox 815 2148 899 2210; x_wconf 88' lang='lat' dir='ltr'>aliter</span> <span class='ocrx_word' id='word_1_229' title='bbox 914 2167 996 2229; x_wconf 89' lang='lat' dir='ltr'>spem</span> <span class='ocrx_word' id='word_1_230' title='bbox 1013 2147 1110 2214; x_wconf 79' lang='lat' dir='ltr'>facere</span> <span class='ocrx_word' id='word_1_231' title='bbox 1120 2146 1243 2228; x_wconf 87' lang='lat' dir='ltr'>populo,</span> 
     </span>
     <span class='ocr_line' id='line_1_28' title="bbox 122 2219 1244 2318; baseline 0.002 -37"><span class='ocrx_word' id='word_1_232' title='bbox 122 2219 207 2306; x_wconf 82' lang='lat' dir='ltr'>quod¹</span> <span class='ocrx_word' id='word_1_233' title='bbox 222 2225 318 2284; x_wconf 90' lang='lat' dir='ltr'>Deum</span> <span class='ocrx_word' id='word_1_234' title='bbox 338 2225 491 2292; x_wconf 85' lang='lat' dir='ltr'>habiturus</span> <span class='ocrx_word' id='word_1_235' title='bbox 508 2227 667 2318; x_wconf 90' lang='lat' dir='ltr'>propitium</span> <span class='ocrx_word' id='word_1_236' title='bbox 688 2237 777 2299; x_wconf 84' lang='lat' dir='ltr'>esset,</span> <span class='ocrx_word' id='word_1_237' title='bbox 803 2224 859 2285; x_wconf 92' lang='lat' dir='ltr'>nisi</span> <span class='ocrx_word' id='word_1_238' title='bbox 885 2227 1037 2305; x_wconf 85' lang='lat' dir='ltr'>proposito</span> <span class='ocrx_word' id='word_1_239' title='bbox 1063 2225 1094 2308; x_wconf 80' lang='lat' dir='ltr'>in</span> <span class='ocrx_word' id='word_1_240' title='bbox 1115 2223 1244 2306; x_wconf 85' lang='lat' dir='ltr'>medium</span> 
     </span>
     <span class='ocr_line' id='line_1_29' title="bbox 119 2299 1241 2380; baseline -0.002 -22"><span class='ocrx_word' id='word_1_241' title='bbox 119 2299 259 2375; x_wconf 74' lang='lat' dir='ltr'>foedere,</span> <span class='ocrx_word' id='word_1_242' title='bbox 291 2303 369 2380; x_wconf 92' lang='lat' dir='ltr'>quod</span> <span class='ocrx_word' id='word_1_243' title='bbox 393 2303 422 2361; x_wconf 85' lang='lat' dir='ltr'>in</span> <span class='ocrx_word' id='word_1_244' title='bbox 445 2301 562 2364; x_wconf 82' lang='lat' dir='ltr'>Christo</span> <span class='ocrx_word' id='word_1_245' title='bbox 584 2301 735 2362; x_wconf 87' lang='lat' dir='ltr'>fundatum</span> <span class='ocrx_word' id='word_1_246' title='bbox 756 2313 834 2374; x_wconf 85' lang='lat' dir='ltr'>erat,</span> <span class='ocrx_word' id='word_1_247' title='bbox 866 2301 973 2360; x_wconf 86' lang='lat' dir='ltr'>diserte</span> <span class='ocrx_word' id='word_1_248' title='bbox 998 2299 1067 2360; x_wconf 88' lang='lat' dir='ltr'>satis</span> <span class='ocrx_word' id='word_1_249' title='bbox 1087 2299 1126 2360; x_wconf 82' lang='lat' dir='ltr'>de</span> <span class='ocrx_word' id='word_1_250' title='bbox 1144 2300 1241 2363; x_wconf 82' lang='lat' dir='ltr'>lutura</span> 
     </span>
     <span class='ocr_line' id='line_1_30' title="bbox 118 2373 1245 2466; baseline 0 -30"><span class='ocrx_word' id='word_1_251' title='bbox 118 2375 327 2466; x_wconf 84' lang='lat' dir='ltr'>redemptione</span> <span class='ocrx_word' id='word_1_252' title='bbox 346 2377 441 2456; x_wconf 74' lang='lat' dir='ltr'>loquI,</span> <span class='ocrx_word' id='word_1_253' title='bbox 462 2375 552 2457; x_wconf 83' lang='lat' dir='ltr'>qualis</span> <span class='ocrx_word' id='word_1_254' title='bbox 571 2378 605 2438; x_wconf 34' lang='lat' dir='ltr'>in,</span> <span class='ocrx_word' id='word_1_255' title='bbox 623 2375 741 2438; x_wconf 90' lang='lat' dir='ltr'>Christo</span> <span class='ocrx_word' id='word_1_256' title='bbox 761 2377 903 2460; x_wconf 78' lang='lat' dir='ltr'>patefacta</span> <span class='ocrx_word' id='word_1_257' title='bbox 924 2387 975 2438; x_wconf 85' lang='lat' dir='ltr'>est.</span> <span class='ocrx_word' id='word_1_258' title='bbox 1014 2377 1080 2436; x_wconf 90' lang='lat' dir='ltr'>Huc</span> <span class='ocrx_word' id='word_1_259' title='bbox 1101 2373 1245 2454; x_wconf 86' lang='lat' dir='ltr'>accedunt</span> 
     </span>
     <span class='ocr_line' id='line_1_31' title="bbox 119 2447 1242 2527; baseline -0.002 -19"><span class='ocrx_word' id='word_1_260' title='bbox 119 2451 206 2510; x_wconf 90' lang='lat' dir='ltr'>multi</span> <span class='ocrx_word' id='word_1_261' title='bbox 226 2452 351 2511; x_wconf 88' lang='lat' dir='ltr'>1llustres</span> <span class='ocrx_word' id='word_1_262' title='bbox 370 2453 444 2527; x_wconf 93' lang='lat' dir='ltr'>loci,</span> <span class='ocrx_word' id='word_1_263' title='bbox 469 2452 525 2511; x_wconf 89' lang='lat' dir='ltr'>ubi</span> <span class='ocrx_word' id='word_1_264' title='bbox 540 2471 600 2510; x_wconf 90' lang='lat' dir='ltr'>nou</span> <span class='ocrx_word' id='word_1_265' title='bbox 620 2450 745 2516; x_wconf 83' lang='lat' dir='ltr'>obscure</span> <span class='ocrx_word' id='word_1_266' title='bbox 765 2453 802 2510; x_wconf 78' lang='lat' dir='ltr'>de</span> <span class='ocrx_word' id='word_1_267' title='bbox 823 2451 942 2514; x_wconf 89' lang='lat' dir='ltr'>Christo</span> <span class='ocrx_word' id='word_1_268' title='bbox 962 2450 1168 2522; x_wconf 81' lang='lat' dir='ltr'>vaticinantur,</span> <span class='ocrx_word' id='word_1_269' title='bbox 1191 2447 1242 2516; x_wconf 86' lang='lat' dir='ltr'>sed</span> 
     </span>
     <span class='ocr_line' id='line_1_32' title="bbox 121 2523 1243 2611; baseline 0.004 -28"><span class='ocrx_word' id='word_1_270' title='bbox 121 2541 190 2584; x_wconf 90' lang='lat' dir='ltr'>eum</span> <span class='ocrx_word' id='word_1_271' title='bbox 217 2527 296 2606; x_wconf 88' lang='lat' dir='ltr'>quasi</span> <span class='ocrx_word' id='word_1_272' title='bbox 320 2528 411 2611; x_wconf 83' lang='lat' dir='ltr'>digito</span> <span class='ocrx_word' id='word_1_273' title='bbox 426 2525 613 2592; x_wconf 72' lang='lat' dir='ltr'>„nrbnstraut</span> <span class='ocrx_word' id='word_1_274' title='bbox 661 2525 823 2606; x_wconf 88' lang='lat' dir='ltr'>Praecipue</span> <span class='ocrx_word' id='word_1_275' title='bbox 853 2537 950 2586; x_wconf 76' lang='lat' dir='ltr'>tamur</span> <span class='ocrx_word' id='word_1_276' title='bbox 972 2524 1100 2585; x_wconf 89' lang='lat' dir='ltr'>tenenda</span> <span class='ocrx_word' id='word_1_277' title='bbox 1127 2534 1170 2584; x_wconf 90' lang='lat' dir='ltr'>est</span> <span class='ocrx_word' id='word_1_278' title='bbox 1193 2523 1243 2588; x_wconf 80' lang='lat' dir='ltr'>illa</span> 
     </span>
     <span class='ocr_line' id='line_1_33' title="bbox 119 2599 1303 2696; baseline -0.002 -33"><span class='ocrx_word' id='word_1_279' title='bbox 119 2601 212 2678; x_wconf 83' lang='lat' dir='ltr'>divini</span> <span class='ocrx_word' id='word_1_280' title='bbox 232 2603 361 2668; x_wconf 79' lang='lat' dir='ltr'>foederis</span> <span class='ocrx_word' id='word_1_281' title='bbox 379 2601 565 2689; x_wconf 82' lang='lat' dir='ltr'>subscriptio,</span> <span class='ocrx_word' id='word_1_282' title='bbox 585 2611 670 2682; x_wconf 83' lang='lat' dir='ltr'>&#39;quam</span> <span class='ocrx_word' id='word_1_283' title='bbox 690 2603 713 2662; x_wconf 90' lang='lat' dir='ltr'>si</span> <span class='ocrx_word' id='word_1_284' title='bbox 734 2605 796 2682; x_wconf 89' lang='lat' dir='ltr'>quis</span> <span class='ocrx_word' id='word_1_285' title='bbox 815 2599 957 2696; x_wconf 71' lang='lat' dir='ltr'>negligat,</span> <span class='ocrx_word' id='word_1_286' title='bbox 975 2601 1047 2662; x_wconf 90' lang='lat' dir='ltr'>nihil</span> <span class='ocrx_word' id='word_1_287' title='bbox 1066 2600 1243 2680; x_wconf 63' lang='lat' dir='ltr'>unquamiu</span> <span class='ocrx_word' id='word_1_288' title='bbox 1301 2643 1303 2654; x_wconf 81' lang='lat'><em>·</em></span> 
     </span>
     <span class='ocr_line' id='line_1_34' title="bbox 142 2675 1242 2774; baseline -0.005 -34"><span class='ocrx_word' id='word_1_289' title='bbox 142 2679 274 2774; x_wconf 88' lang='lat' dir='ltr'>rophetis</span> <span class='ocrx_word' id='word_1_290' title='bbox 304 2679 464 2762; x_wconf 81' lang='lat' dir='ltr'>intelliget:</span> <span class='ocrx_word' id='word_1_291' title='bbox 500 2680 744 2758; x_wconf 85' lang='lat' dir='ltr'>quemadmodum</span> <span class='ocrx_word' id='word_1_292' title='bbox 773 2679 874 2740; x_wconf 80' lang='lat' dir='ltr'>Iudaei</span> <span class='ocrx_word' id='word_1_293' title='bbox 903 2679 1007 2742; x_wconf 83' lang='lat' dir='ltr'>misere</span> <span class='ocrx_word' id='word_1_294' title='bbox 1037 2689 1180 2760; x_wconf 83' lang='lat' dir='ltr'>vagantur</span> <span class='ocrx_word' id='word_1_295' title='bbox 1210 2675 1242 2736; x_wconf 88' lang='lat' dir='ltr'>iu</span> 
     </span>
     <span class='ocr_line' id='line_1_35' title="bbox 118 2699 1262 2896; baseline -0.002 -80"><span class='ocrx_word' id='word_1_296' title='bbox 118 2699 275 2896; x_wconf 61' lang='lat' dir='ltr'>bbcnptura</span> <span class='ocrx_word' id='word_1_297' title='bbox 293 2755 434 2845; x_wconf 75' lang='lat' dir='ltr'>legenda,</span> <span class='ocrx_word' id='word_1_298' title='bbox 451 2758 528 2842; x_wconf 20' lang='lat' dir='ltr'>*quia</span> <span class='ocrx_word' id='word_1_299' title='bbox 558 2757 596 2817; x_wconf 86' lang='lat' dir='ltr'>in·</span> <span class='ocrx_word' id='word_1_300' title='bbox 616 2757 713 2820; x_wconf 88' lang='lat' dir='ltr'>verbis</span> <span class='ocrx_word' id='word_1_301' title='bbox 742 2767 855 2818; x_wconf 88' lang='lat' dir='ltr'>tautum</span> <span class='ocrx_word' id='word_1_302' title='bbox 881 2755 988 2818; x_wconf 89' lang='lat' dir='ltr'>curiosi</span> <span class='ocrx_word' id='word_1_303' title='bbox 1019 2776 1037 2817; x_wconf 86' lang='lat' dir='ltr'>a</span> <span class='ocrx_word' id='word_1_304' title='bbox 1068 2774 1160 2839; x_wconf 84' lang='lat' dir='ltr'>scopo</span> <span class='ocrx_word' id='word_1_305' title='bbox 1187 2752 1262 2814; x_wconf 79' lang='lat' dir='ltr'>illo‘</span> 
     </span>
     <span class='ocr_line' id='line_1_36' title="bbox 119 2845 1252 2898; baseline 0.004 -5"><span class='ocrx_word' id='word_1_306' title='bbox 119 2855 136 2894; x_wconf 87' lang='lat' dir='ltr'>a</span> <span class='ocrx_word' id='word_1_307' title='bbox 159 2845 267 2894; x_wconf 88' lang='lat' dir='ltr'>errant.</span> <span class='ocrx_word' id='word_1_308' title='bbox 570 2847 576 2854; x_wconf 85' lang='lat'><em>&#39;</em></span> <span class='ocrx_word' id='word_1_309' title='bbox 999 2862 1003 2868; x_wconf 66' lang='grc'><strong>“</strong></span> <span class='ocrx_word' id='word_1_310' title='bbox 1249 2893 1252 2898; x_wconf 87' lang='grc'><em>.</em></span> 
     </span>
     <span class='ocr_line' id='line_1_37' title="bbox 162 2905 1240 2980; baseline -0.001 -10"><span class='ocrx_word' id='word_1_311' title='bbox 162 2919 164 2924; x_wconf 83' lang='grc'>’</span> <span class='ocrx_word' id='word_1_312' title='bbox 194 2917 242 2980; x_wconf 76' lang='lat'>71.</span> <span class='ocrx_word' id='word_1_313' title='bbox 279 2909 409 2972; x_wconf 74' lang='lat' dir='ltr'>Solrdem</span> <span class='ocrx_word' id='word_1_314' title='bbox 427 2920 468 2972; x_wconf 64' lang='lat' dir='ltr'>em</span> <span class='ocrx_word' id='word_1_315' title='bbox 485 2915 618 2974; x_wconf 77' lang='lat' dir='ltr'>inimicis.</span> <span class='ocrx_word' id='word_1_316' title='bbox 658 2911 774 2976; x_wconf 85' lang='lat' dir='ltr'>Clarius</span> <span class='ocrx_word' id='word_1_317' title='bbox 786 2912 924 2974; x_wconf 83' lang='lat' dir='ltr'>virtutem</span> <span class='ocrx_word' id='word_1_318' title='bbox 940 2923 971 2974; x_wconf 88' lang='lat' dir='ltr'>et</span> <span class='ocrx_word' id='word_1_319' title='bbox 985 2909 1120 2972; x_wconf 78' lang='lat' dir='ltr'>&#39;officium</span> <span class='ocrx_word' id='word_1_320' title='bbox 1131 2905 1240 2970; x_wconf 83' lang='lat' dir='ltr'>Christi</span> 
     </span>
     <span class='ocr_line' id='line_1_38' title="bbox 119 2983 1248 3070; baseline -0.003 -25"><span class='ocrx_word' id='word_1_321' title='bbox 119 2985 249 3068; x_wconf 85' lang='lat' dir='ltr'>explicat</span> <span class='ocrx_word' id='word_1_322' title='bbox 266 2989 431 3050; x_wconf 73' lang='lat' dir='ltr'>Zacharias,</span> <span class='ocrx_word' id='word_1_323' title='bbox 476 2989 515 3050; x_wconf 83' lang='lat' dir='ltr'>ut</span> <span class='ocrx_word' id='word_1_324' title='bbox 540 3001 620 3050; x_wconf 89' lang='lat' dir='ltr'>certe</span> <span class='ocrx_word' id='word_1_325' title='bbox 644 3011 746 3070; x_wconf 87' lang='lat' dir='ltr'>parum</span> <span class='ocrx_word' id='word_1_326' title='bbox 770 2989 817 3052; x_wconf 89' lang='lat' dir='ltr'>vel</span> <span class='ocrx_word' id='word_1_327' title='bbox 841 2989 913 3068; x_wconf 84' lang='lat' dir='ltr'>nihil</span> <span class='ocrx_word' id='word_1_328' title='bbox 941 2986 1109 3069; x_wconf 74' lang='lat' dir='ltr'>prodesset,</span> <span class='ocrx_word' id='word_1_329' title='bbox 1139 2983 1248 3054; x_wconf 88' lang='lat' dir='ltr'>audire·</span> 
     </span>
     <span class='ocr_line' id='line_1_39' title="bbox 110 3061 1249 3144; baseline -0.004 -20"><span class='ocrx_word' id='word_1_330' title='bbox 110 3063 299 3144; x_wconf 76' lang='lat' dir='ltr'>‘datum-esse</span> <span class='ocrx_word' id='word_1_331' title='bbox 320 3064 405 3127; x_wconf 90' lang='lat' dir='ltr'>uobis</span> <span class='ocrx_word' id='word_1_332' title='bbox 427 3063 590 3141; x_wconf 86' lang='lat' dir='ltr'>Christum,</span> <span class='ocrx_word' id='word_1_333' title='bbox 615 3067 670 3127; x_wconf 89' lang='lat' dir='ltr'>uisi</span> <span class='ocrx_word' id='word_1_334' title='bbox 691 3068 776 3127; x_wconf 87' lang='lat' dir='ltr'>etiam</span> <span class='ocrx_word' id='word_1_335' title='bbox 796 3067 949 3140; x_wconf 86' lang='lat' dir='ltr'>sciremus,</span> <span class='ocrx_word' id='word_1_336' title='bbox 970 3061 1042 3144; x_wconf 79' lang='lat' dir='ltr'>quid</span> <span class='ocrx_word' id='word_1_337' title='bbox 1060 3061 1150 3125; x_wconf 79' lang='lat' dir='ltr'>nobis.</span> <span class='ocrx_word' id='word_1_338' title='bbox 1167 3083 1249 3122; x_wconf 73' lang='lat' dir='ltr'>‹torr-v</span> 
     </span>
     <span class='ocr_line' id='line_1_40' title="bbox 117 3139 1263 3236; baseline -0.003 -36"><span class='ocrx_word' id='word_1_339' title='bbox 117 3140 201 3202; x_wconf 75' lang='lat' dir='ltr'>t&#39;erat.</span> <span class='ocrx_word' id='word_1_340' title='bbox 240 3142 304 3203; x_wconf 90' lang='lat' dir='ltr'>Hac</span> <span class='ocrx_word' id='word_1_341' title='bbox 324 3161 396 3222; x_wconf 78' lang='lat' dir='ltr'>ergo</span> <span class='ocrx_word' id='word_1_342' title='bbox 417 3143 453 3204; x_wconf 91' lang='lat' dir='ltr'>de</span> <span class='ocrx_word' id='word_1_343' title='bbox 473 3165 558 3203; x_wconf 87' lang='lat' dir='ltr'>causa</span> <span class='ocrx_word' id='word_1_344' title='bbox 577 3143 691 3236; x_wconf 83' lang='lat' dir='ltr'>plenius</span> <span class='ocrx_word' id='word_1_345' title='bbox 711 3143 808 3219; x_wconf 81' lang='lat' dir='ltr'>docet,</span> <span class='ocrx_word' id='word_1_346' title='bbox 828 3163 971 3222; x_wconf 87' lang='lat' dir='ltr'>quorsum</span> <span class='ocrx_word' id='word_1_347' title='bbox 988 3151 1122 3202; x_wconf 84' lang='lat' dir='ltr'>erectum</span> <span class='ocrx_word' id='word_1_348' title='bbox 1138 3139 1175 3204; x_wconf 88' lang='lat' dir='ltr'>sit</span> <span class='ocrx_word' id='word_1_349' title='bbox 1193 3158 1263 3198; x_wconf 54' lang='lat' dir='ltr'>sav</span> 
     </span>
     <span class='ocr_line' id='line_1_41' title="bbox 117 3215 1240 3299; baseline -0.002 -25"><span class='ocrx_word' id='word_1_350' title='bbox 117 3215 189 3277; x_wconf 89' lang='lat' dir='ltr'>lutis</span> <span class='ocrx_word' id='word_1_351' title='bbox 206 3238 316 3282; x_wconf 71' lang='lat' dir='ltr'>cornu:</span> <span class='ocrx_word' id='word_1_352' title='bbox 341 3235 448 3299; x_wconf 89' lang='lat' dir='ltr'>nempe</span> <span class='ocrx_word' id='word_1_353' title='bbox 466 3231 499 3283; x_wconf 90' lang='lat' dir='ltr'>ut</span> <span class='ocrx_word' id='word_1_354' title='bbox 517 3218 588 3284; x_wconf 75' lang='lat' dir='ltr'>salvi</span> <span class='ocrx_word' id='word_1_355' title='bbox 605 3220 663 3280; x_wconf 87' lang='lat' dir='ltr'>sint</span> <span class='ocrx_word' id='word_1_356' title='bbox 688 3219 787 3282; x_wconf 79' lang='lat' dir='ltr'>fideles</span> <span class='ocrx_word' id='word_1_357' title='bbox 807 3220 843 3280; x_wconf 88' lang='lat' dir='ltr'>ab</span> <span class='ocrx_word' id='word_1_358' title='bbox 864 3218 994 3279; x_wconf 84' lang='lat' dir='ltr'>hostibus</span> <span class='ocrx_word' id='word_1_359' title='bbox 1014 3217 1079 3278; x_wconf 89' lang='lat' dir='ltr'>suis.</span> <span class='ocrx_word' id='word_1_360' title='bbox 1118 3215 1240 3280; x_wconf 85' lang='lat' dir='ltr'>Minime</span> 
     </span>
     <span class='ocr_line' id='line_1_42' title="bbox 117 3289 1240 3370; baseline -0.002 -18"><span class='ocrx_word' id='word_1_361' title='bbox 117 3306 216 3354; x_wconf 82' lang='lat' dir='ltr'>autem</span> <span class='ocrx_word' id='word_1_362' title='bbox 237 3294 357 3356; x_wconf 81' lang='lat' dir='ltr'>dubium</span> <span class='ocrx_word' id='word_1_363' title='bbox 377 3309 430 3370; x_wconf 87' lang='lat' dir='ltr'>est,</span> <span class='ocrx_word' id='word_1_364' title='bbox 471 3295 521 3358; x_wconf 89' lang='lat' dir='ltr'>uin</span> <span class='ocrx_word' id='word_1_365' title='bbox 540 3295 607 3355; x_wconf 87' lang='lat' dir='ltr'>satis</span> <span class='ocrx_word' id='word_1_366' title='bbox 626 3306 742 3358; x_wconf 87' lang='lat' dir='ltr'>teneret</span> <span class='ocrx_word' id='word_1_367' title='bbox 760 3295 923 3369; x_wconf 78' lang='lat' dir='ltr'>Zacharias,</span> <span class='ocrx_word' id='word_1_368' title='bbox 941 3293 1089 3354; x_wconf 86' lang='lat' dir='ltr'>Ecclesiae</span> <span class='ocrx_word' id='word_1_369' title='bbox 1100 3289 1157 3352; x_wconf 86' lang='lat' dir='ltr'>Dei</span> <span class='ocrx_word' id='word_1_370' title='bbox 1177 3311 1240 3354; x_wconf 85' lang='lat' dir='ltr'>uon</span> 
     </span>
     <span class='ocr_line' id='line_1_43' title="bbox 117 3317 1241 3462; baseline -0.002 -34"><span class='ocrx_word' id='word_1_371' title='bbox 117 3389 183 3430; x_wconf 80' lang='lat' dir='ltr'>esse</span> <span class='ocrx_word' id='word_1_372' title='bbox 200 3372 392 3462; x_wconf 78' lang='lat' dir='ltr'>praecipuum</span> <span class='ocrx_word' id='word_1_373' title='bbox 410 3317 518 3436; x_wconf 84' lang='lat' dir='ltr'>bellum</span> <span class='ocrx_word' id='word_1_374' title='bbox 538 3392 603 3436; x_wconf 83' lang='lat' dir='ltr'>cum</span> <span class='ocrx_word' id='word_1_375' title='bbox 623 3393 710 3434; x_wconf 83' lang='lat' dir='ltr'>carue</span> <span class='ocrx_word' id='word_1_376' title='bbox 731 3383 760 3430; x_wconf 91' lang='lat' dir='ltr'>et</span> <span class='ocrx_word' id='word_1_377' title='bbox 784 3372 940 3454; x_wconf 83' lang='lat' dir='ltr'>sanguiue,</span> <span class='ocrx_word' id='word_1_378' title='bbox 971 3369 1027 3432; x_wconf 89' lang='lat' dir='ltr'>sed</span> <span class='ocrx_word' id='word_1_379' title='bbox 1045 3370 1111 3430; x_wconf 84' lang='lat' dir='ltr'>¹cum</span> <span class='ocrx_word' id='word_1_380' title='bbox 1134 3369 1241 3430; x_wconf 75' lang='lat' dir='ltr'>Satara</span> 
     </span>
    </p>
   </div>
   <div class='ocr_carea' id='block_1_15' title="bbox 89 3443 1244 3738">
    <p class='ocr_par' dir='ltr' id='par_1_15' title="bbox 89 3443 1244 3738">
     <span class='ocr_line' id='line_1_44' title="bbox 116 3443 1244 3528; baseline 0 -24"><span class='ocrx_word' id='word_1_381' title='bbox 116 3457 243 3526; x_wconf 82' lang='lat' dir='ltr'>totoque</span> <span class='ocrx_word' id='word_1_382' title='bbox 269 3467 329 3506; x_wconf 87' lang='lat' dir='ltr'>erus</span> <span class='ocrx_word' id='word_1_383' title='bbox 355 3470 370 3507; x_wconf 88' lang='lat' dir='ltr'>a</span> <span class='ocrx_word' id='word_1_384' title='bbox 392 3461 509 3528; x_wconf 77' lang='lat' dir='ltr'>paratu,</span> <span class='ocrx_word' id='word_1_385' title='bbox 542 3469 601 3526; x_wconf 89' lang='lat' dir='ltr'>quo</span> <span class='ocrx_word' id='word_1_386' title='bbox 618 3449 712 3510; x_wconf 89' lang='lat' dir='ltr'>&#39;nobis</span> <span class='ocrx_word' id='word_1_387' title='bbox 738 3461 888 3511; x_wconf 85' lang='lat' dir='ltr'>aeternum</span> <span class='ocrx_word' id='word_1_388' title='bbox 914 3446 1031 3510; x_wconf 74' lang='lat' dir='ltr'>exitium</span> <span class='ocrx_word' id='word_1_389' title='bbox 1050 3443 1244 3528; x_wconf 63' lang='lat' dir='ltr'>machinatum</span> 
     </span>
     <span class='ocr_line' id='line_1_45' title="bbox 116 3470 1239 3616; baseline -0.003 -35"><span class='ocrx_word' id='word_1_390' title='bbox 116 3523 179 3614; x_wconf 55' lang='lat' dir='ltr'>Etsi</span> <span class='ocrx_word' id='word_1_391' title='bbox 200 3533 296 3584; x_wconf 85' lang='lat' dir='ltr'>autem</span> <span class='ocrx_word' id='word_1_392' title='bbox 315 3470 481 3592; x_wconf 68' lang='lat' dir='ltr'>Ecclesiam,</span> <span class='ocrx_word' id='word_1_393' title='bbox 495 3523 633 3587; x_wconf 76' lang='lat' dir='ltr'>infestant</span> <span class='ocrx_word' id='word_1_394' title='bbox 654 3525 769 3600; x_wconf 52' lang='lat' dir='ltr'>externi,</span> <span class='ocrx_word' id='word_1_395' title='bbox 787 3545 904 3616; x_wconf 84' lang='lat' dir='ltr'>quoque</span> <span class='ocrx_word' id='word_1_396' title='bbox 927 3523 1052 3614; x_wconf 75' lang='lat' dir='ltr'>hostes,</span> <span class='ocrx_word' id='word_1_397' title='bbox 1064 3534 1094 3584; x_wconf 91' lang='lat' dir='ltr'>et</span> <span class='ocrx_word' id='word_1_398' title='bbox 1113 3520 1149 3581; x_wconf 89' lang='lat' dir='ltr'>ab</span> <span class='ocrx_word' id='word_1_399' title='bbox 1170 3517 1239 3612; x_wconf 73' lang='lat' dir='ltr'>ipsis</span> 
     </span>
     <span class='ocr_line' id='line_1_46' title="bbox 89 3596 1239 3738; baseline -0.004 -80"><span class='ocrx_word' id='word_1_400' title='bbox 89 3647 91 3652; x_wconf 86' lang='lat'><em>.</em></span> <span class='ocrx_word' id='word_1_401' title='bbox 115 3597 260 3664; x_wconf 80' lang='lat' dir='ltr'>liberatur</span> <span class='ocrx_word' id='word_1_402' title='bbox 278 3611 331 3680; x_wconf 87' lang='lat' dir='ltr'>per</span> <span class='ocrx_word' id='word_1_403' title='bbox 344 3601 510 3736; x_wconf 52' lang='lat' dir='ltr'>(ibristum,</span> <span class='ocrx_word' id='word_1_404' title='bbox 523 3611 635 3675; x_wconf 82' lang='lat' dir='ltr'>tamen,</span> <span class='ocrx_word' id='word_1_405' title='bbox 650 3623 742 3738; x_wconf 63' lang='lat' dir='ltr'>quum</span> <span class='ocrx_word' id='word_1_406' title='bbox 759 3599 908 3681; x_wconf 73' lang='lat' dir='ltr'>spirituale</span> <span class='ocrx_word' id='word_1_407' title='bbox 927 3611 965 3663; x_wconf 79' lang='lat' dir='ltr'>stt</span> <span class='ocrx_word' id='word_1_408' title='bbox 982 3619 1105 3680; x_wconf 85' lang='lat' dir='ltr'>regnum</span> <span class='ocrx_word' id='word_1_409' title='bbox 1117 3596 1239 3670; x_wconf 80' lang='lat' dir='ltr'>Christi,</span> 
     </span>
    </p>
   </div>
   <div class='ocr_carea' id='block_1_16' title="bbox 115 3663 1240 3836">
    <p class='ocr_par' dir='ltr' id='par_1_16' title="bbox 115 3663 1240 3836">
     <span class='ocr_line' id='line_1_47' title="bbox 116 3663 1238 3763; baseline -0.004 -28"><span class='ocrx_word' id='word_1_410' title='bbox 116 3677 238 3736; x_wconf 76' lang='lat' dir='ltr'>maxime</span> <span class='ocrx_word' id='word_1_411' title='bbox 259 3677 294 3736; x_wconf 87' lang='lat' dir='ltr'>de</span> <span class='ocrx_word' id='word_1_412' title='bbox 314 3700 350 3757; x_wconf 89' lang='lat' dir='ltr'>pr</span> <span class='ocrx_word' id='word_1_413' title='bbox 361 3678 447 3760; x_wconf 89' lang='lat' dir='ltr'>ncipe</span> <span class='ocrx_word' id='word_1_414' title='bbox 472 3675 557 3738; x_wconf 82' lang='lat' dir='ltr'>buius</span> <span class='ocrx_word' id='word_1_415' title='bbox 577 3681 645 3739; x_wconf 87' lang='lat' dir='ltr'>mun</span> <span class='ocrx_word' id='word_1_416' title='bbox 670 3679 676 3692; x_wconf 92' lang='lat'>&#39;</span> <span class='ocrx_word' id='word_1_417' title='bbox 698 3678 803 3739; x_wconf 77' lang='lat' dir='ltr'>satana</span> <span class='ocrx_word' id='word_1_418' title='bbox 825 3678 943 3756; x_wconf 80' lang='lat' dir='ltr'>eiusque</span> <span class='ocrx_word' id='word_1_419' title='bbox 963 3663 1055 3756; x_wconf 88' lang='lat' dir='ltr'>copiis</span> <span class='ocrx_word' id='word_1_420' title='bbox 1074 3673 1122 3763; x_wconf 74' lang='lat' dir='ltr'>hic</span> <span class='ocrx_word' id='word_1_421' title='bbox 1141 3692 1238 3732; x_wconf 86' lang='lat' dir='ltr'>sermo</span> 
     </span>
     <span class='ocr_line' id='line_1_48' title="bbox 115 3747 1240 3836; baseline -0.002 -26"><span class='ocrx_word' id='word_1_422' title='bbox 115 3751 250 3812; x_wconf 83' lang='lat' dir='ltr'>habetur.</span> <span class='ocrx_word' id='word_1_423' title='bbox 288 3754 398 3816; x_wconf 86' lang='lat' dir='ltr'>Iterum</span> <span class='ocrx_word' id='word_1_424' title='bbox 412 3765 540 3828; x_wconf 90' lang='lat' dir='ltr'>notatur,</span> <span class='ocrx_word' id='word_1_425' title='bbox 560 3774 649 3836; x_wconf 64' lang='lat' dir='ltr'>quam,</span> <span class='ocrx_word' id='word_1_426' title='bbox 665 3754 770 3825; x_wconf 86' lang='lat' dir='ltr'>misera</span> <span class='ocrx_word' id='word_1_427' title='bbox 789 3754 827 3816; x_wconf 86' lang='lat' dir='ltr'>sit</span> <span class='ocrx_word' id='word_1_428' title='bbox 845 3753 998 3817; x_wconf 84' lang='lat' dir='ltr'>huruiuum</span> <span class='ocrx_word' id='word_1_429' title='bbox 1016 3747 1147 3814; x_wconf 78' lang='lat' dir='ltr'>conditio</span> <span class='ocrx_word' id='word_1_430' title='bbox 1159 3758 1240 3807; x_wconf 80' lang='lat' dir='ltr'>extra</span> 
     </span>
    </p>
   </div>
   <div class='ocr_carea' id='block_1_17' title="bbox 116 3821 1366 3922">
    <p class='ocr_par' dir='ltr' id='par_1_17' title="bbox 116 3821 1366 3922">
     <span class='ocr_line' id='line_1_49' title="bbox 116 3821 1366 3922; baseline -0.01 -33"><span class='ocrx_word' id='word_1_431' title='bbox 116 3829 286 3900; x_wconf 81' lang='lat' dir='ltr'>Christum,</span> <span class='ocrx_word' id='word_1_432' title='bbox 312 3835 417 3922; x_wconf 87' lang='lat' dir='ltr'>nempe</span> <span class='ocrx_word' id='word_1_433' title='bbox 444 3829 523 3909; x_wconf 91' lang='lat' dir='ltr'>quod</span> <span class='ocrx_word' id='word_1_434' title='bbox 548 3831 687 3908; x_wconf 89' lang='lat' dir='ltr'>prostrati</span> <span class='ocrx_word' id='word_1_435' title='bbox 709 3830 823 3896; x_wconf 84' lang='lat' dir='ltr'>iaceant</span> <span class='ocrx_word' id='word_1_436' title='bbox 848 3829 901 3890; x_wconf 87' lang='lat' dir='ltr'>sub</span> <span class='ocrx_word' id='word_1_437' title='bbox 935 3827 1045 3890; x_wconf 88' lang='lat' dir='ltr'>diaboli</span> <span class='ocrx_word' id='word_1_438' title='bbox 1067 3821 1237 3906; x_wconf 75' lang='lat' dir='ltr'>tyrannide:</span> <span class='ocrx_word' id='word_1_439' title='bbox 1282 3895 1289 3914; x_wconf 32' lang='lat' dir='ltr'>x</span> <span class='ocrx_word' id='word_1_440' title='bbox 1363 3868 1366 3877; x_wconf 80' lang='grc'><strong>,</strong></span> 
     </span>
    </p>
   </div>
   <div class='ocr_carea' id='block_1_18' title="bbox 114 3899 1325 4150">
    <p class='ocr_par' dir='ltr' id='par_1_18' title="bbox 114 3899 1325 4150">
     <span class='ocr_line' id='line_1_50' title="bbox 114 3899 1325 3980; baseline -0.007 -16"><span class='ocrx_word' id='word_1_441' title='bbox 114 3925 176 3966; x_wconf 87' lang='lat' dir='ltr'>non</span> <span class='ocrx_word' id='word_1_442' title='bbox 196 3907 284 3964; x_wconf 86' lang='lat' dir='ltr'>&#39;enim</span> <span class='ocrx_word' id='word_1_443' title='bbox 310 3927 343 3964; x_wconf 88' lang='lat' dir='ltr'>ex</span> <span class='ocrx_word' id='word_1_444' title='bbox 367 3927 428 3966; x_wconf 82' lang='lat' dir='ltr'>erus</span> <span class='ocrx_word' id='word_1_445' title='bbox 453 3919 571 3980; x_wconf 71' lang='lat' dir='ltr'>mauu,</span> <span class='ocrx_word' id='word_1_446' title='bbox 590 3906 648 3971; x_wconf 86' lang='lat' dir='ltr'>huc</span> <span class='ocrx_word' id='word_1_447' title='bbox 675 3917 718 3966; x_wconf 85' lang='lat' dir='ltr'>est</span> <span class='ocrx_word' id='word_1_448' title='bbox 740 3906 780 3969; x_wconf 88' lang='lat' dir='ltr'>im</span> <span class='ocrx_word' id='word_1_449' title='bbox 796 3907 881 3980; x_wconf 66' lang='lat' dir='ltr'>erio,</span> <span class='ocrx_word' id='word_1_450' title='bbox 912 3905 982 3969; x_wconf 87' lang='lat' dir='ltr'>alias</span> <span class='ocrx_word' id='word_1_451' title='bbox 1006 3923 1077 3980; x_wconf 68' lang='lat' dir='ltr'>suos</span> <span class='ocrx_word' id='word_1_452' title='bbox 1098 3899 1238 3960; x_wconf 88' lang='lat' dir='ltr'>liberaret</span> <span class='ocrx_word' id='word_1_453' title='bbox 1324 3929 1325 3940; x_wconf 30' lang='grc' dir='ltr'><strong>κ</strong></span> 
     </span>
     <span class='ocr_line' id='line_1_51' title="bbox 116 3978 1236 4064; baseline -0.005 -23"><span class='ocrx_word' id='word_1_454' title='bbox 116 3981 258 4043; x_wconf 85' lang='lat' dir='ltr'>Christus.</span> <span class='ocrx_word' id='word_1_455' title='bbox 298 3981 447 4043; x_wconf 77' lang='lat' dir='ltr'>Admonet</span> <span class='ocrx_word' id='word_1_456' title='bbox 465 3995 563 4045; x_wconf 81' lang='lat' dir='ltr'>tamen</span> <span class='ocrx_word' id='word_1_457' title='bbox 583 3983 630 4046; x_wconf 89' lang='lat' dir='ltr'>bic</span> <span class='ocrx_word' id='word_1_458' title='bbox 648 3981 748 4058; x_wconf 85' lang='lat' dir='ltr'>locus,</span> <span class='ocrx_word' id='word_1_459' title='bbox 773 3981 933 4047; x_wconf 69' lang='lat' dir='ltr'>Ecclesiam</span> <span class='ocrx_word' id='word_1_460' title='bbox 952 3978 1132 4059; x_wconf 86' lang='lat' dir='ltr'>praecipue,</span> <span class='ocrx_word' id='word_1_461' title='bbox 1150 3995 1236 4064; x_wconf 68' lang='lat' dir='ltr'>quam</span> 
     </span>
     <span class='ocr_line' id='line_1_52' title="bbox 115 4057 1288 4150; baseline -0.009 -32"><span class='ocrx_word' id='word_1_462' title='bbox 115 4057 164 4118; x_wconf 89' lang='lat' dir='ltr'>diu</span> <span class='ocrx_word' id='word_1_463' title='bbox 179 4059 389 4150; x_wconf 40' lang='lat' dir='ltr'>&#39;peregrinatur</span> <span class='ocrx_word' id='word_1_464' title='bbox 408 4059 438 4116; x_wconf 92' lang='lat' dir='ltr'>in</span> <span class='ocrx_word' id='word_1_465' title='bbox 457 4059 579 4132; x_wconf 86' lang='lat' dir='ltr'>mundo,</span> <span class='ocrx_word' id='word_1_466' title='bbox 598 4057 678 4116; x_wconf 88' lang='lat' dir='ltr'>inter</span> <span class='ocrx_word' id='word_1_467' title='bbox 695 4059 792 4122; x_wconf 83' lang='lat' dir='ltr'>hostes</span> <span class='ocrx_word' id='word_1_468' title='bbox 811 4081 879 4120; x_wconf 92' lang='lat' dir='ltr'>suos</span> <span class='ocrx_word' id='word_1_469' title='bbox 900 4075 987 4139; x_wconf 74' lang='lat' dir='ltr'>agere</span> <span class='ocrx_word' id='word_1_470' title='bbox 1008 4065 1037 4114; x_wconf 91' lang='lat' dir='ltr'>et</span> <span class='ocrx_word' id='word_1_471' title='bbox 1056 4071 1235 4115; x_wconf 81' lang='lat' dir='ltr'>eorumvro-</span> <span class='ocrx_word' id='word_1_472' title='bbox 1283 4112 1288 4126; x_wconf 61' lang='grc'><strong><em>,</em></strong></span> 
     </span>
    </p>
   </div>
   <div class='ocr_carea' id='block_1_19' title="bbox 34 4126 1235 4266">
    <p class='ocr_par' dir='ltr' id='par_1_19' title="bbox 34 4126 1235 4266">
     <span class='ocr_line' id='line_1_53' title="bbox 34 4126 1235 4266; baseline -0.006 -73"><span class='ocrx_word' id='word_1_473' title='bbox 34 4197 36 4204; x_wconf 68' lang='grc'>,</span> <span class='ocrx_word' id='word_1_474' title='bbox 113 4133 221 4195; x_wconf 86' lang='lat' dir='ltr'>leutrae</span> <span class='ocrx_word' id='word_1_475' title='bbox 243 4155 304 4208; x_wconf 85' lang='lat' dir='ltr'>esse</span> <span class='ocrx_word' id='word_1_476' title='bbox 325 4135 497 4210; x_wconf 85' lang='lat' dir='ltr'>obnoxiam,</span> <span class='ocrx_word' id='word_1_477' title='bbox 524 4134 580 4193; x_wconf 89' lang='lat' dir='ltr'>nisi</span> <span class='ocrx_word' id='word_1_478' title='bbox 604 4147 720 4214; x_wconf 87' lang='lat' dir='ltr'>praesto</span> <span class='ocrx_word' id='word_1_479' title='bbox 741 4137 855 4196; x_wconf 85' lang='lat' dir='ltr'>adesset</span> <span class='ocrx_word' id='word_1_480' title='bbox 873 4133 1012 4196; x_wconf 84' lang='lat' dir='ltr'>Christus</span> <span class='ocrx_word' id='word_1_481' title='bbox 1026 4129 1066 4192; x_wconf 80' lang='lat' dir='ltr'>ad</span> <span class='ocrx_word' id='word_1_482' title='bbox 1082 4148 1171 4266; x_wconf 75' lang='lat' dir='ltr'>opem</span> <span class='ocrx_word' id='word_1_483' title='bbox 1191 4126 1235 4187; x_wconf 85' lang='lat' dir='ltr'>ie-</span> 
     </span>
    </p>
   </div>
   <div class='ocr_carea' id='block_1_20' title="bbox 96 4203 1313 4449">
    <p class='ocr_par' dir='ltr' id='par_1_20' title="bbox 96 4203 1313 4449">
     <span class='ocr_line' id='line_1_54' title="bbox 114 4203 1233 4344; baseline -0.004 -74"><span class='ocrx_word' id='word_1_484' title='bbox 114 4212 246 4272; x_wconf 86' lang='lat' dir='ltr'>rendam.</span> <span class='ocrx_word' id='word_1_485' title='bbox 286 4211 346 4272; x_wconf 87' lang='lat' dir='ltr'>Sed</span> <span class='ocrx_word' id='word_1_486' title='bbox 370 4213 442 4276; x_wconf 86' lang='lat' dir='ltr'>haec</span> <span class='ocrx_word' id='word_1_487' title='bbox 467 4209 682 4302; x_wconf 78' lang='lat' dir='ltr'>inaestimabilis</span> <span class='ocrx_word' id='word_1_488' title='bbox 708 4223 752 4272; x_wconf 88' lang='lat' dir='ltr'>est</span> <span class='ocrx_word' id='word_1_489' title='bbox 772 4211 882 4276; x_wconf 90' lang='lat' dir='ltr'>Christi</span> <span class='ocrx_word' id='word_1_490' title='bbox 901 4206 1009 4297; x_wconf 68' lang='lat' dir='ltr'>gratia,</span> <span class='ocrx_word' id='word_1_491' title='bbox 1038 4226 1103 4344; x_wconf 69' lang='lat' dir='ltr'>quo</span> <span class='ocrx_word' id='word_1_492' title='bbox 1146 4203 1233 4266; x_wconf 78' lang='lat' dir='ltr'>nohis</span> 
     </span>
     <span class='ocr_line' id='line_1_55' title="bbox 96 4281 1313 4368; baseline -0.002 -24"><span class='ocrx_word' id='word_1_493' title='bbox 96 4287 234 4358; x_wconf 41' lang='lat' dir='ltr'>,indubia</span> <span class='ocrx_word' id='word_1_494' title='bbox 255 4299 298 4348; x_wconf 91' lang='lat' dir='ltr'>est</span> <span class='ocrx_word' id='word_1_495' title='bbox 317 4309 351 4352; x_wconf 88' lang='lat' dir='ltr'>ac</span> <span class='ocrx_word' id='word_1_496' title='bbox 368 4299 432 4348; x_wconf 87' lang='lat' dir='ltr'>tuta</span> <span class='ocrx_word' id='word_1_497' title='bbox 451 4287 536 4361; x_wconf 69' lang='lat' dir='ltr'>salus,</span> <span class='ocrx_word' id='word_1_498' title='bbox 556 4307 684 4368; x_wconf 80' lang='lat' dir='ltr'>quamvis</span> <span class='ocrx_word' id='word_1_499' title='bbox 702 4288 907 4368; x_wconf 83' lang='lat' dir='ltr'>undiquenos</span> <span class='ocrx_word' id='word_1_500' title='bbox 927 4303 1035 4346; x_wconf 78' lang='lat' dir='ltr'>circum</span> <span class='ocrx_word' id='word_1_501' title='bbox 1058 4294 1108 4344; x_wconf 88' lang='lat' dir='ltr'>ent</span> <span class='ocrx_word' id='word_1_502' title='bbox 1126 4281 1235 4344; x_wconf 85' lang='lat' dir='ltr'>hostes.</span> <span class='ocrx_word' id='word_1_503' title='bbox 1307 4347 1313 4359; x_wconf 20' lang='grc' dir='ltr'>ἱ</span> 
     </span>
     <span class='ocr_line' id='line_1_56' title="bbox 116 4358 1237 4449; baseline -0.003 -24"><span class='ocrx_word' id='word_1_504' title='bbox 116 4363 274 4430; x_wconf 84' lang='lat' dir='ltr'>Caeterum</span> <span class='ocrx_word' id='word_1_505' title='bbox 294 4364 347 4428; x_wconf 81' lang='lat' dir='ltr'>etsi</span> <span class='ocrx_word' id='word_1_506' title='bbox 372 4364 444 4428; x_wconf 85' lang='lat' dir='ltr'>dura</span> <span class='ocrx_word' id='word_1_507' title='bbox 463 4375 509 4429; x_wconf 85' lang='lat' dir='ltr'>est</span> <span class='ocrx_word' id='word_1_508' title='bbox 525 4363 679 4449; x_wconf 83' lang='lat' dir='ltr'>loquutio,</span> <span class='ocrx_word' id='word_1_509' title='bbox 695 4385 786 4448; x_wconf 89' lang='lat' dir='ltr'>quum</span> <span class='ocrx_word' id='word_1_510' title='bbox 805 4362 891 4442; x_wconf 82' lang='lat' dir='ltr'>dicit,</span> <span class='ocrx_word' id='word_1_511' title='bbox 907 4358 1028 4424; x_wconf 59' lang='lat' dir='ltr'>mutua</span> <span class='ocrx_word' id='word_1_512' title='bbox 1044 4381 1085 4428; x_wconf 72' lang='lat' dir='ltr'>ea</span> <span class='ocrx_word' id='word_1_513' title='bbox 1101 4361 1237 4434; x_wconf 63' lang='lat' dir='ltr'>tutmtctsr</span> 
     </span>
    </p>
   </div>
   <div class='ocr_carea' id='block_1_21' title="bbox 0 0 1416 4756">
    <p class='ocr_par' dir='ltr' id='par_1_21' title="bbox 0 0 1416 4756">
     <span class='ocr_line' id='line_1_57' title="bbox 0 0 1416 4756; baseline 0 5"><span class='ocrx_word' id='word_1_514' title='bbox 0 0 1416 4756; x_wconf 95' lang='lat' dir='ltr'> </span> 
     </span>
    </p>
   </div>
  </div>
 </body>
</html>
