2808 4748
355 239 362 342 Ἰ
398 259 458 332 (39.
478 247 560 318 Iesus
578 268 659 318 sanat
676 258 760 322 Petri
779 226 932 338 bocrum.)
1169 264 1227 328 teo

173 399 248 462 Luc.
268 401 320 464 ’33.
362 395 464 460 Homo
488 395 594 462 tates
615 403 749 478 sptem
771 399 926 466 damnus.
956 403 1058 470 ‚llaec
1089 402 1226 486 loquutio

98 478 271 539 tantundem
291 476 369 538 valet
387 477 445 537 acsi
464 475 582 538 dixisset
598 478 709 552 Lucas,
734 477 835 540 afflatu
855 479 965 544 diaboli
983 481 1072 542 luisse
1093 482 1225 542 concita·

99 565 172 614 turn.
209 553 268 612 Dei
293 553 372 613 eninr
391 553 533 634 permissu
553 553 666 614 animae
686 555 833 635 potentiss
854 568 1047 637 occupaverat
1066 557 1173 633 Satan,
1192 569 1226 618 ut

99 628 298 692 suo·arbitrio
319 639 380 689 tam
402 628 438 689 ad
462 629 491 689 lo
514 630 642 692 nendum
663 651 750 710 quam
774 629 809 691 ad
835 630 907 692 alios
930 645 1026 693 motus
1051 635 1225 715 impelleret.

99 707 204 788 ltaque
217 727 307 786 quum
325 649 690 784 loquunturiaenoniaci‚
706 708 740 766 in
760 707 770 767 i
792 707 830 770 sis
850 719 882 767 et
901 709 983 798 peri
1004 729 1050 770 sos
1063 710 1226 790 loquuntur
1308 781 1309 784 Ἴ

100 783 268 856 daemones,
288 781 390 862 quibus
410 783 548 863 permissa
568 795 612 844 est
623 728 794 844 dominandi
813 782 940 845 licentra.
977 729 1115 868 blogium
1125 787 1229 871 Sonap‘

100 857 161 918 Dei
189 849 344 940 probabile
376 871 419 918 est
451 878 484 919 ex
515 861 665 921 communi
700 871 730 920 et
759 872 831 920 tunc
857 873 979 941 recepto
1006 860 1146 940 loquendi
1172 886 1226 924 usu

99 946 245 1017 sumptum
258 955 328 998 esse.
366 933 439 997 Ideo
460 945 557 996 autem
576 937 619 998 sic
630 937 766 998 Messiam
778 936 943 1012 vocabant·
953 935 1034 1017 quod
1045 935 1080 996 ab
1094 939 1225 998 omnium

98 1011 220 1074 aliorum
241 1031 365 1073 numero
385 1012 582 1095 segregandus
602 1024 687 1090 esset,
706 1025 740 1074 ut
758 1013 898 1097 singulari
918 1013 1011 1096 gratia
1031 1013 1176 1095 praeditus
1196 1027 1227 1076 et

98 1089 189 1150 totius
209 1088 358 1154 Ecclesiae
378 1099 475 1169 caput.
1154 1107 1157 1113 ·
1226 1151 1229 1158 Α

174 1166 266 1228 Marc.
284 1172 332 1231 26.
374 1163 470 1248 (ὶυιιηι
492 1162 686 1242 discerpsisset
708 1189 782 1227 mem.
825 1166 948 1227 Mitiore
972 1164 1066 1227 verbo
1090 1187 1158 1227 usus
1185 1177 1229 1228 est
1265 1227 1270 1243 .

98 1239 314 1322 Lucas'’(qrsum
326 1242 523 1318 proiecisse),
542 1243 574 1300 in
594 1263 680 1304 sensu
699 1255 797 1305 tamen
817 1243 931 1324 optime
951 1243 1141 1318 conveniunt,
1160 1244 1230 1324 quia

99 1329 224 1398 uterque
239 1318 462 1392 docerevoluit,
480 1318 642 1379 violentum
660 1321 748 1380 luisse
759 1319 910 1392 daemonis
930 1320 1047 1380 exitum.
1086 1320 1229 1401 sicergo

86 1394 236 1456 miserum
257 1395 405 1456 hominem
425 1395 592 1475 prostravit,
611 1397 691 1474 quasi
704 1397 869 1476 discerpere
880 1396 982 1458 vellet:
1002 1397 1117 1456 irritum
1130 1407 1229 1457 tamen

99 1470 191 1536 luisse
212 1483 349 1532 conatum
370 1471 442 1532 dicit
459 1472 564 1546 Lucas,
583 1491 646 1530 non
667 1473 747 1552 quod
765 1473 804 1533 im
828 1485 890 1534 etus
909 1472 960 1533 ille
978 1493 1098 1553 prorsus
1117 1473 1230 1566 absque

35 1617 38 1622 ,
99 1545 232 1608 laesione
251 1547 351 1621 fuerit,
369 1547 416 1610 vel
436 1547 538 1609 saltem
558 1547 669 1628 absque
688 1548 750 1609 ullo
772 1493 882 1611 doioris
901 1569 1004 1627 sensu,
1021 1549 1073 1612 sed
1094 1550 1163 1634 quia
1181 1571 1229 1612 rn-
1369 1559 1370 1564 ’

99 1634 187 1704 teger
206 1635 309 1704 postca
329 1625 384 1684 fuit
403 1624 492 1686 homo
513 1645 529 1685 a
549 1623 670 1686 diabolo
690 1625 847 1687 liberatus:
1139 1637 1142 1644 ’
1285 1631 1287 1636 ’

177 1700 251 1760 Luc.
270 1705 317 1765 36.
354 1701 524 1762 Fecusses
544 1723 646 1776 pavor.
687 1701 813 1763 Fructus
839 1701 986 1778 miraculi,
1014 1702 1095 1782 quod
1119 1703 1231 1786 aliquid

98 1773 265 1856 plusquam
285 1777 441 1840 humanum
460 1779 490 1838 in
504 1776 623 1839 Christo
643 1780 791 1859 suspicere
810 1791 966 1862 coguntur.
1004 1779 1058 1841 Ασ
1068 1781 1231 1861 prudenter

99 1853 236 1914 miraculi
252 1853 378 1946 gloriam
403 1875 438 1916 ac
457 1858 594 1917 virtutem
613 1855 651 1916 ad
672 1854 836 1917 doctrinam
855 1857 997 1916 referunt.
1037 1856 1113 1931 Quis
1132 1867 1230 1918 sermo

98 1929 330 2010 bic,inqu1unt,
354 1932 402 1994 cui
426 1952 530 2013 parere
550 1944 698 2014 coguntur
718 1933 805 1994 etiam
824 1933 880 2016 ipsi
901 1928 1077 1999 daemones?
1115 1933 1232 1994 Nouam

98 2003 261 2068 doctrinam
278 2008 426 2090 appellant
443 2009 643 2089 (Marso-27.)
668 2031 732 2071 non
756 2010 952 2092 exprobrandi
972 2030 1071 2088 causa,
1089 2010 1143 2072 sed
1162 2012 1232 2091 quia
1323 2051 1330 2068 .

98 2083 211 2178 aliquid
229 2087 261 2145 in
281 2105 315 2147 ea
335 2086 487 2149 insolitum
507 2099 538 2147 et
563 2088 824 2148 extraordinarium
847 2100 1022 2170 agnoscunt.
1064 2089 1136 2149 Non
1155 2108 1229 2170 ergo

100 2161 271 2222 insimulant
295 2182 359 2223 eam
386 2164 538 2239 novitatis,
560 2172 595 2221 ut
611 2163 706 2222 'fidem
730 2163 966 2245 derogent,3sed
990 2166 1089 2246 potius
1113 2164 1168 2226 ista
1188 2176 1233 2224 est

100 2259 169 2318 pars
189 2237 405 2315 admirationis,
430 2239 510 2318 quod
534 2237 685 2373 vulparem
709 2249 761 2298 aut
779 2237 932 2299 humanam
953 2259 1015 2300 esse
1035 2253 1152 2323 negant.
1196 2241 1233 2300 In

101 2335 139 2375 co
160 2326 276 2374 tantum
295 2326 434 2395 peccant,
454 2313 533 2394 quod
554 2336 587 2374 su
610 2313 716 2374 sistunt
739 2314 770 2373 in
790 2335 841 2374 sua
860 2313 1067 2393 haesitatione,
1086 2338 1176 2396 quum
1196 2317 1233 2377 ad
1294 2378 1296 2382 ,

98 2391 276 2452 ulteriorem
295 2391 463 2470 proiectum
480 2391 541 2454 Dei
558 2389 635 2452 filios
653 2389 796 2478 progredi
815 2390 926 2452 deceat

142 2613 225 2695 (39.)
267 2613 439 2680 ΜΑΤΤΗ.
460 2613 546 2695 Vlll.
589 2613 639 2680 14.
666 2613 709 2680 Et
730 2633 829 2702 quum
847 2613 989 2680 venisset
1010 2614 1099 2680 lesus
1119 2616 1154 2681 in
1175 2614 1233 2681 do-

98 2739 189 2783 mum
203 2715 300 2795 Petri,
320 2718 401 2783 vidit
417 2737 544 2783 socrum
561 2713 649 2781 illius
669 2718 704 2781 in
726 2714 812 2782 lecto
826 2714 1082 2796 decumbentem,
1104 2725 1136 2780 et
1147 2713 1234 2781 febri

98 2817 316 2884 laborantem.
372 2817 422 2882 15.
451 2819 636 2906 Tetigitque
663 2840 791 2884 manum
819 2819 904 2896 eius,
941 2827 975 2884 et
1000 2815 1144 2903 reliquit
1162 2837 1233 2882 eam
1310 2813 1312 2818 ’

98 2919 212 2999 lebris,
234 2928 266 2984 et
292 2920 435 2998 surrexit,
457 2942 496 2984 ac
515 2917 717 2985 ministrabat
737 2917 811 2986 illis.
853 2919 903 2983 16.
926 2917 1036 3004 Quum
1049 2927 1155 2982 autom
1179 2940 1235 3003 ap-

97 3023 392 3108 petissetvespcra,
412 3017 615 3087 adduxerunt
633 3019 683 3086 illi
696 3019 925 3086 daemoniacos
942 3016 1073 3096 multos,
1093 3028 1126 3082 et
1140 3020 1236 3083 eiecit

97 3125 234 3210 spiritus
252 3120 367 3202 verbo,
388 3142 566 3210 omnesque
583 3119 667 3186 mele
688 3119 847 3187 babentes
869 3121 1007 3186 sanavit:
1048 3119 1098 3184 17.
1115 3118 1162 3184 Ut
1177 3121 1234 3184 im

101 3224 263 3311 placetur,
285 3223 376 3310 quod
397 3223 517 3290 dictum
539 3231 588 3288 est
607 3243 668 3308 per
687 3222 822 3286 lesaiam
841 3219 1042 3306 prophetam,
1062 3239 1160 3306 quum
1182 3223 1240 3298 ait,

99 3324 167 3390 llie
178 3323 381 3390 infirmitates
393 3333 520 3390 nocuas
531 3323 681 3408 suscepit,
699 3331 732 3386 et
742 3319 876 3387 morbos
887 3323 1035 3408 portavit.
1056 3319 1106 3386 18.
1124 3320 1235 3407 Quum

97 3427 238 3494 vidisset
260 3435 366 3491 autem
387 3426 478 3492 lesus
500 3427 619 3496 circum
639 3421 754 3490 multas
772 3419 899 3502 turbas,
925 3424 1032 3502 iussit,
1052 3431 1088 3488 ut
1108 3420 1237 3487 abirent

98 3529 134 3595 in
155 3526 348 3594 ulteriorem
365 3527 477 3615 ripam.

188 3659 329 3732 Marc.
349 3661 374 3727 Ι.
416 3661 468 3728 29.
495 3659 538 3728 Et
564 3659 712 3748 protinus
741 3678 760 3722 e
785 3675 951 3742 synagoga
979 3655 1113 3742 egressi,
1137 3672 1236 3721 vene-

100 3773 181 3832 runt
199 3767 235 3831 in
252 3764 383 3831 domum
405 3762 545 3830 Simonis
570 3771 603 3826 et
623 3756 777 3825 Andreae
805 3777 877 3821 cum
898 3753 1022 3823 Iacobo
1052 3765 1085 3822 et
1103 3754 1236 3822 Ioanne.

101 3868 156 3933 30.
181 3864 302 3934 Socrus
330 3871 439 3948 autem
464 3862 605 3929 Simonis
638 3855 855 3925 decumbebat
885 3853 1167 3933 rebellationis,
1202 3860 1238 3934 et,

102 3970 264 4046 continuo
286 3965 398 4031 dicunt
419 3966 451 4031 ei
470 3963 512 4052 de
527 3961 597 4038 illa.
643 3959 694 4026 31.
717 3959 761 4027 Et
780 3955 941 4024 accedens
963 3957 1064 4022 erexit
1085 3974 1155 4018 eum
1178 3971 1233 4040 ap-

101 4067 267 4154 prehensa
285 4088 383 4133 menn
405 4069 484 4145 eius,
504 4074 536 4131 et
547 4061 680 4147 reliquit
699 4081 769 4127 eam
788 4058 891 4128 febris
910 4055 1013 4133 illico,
1033 4054 1240 4120 aeministra·

102 4165 165 4234 bat
191 4172 254 4235 eis:
295 4168 346 4233 32.
373 4168 515 4253 Vesperi
535 4183 639 4244 vero,
654 4183 753 4249 quum
778 4159 830 4226 sol
851 4157 1036 4236 occidisset,
1063 4152 1240 4222 attulerunt

105 4268 150 4334 ad
173 4287 379 4336 comumnes
400 4264 485 4332 male
505 4262 673 4345 habentes,
694 4263 804 4349 etqui
831 4281 851 4325 a
870 4258 1051 4326 daemoniis
1074 4251 1239 4343 agitaban-

84 4367 170 4436 'tun
210 4371 260 4436 33.
282 4368 325 4434 Et
345 4369 458 4436 civitas
482 4376 552 4434 tots
580 4371 774 4456 cerussata
796 4369 866 4436 erat
886 4357 929 4432 ed
956 4360 1082 4428 estium.
1122 4356 1172 4428 34.
1197 4357 1240 4422 Et
1295 4392 1300 4401 -

132 4471 229 4521 estvm
240 4487 325 4525 em
338 4471 616 4528 unumunurn
982 4447 1004 4513 o
