2816 4746
531 252 626 320 ANN.
644 253 815 318 lfbhl'lll.
1203 261 1243 328 m

111 409 253 463 et'nocte
273 409 476 464 ecunacum
496 399 554 481 pii,
579 399 661 480 quod
678 399 737 461 illis
755 399 882 462 interdiu
907 399 1103 465 nullomodo
1123 401 1240 466 licebat.

111 479 217 557 Itaque
241 487 374 539 vetustae
396 475 463 536 illae
488 489 520 538 et
547 477 684 538 raucidae
705 477 867 538 calumniae
897 479 928 540 in
945 480 1137 543 ¹Christianos
1169 481 1241 544 olim

112 555 300 650 excogitatae
324 565 395 614 tunc
409 571 539 688 quoqne
570 565 693 615 auctore
712 554 839 634 quodam
864 553 989 618 homine.
1007 579 1062 618 nee
1082 557 1164 618 bono
1185 577 1242 620 nec

113 629 251 706 erudito,
276 629 398 706 quodam
450 631 603 690 emochare
624 629 798 690 *sorbonico
817 626 967 707 Doctore,
990 635 1135 714 repositae
1160 645 1240 712 sunt,
1281 662 1285 670 ·

135 707 201 766 uasi
212 705 486 766 videlicetomnium
505 706 751 768 malorum'cansa
771 706 879 766 uostris
897 707 961 768 unis
981 723 1055 773 esset
1073 711 1239 772 tribuenda.

114 729 278 847 iubos-uati
309 782 395 842 etiam
428 781 478 861 qui
501 787 715 857 λυχνομοιχείαν
742 783 977 857 confirmarent,
995 786 1097 864 quibus
1127 785 1240 848 creduli

17 861 18 864 ’
117 859 251 940 plerique
260 858 503 920 assentiebantur.
539 857 681 918 Produeti
692 871 760 918 sunt
773 859 863 940 igitur
880 859 917 920 ad
929 859 1057 922 flammas
1069 864 1104 924 ad
1115 876 1239 945 septem,

116 949 165 996 ter
183 937 307 1016 repetito
328 933 479 1015 exemplo:
503 933 534 992 in
555 955 680 1013 quorum
700 935 800 1026 primo
826 934 972 1017 singulare
998 937 1131 1029 praebuit
1149 940 1240 1000 Chri.

118 1012 225 1074 stirme
245 1010 426 1076 fortitudinis
453 1011 614 1090 exemplum
639 1010 749 1072 nobilis
773 1013 914 1092 quaedam
939 1013 1061 1088 multer,
1086 1017 1165 1076 cuius
1186 1017 1239 1077 tle-

114 1108 192 1150 mum
212 1100 248 1148 ut
265 1101 296 1152 et
313 1109 362 1148 sex
380 1089 504 1148 aliorum
520 1097 608 1167 atque
627 1087 657 1147 its
677 1087 721 1146 his
741 1089 966 1152 novissimorum
979 1090 1105 1150 duorum
1124 1092 1239 1170 penitus

114 1165 334 1226 adolescentum
366 1164 533 1233 constantia
558 1162 645 1242 plane
677 1163 732 1224 fuit
763 1165 949 1226 admirabilis:
993 1167 1105 1228 Verum
1135 1168 1241 1246 partim
1319 1233 1322 1246 ,

114 1241 374 1320 detectaquidem,
391 1241 443 1302 sed
454 1241 572 1300 minime
591 1251 688 1300 tamen
701 1241 828 1302 coercita
841 1241 1076 1306 Serbonicorunr
1089 1243 1243 1320 calumnia,

113 1327 207 1378 matre
231 1337 339 1408 nempe
359 1318 487 1398 captivas
507 1336 604 1380 seeum
624 1314 712 1391 filias,
739 1338 812 1398 quae
832 1331 1037 1399 constupratae
1058 1320 1241 1412 dicebantuq,

18 1423 19 1428 ¹
113 1393 150 1464 ad
169 1394 386 1476 inspectionem
409 1392 553 1454 iudicibus
579 1391 742 1468 efferente,
772 1405 802 1454 et
825 1394 937 1474 optimo
958 1397 1083 1476 quodam
1109 1395 1243 1458 doctisss-

114 1491 165 1530 mo
189 1491 226 1530 ue
245 1474 326 1544 viro,
355 1482 502 1550 pastorem
522 1467 640 1548 aliquot
654 1482 722 1530 ante
741 1470 889 1538 mensibus
908 1472 951 1532 ibi
970 1486 1102 1554 agente,
1118 1471 1241 1554 egregio

115 1492 218 1608 tibelto
244 1558 349 1610 cuncta
367 1545 418 1607 illa
437 1545 587 1606 mendacia
608 1545 691 1605 facile
711 1547 895 1623 revincente,
915 1551 1020 1628 partim
1040 1551 1241 1611 intervenien-

114 1625 189 1683 tium
215 1621 432 1684 Germanorum
457 1621 628 1702 Principum
655 1622 818 1705 legatione,
845 1646 929 1703 quam
960 1647 1070 1692 summa
1090 1626 1242 1688 eeleritate

117 1699 255 1762 Calvinus
274 1700 451 1780 procuravit,
469 1711 623 1779 tempestas
642 1698 692 1760 illa
711 1699 846 1760 nonnihil
866 1701 1054 1782 conquievitr
1113 1719 1115 1722 ·

218 1854 333 1988 81558.)
369 1852 472 1914 hunus
503 1852 582 1914 hunc
618 1865 817 1935 consequutus
851 1855 1033 1936 reipublicae
1070 1854 1241 1918 Generensi

115 1931 185 1992 felix
204 1931 225 1990 il
239 1932 299 1992 urit
322 1937 461 2012 perpetua
487 1931 565 1990 inter
583 1931 747 1994 Beruenses
767 1944 797 1992 ct
817 1931 1005 1995 Generenses
1025 1932 1094 1994 inita
1114 1933 1242 1994 confoe-

116 2008 284 2078 deratione,
319 2018 422 2068 eontra
447 2005 574 2066 exsulum
598 2007 716 2068 illorum
741 2009 959 2089 perditissimam
986 2011 1242 2090 exspectationem,

116 2084 168 2164 qui
188 2084 302 2143 detecta
322 2084 524 2145 coniuratione
537 2103 571 2142 ex
589 2085 662 2148 urhe
683 2084 772 2165 elapsi
792 2086 865 2146 nihil
884 2107 945 2147 non
966 2100 1049 2147 erant
1068 2087 1188 2168 experti,
1208 2095 1243 2144 ut

115 2158 167 2220 has
187 2160 267 2220 iuter
285 2180 316 2220 se
329 2159 463 2220 vciuitates
477 2161 702 2226 committerent.
742 2161 802 2222 Sed
812 2162 888 2224 hanc
899 2163 1138 2244 tranquillitatem
1150 2161 1242 2222 multa

115 2237 240 2298 uicissim
260 2237 377 2298 adversa
388 2234 601 2298 conturbarunt
620 2248 736 2316 praeter
756 2239 882 2298 exsulum
903 2240 1000 2300 irritos
1020 2239 1137 2300 ultimos
1150 2259 1242 2300 cona-

116 2326 176 2386 tus,
198 2313 359 2392 dequibus
400 2313 463 2372 lura
483 2311 580 2372 dicere
600 2335 661 2372 non
683 2314 832 2377 constitui.
869 2315 944 2375 Nam
964 2316 1036 2374 foris
1057 2315 1172 2394 quitlem
1193 2333 1244 2374 re-

114 2389 310 2450 crudescebat
327 2389 359 2446 in
378 2334 474 2450 ltattia
494 2389 695 2467 persequutio,
717 2390 797 2448 domi
816 2411 886 2448 vero
907 2391 1066 2448 eaServeti
1086 2389 1244 2464 cineribus,

116 2475 242 2526 auctore
261 2464 389 2542 quodam
407 2462 567 2522 Valentino
590 2464 704 2526 Gentiti
724 2465 922 2542 Consentino,
940 2464 1089 2534 teterrima
1109 2463 1243 2528 Tritltei-
1268 2515 1272 2522 .

115 2538 360 2602 tarum-haeresis
379 2537 547 2618 pullulabat.
584 2539 689 2615 Itaque
709 2551 741 2596 ut
761 2537 816 2597 illis
836 2539 917 2598 malis
932 2553 1146 2614 occurreretur,
1165 2541 1244 2603 missi

114 2627 187 2680 suist
206 2615 243 2674 ad
265 2613 440 2674 Germaniae
459 2612 610 2694 Principes
631 2633 695 2672 eum
717 2613 829 2674 Calvini
848 2614 951 2690 literis,
970 2617 1020 2695 qui
1041 2628 1087 2676 tot
1107 2617 1244 2678 eeclesia-

114 2717 182 2756 rum
202 2691 412 2754 calamitatibus
429 2689 563 2770 expositis
584 2690 820 2752 intercessionem
841 2711 943 2752 eorum
962 2692 1154 2772 postularent,
1174 2694 1243 2756 dum

18 2784 19 2796 ¹
115 2769 235 2833 assiduis
256 2767 346 2828 literis
365 2769 478 2830 interea
498 2765 662 2828 laborantes
677 2767 812 2828 Calvinus
832 2769 1030 2830 confirmabat.
1069 2771 1146 2831 (lum
1160 2768 1244 2831 Gen·

115 2847 163 2908 tili
182 2845 345 2924 veroquid
365 2857 462 2906 actum
481 2835 532 2917 sit,
559 2844 622 2924 quis
642 2843 769 2924 denique
795 2845 883 2906 fuerit
906 2846 988 2911 istius
1008 2847 1130 2909 monstri
1151 2849 1243 2910 exitus

115 2922 214 3018 paucis
234 2920 479 2988 commemorabo.
524 2921 623 2982 Exstat
651 2922 728 2996 enim
754 2931 817 2983 tota
843 2921 915 2984 haec
939 2923 1057 2984 historia
1078 2924 1184 3004 partim
1204 2923 1241 2985 ab

115 3025 126 3062 r
149 3021 181 3060 so
194 2997 317 3060 Calvino
338 3000 455 3060 exactis
497 2992 610 3071 ublieis,
630 2999 734 3078 partim
754 3019 779 3058 a
791 2999 1076 3060 henedictoalretio
1097 3000 1241 3061 Beruensi

116 3023 274 3157 iteotogo
294 3074 417 3138 Pastore
447 3017 572 3136 tristiter
603 3074 761 3166 descripta,
797 3075 970 3154 adiectaque
998 3076 1242 3157 blasphemiarum

115 3154 206 3234 ipsius
226 3151 380 3212 refutatio:
400 3171 474 3230 quae
494 3151 611 3230 quidem
630 3167 726 3211 omnia
745 3151 856 3230 aliaque
870 3155 974 3215 eodem
995 3165 1145 3234 congesta,
1167 3173 1241 3232 quae

116 3231 154 3291 ad
178 3227 249 3289 illud
274 3249 306 3288 ar
346 3239 477 3289 mentum
501 3227 667 3306 pertinent,
696 3227 774 3286 edita
796 3239 865 3288 suut
890 3229 919 3288 in
948 3229 999 3289 hae
1024 3229 1137 3289 civitate
1162 3249 1240 3290 anuo

116 3304 311 3388 Dominitx
340 3304 381 3362 ll.
400 3325 485 3383 supra
504 3303 792 3382 sesquimillesimum.
837 3304 941 3364 Infelix
964 3305 1053 3386 igitur
1076 3305 1126 3364 ille
1146 3305 1242 3387 sagaci

117 3383 247 3463 quidem,
266 3383 317 3442 sed
336 3379 419 3441 vafro
438 3380 657 3470 sophisticoquc
676 3380 798 3462 ingenio
819 3382 983 3516 praeditus,
1003 3381 1153 3461 aliquanto
1195 3393 1242 3447 nst

116 3458 321 3539 sumptum'tle
341 3457 474 3522 Serveto,
489 3455 662 3536 supplicium
683 3469 783 3517 nactus
802 3457 880 3518 ilius
901 3456 1006 3518 lihr'um
1026 3459 1154 3538 itemque
1171 3403 1241 3519 hat·
1283 3475 1292 3490 ‘

115 3534 178 3596 vini
197 3534 406 3596 refutationem
427 3531 511 3594 facilc
531 3531 744 3606 animadvertit,
764 3553 861 3613 neque
880 3535 956 3596 illins
974 3547 1090 3628 spectra
1109 3547 1140 3596 et
1151 3535 1242 3609 ideas,
1283 3567 1287 3578 ι

117 3611 224 3692 quihus
243 3609 424 3672 Samosateni
444 3607 575 3670 haeresin
594 3603 644 3666 ille
662 3607 855 3685 coloraverat,
874 3631 970 3690 neque
990 3623 1131 3672 invectam
1150 3632 1166 3672 a
1187 3611 1242 3671 Sa-

91 3687 210 3748 ,bellio
234 3688 431 3750 Personarum
451 3707 516 3746 cum
535 3683 669 3744 hlssentia
693 3687 912 3762 confusionem,
940 3688 1088 3750 Deitatem
1113 3686 1182 3746 deni
1205 3703 1243 3745 ue

118 3764 244 3838 Christi,
290 3761 384 3824 nalem
407 3763 538 3843 impurus
557 3762 645 3821 Arius
665 3761 806 3823 facticiam
832 3783 893 3824 esse
913 3763 1031 3841 decutit,
1058 3785 1124 3825 cum
1148 3758 1199 3822 v'cr
1222 3781 1241 3822 o

104 3841 177 3902 -nei
196 3785 349 3902 conciliari
369 3857 462 3920 posse.
501 3840 541 3898 Et
560 3855 650 3916 quum
669 3859 782 3913 rursus,

117 3917 175 3978 Dei
196 3919 332 3990 essentia,
352 3925 382 3976 et
400 3915 495 3976 trihus
513 3915 593 3976 iuter
611 3934 642 3974 se
662 3935 694 3973 re
715 3915 776 3997 ipsa
797 3860 938 3978 ‹iistinctis
958 3915 1161 3998 hypostasibus
1180 3912 1241 3974 tra-‘

118 3995 238 4069 duntur,
258 3992 471 4074 intelligentiae
492 4002 609 4050 nostrae
628 3991 749 4052 minime
769 3993 909 4070 quadrare
928 3995 1051 4068 videret,
1070 3989 1140 4048 feeit
1161 3989 1240 4068 quod

117 4069 263 4136 eiusmodi
285 4071 403 4152 ingenia
428 4065 657 4142 con'suevcrunt,
689 4068 718 4128 id
744 4081 802 4142 est,
834 4091 896 4129 nou
920 4090 983 4131 sese
1001 4067 1060 4128 Dei
1083 4063 1241 4142 sapientiae

117 4147 267 4220 submisit,
292 4148 345 4206 set
362 4145 392 4206 id
412 4145 528 4206 demum
547 4164 647 4204 verum
668 4164 729 4204 esso
749 4145 805 4206 sibi
824 4147 981 4224 persuasit,
1002 4141 1081 4222 quod
1101 4162 1170 4202 cum.
1188 4143 1241 4204 hu.

61 4269 64 4276 .
116 4245 202 4286 mana
231 4222 345 4282 ratione
377 4221 565 4282 consentiret.
616 4221 722 4300 Itaque
747 4221 914 4290 monarchia
940 4223 976 4280 ad
1003 4217 1117 4278 unicam
1145 4219 1241 4280 Patris

823 3860 876 3900 uae
895 3840 927 3900 in
952 3841 1102 3923 scripturis
1122 3839 1158 3897 de
1183 3859 1242 3900 una
1277 3858 1281 3863 ·
1388 3897 1391 3920 ,

138 4317 274 4362 ersonam
293 4296 445 4374 translata,
475 4317 562 4378 quem
580 4297 675 4358 solum
696 4309 727 4366 et
745 4297 866 4356 unicum
890 4293 1025 4352 αὐτόθεον
1053 4316 1114 4357 esse
1137 4295 1242 4368 votuit,
1281 4353 1286 4372 ,
1390 4327 1391 4334 κ

132 4377 140 4396 ’
156 4378 375 4454 seruatorem,
391 4375 421 4436 id
436 4387 491 4454 est,
500 4375 652 4440 Because
664 4373 907 4454 propagationem
927 4384 1045 4452 tresque
1055 4393 1192 4448 numero,
1209 4383 1243 4428 ut

1005 4509 1007 4515 '
1027 4523 1032 4552 t
