2824 4756
176 271 217 346 ⁹22
352 228 513 326 'SEGTIO
533 261 574 322 11.
612 260 750 344 Ioprvms
770 219 956 325 uiarum
974 273 1130 321 marmus.
1396 135 1404 396 1

181 399 453 488 interra,quarndiu
465 406 510 468 rol
523 419 553 466 et
562 402 759 467 lunaincoelo
769 403 1112 488 fulgebuntveratamen
1124 403 1304 484 perpetuitas
1373 397 1379 404 ’

182 485 218 545 arl
238 485 364 546 suturam
383 483 506 576 gloriam
526 483 663 563 pertinet.
709 483 758 544 Sic
779 501 850 564 ergo
875 480 1014 541 contiuua
1033 479 1108 541 serie
1132 479 1232 540 fideles
1255 479 1311 543 alii

182 560 244 622 aliis
263 563 293 622 in
312 560 433 622 bacvrta
452 559 623 633 succedunt,
642 570 675 620 ut
694 559 810 620 demum
830 557 988 640 colligendi
1007 556 1163 618 sintsimul
1181 556 1214 616 in
1234 576 1306 618 coe·

182 635 253 716 lum,
273 636 325 720 ulpi
343 640 406 698 siue
425 636 483 709 fine
503 635 678 722 regnabunt.
1043 653 1048 656 ·

225 869 287 950 (7.)
328 868 430 936 LUC.
451 869 478 934 1.
519 869 570 936 34.
589 866 680 932 Dixit
701 875 807 930 autem
827 864 932 930 Maria
955 861 997 929 ad
1017 862 1191 947 Angelum,
1214 861 1306 950 Quo·

182 969 282 1038 modo
305 970 364 1034 erit
385 967 491 1034 istud?
511 965 774 1054 quandoquidem
785 969 888 1030 virum
910 985 978 1031 non
995 985 1166 1050 cognosco.
1192 963 1243 1028 bb
1264 965 1306 1030 Et

182 1068 384 1156 respondens
405 1067 548 1154 Angelus
571 1067 649 1133 dixit
670 1070 716 1144 ei,
737 1067 874 1154 Spiritus
895 1076 1023 1131 sanctus
1044 1066 1250 1153 superveniet
1270 1065 1304 1130 in
1341 1131 1343 1135 ,

85 1175 87 1183 ’
182 1177 229 1248 te,
250 1181 283 1235 et
302 1172 403 1235 virtus
424 1167 579 1251 Altiesimi
600 1164 808 1233 obumbrabit
828 1165 905 1252 tibi:
934 1175 1131 1253 quapropter
1157 1177 1190 1230 et
1215 1165 1306 1252 quod

180 1282 332 1338 nascetur
351 1279 502 1347 sanctum,
522 1268 694 1334 vocabitur
713 1267 816 1334 Filius
832 1269 919 1336 Dei.
948 1269 998 1333 36.
1018 1267 1124 1352 Atque
1147 1288 1222 1332 ecce
1239 1265 1306 1330 Eli·
1328 1288 1332 1296 ¹

181 1369 296 1435 sabeth
315 1379 452 1454 cognata
472 1379 536 1447 tua,
559 1379 592 1434 et
611 1372 681 1455 ipsa
702 1371 853 1456 concepit
873 1367 976 1434 lilium
997 1371 1031 1433 in
1053 1378 1218 1442 senectute
1240 1389 1304 1446 sua,

182 1481 215 1535 et
236 1471 288 1535 bic
304 1481 415 1536 sextus
435 1471 553 1536 mensis
574 1481 622 1536 est
642 1467 700 1548 illi,
721 1490 806 1556 quae
819 1468 988 1536 dicebatur
1003 1467 1135 1534 sterilis:
1154 1469 1205 1532 37.
1218 1467 1305 1554 Quia

61 1556 65 1568 ⁵
178 1559 247 1635 ⁴non
270 1574 330 1634 erit
356 1567 557 1657 impossibile
584 1570 671 1658 apud
692 1571 800 1635 Deum
830 1565 925 1634 omne
946 1567 1100 1634 verbum.
1140 1569 1193 1634 38.
1217 1568 1306 1660 Dixit

168 1679 285 1733 ‘autern
307 1670 427 1751 Maria,
446 1670 533 1736 Ecce
556 1670 675 1736 ancilla
694 1670 843 1748 Domini,
864 1670 922 1735 fiat
943 1670 1020 1734 mihi
1040 1667 1216 1746 secundum
1235 1691 1308 1737 ver-.

179 1769 256 1856 bum
278 1761 375 1864 tuum.
420 1772 468 1836 Ac
488 1770 635 1854 discessit
657 1770 698 1836 ab
720 1770 778 1838 illa
798 1770 954 1857 Angelus.

253 1941 301 2001 34.
342 1933 491 2020 Qnonaodo
517 1940 572 1996 erit
594 1933 692 1998 istud?
730 1936 856 2000 Videtur
885 1949 985 1997 sancta
1014 1936 1058 1996 vir
1079 1955 1186 2028 cnop
1210 1934 1304 1998 miuus

124 2060 136 2082 ,
178 2009 305 2094 maligne
329 2013 506 2094 restringere
530 2013 588 2073 Dei
612 2010 773 2094 potentiam
800 2036 886 2095 quam
911 2014 990 2093 prius
1011 1957 1172 2073 zabaris.
1212 2012 1302 2087 Quod
1378 2038 1402 2092 ¹,

135 2156 138 2168 Ι
180 2089 256 2146 enirn
289 2102 407 2170 praeter
437 2110 622 2153 communem
650 2101 770 2150 naturae
796 2091 930 2150 ordinem
951 2102 1012 2164 est,
1043 2085 1223 2170 impossibiie
1243 2108 1305 2150 esse

179 2164 302 2247 colligit.
342 2165 391 2226 Sic
412 2167 491 2226 enim
511 2167 709 2241 ratiocinatur,
728 2167 831 2228 Virum
852 2188 913 2228 non
934 2187 1098 2248 cognosco:
1120 2165 1169 2245 qui
1189 2165 1303 2226 credam

85 2279 88 2286 ,
178 2240 270 2322 igitur
295 2244 424 2303 [uturum
449 2243 529 2322 quod
556 2243 690 2304 nuntias?
727 2245 791 2304 Nec
815 2264 886 2304 vero
911 2263 1090 2324 magnopere
1116 2241 1303 2304 laborandum

178 2329 232 2388 est,
251 2331 286 2378 ut
305 2339 367 2380 eam
387 2339 543 2401 purgemus
564 2319 599 2380 ab
620 2321 702 2381 omni
709 2319 795 2390 vitio:
816 2321 874 2380 fi'de
895 2321 971 2379 enim
991 2323 1086 2398 statim
1098 2318 1303 2396 transcendere

178 2392 283 2455 debuit
298 2395 333 2456 ad
353 2397 522 2468 immensam
541 2395 600 2462 Dei
618 2397 773 2474 virtutem,
799 2417 875 2477 quae
898 2396 1017 2456 minime
1041 2395 1155 2477 alligata
1182 2407 1225 2454 est
1250 2415 1302 2454 na-

178 2471 319 2534 turalibus
339 2473 452 2546 mediis,
471 2473 523 2534 scd
541 2485 637 2537 tutum
658 2475 799 2536 mundum
818 2485 950 2553 superat:
974 2492 1053 2532 nunc
1072 2485 1168 2532 autem
1188 2471 1218 2529 in
1239 2469 1302 2531 vul-

178 2549 242 2626 gari
264 2549 466 2630 generationis
490 2550 581 2610 modo
607 2549 747 2611 subsistit.
786 2550 875 2626 Quau
898 2571 964 2610 uam
987 2549 1137 2610 sciendum
1150 2559 1216 2623 est,
1240 2567 1301 2607 non

172 2627 218 2686 ita
238 2625 373 2687 dubitare
384 2625 430 2686 vel
449 2625 599 2702 sciscitari,
619 2639 653 2686 ut
671 2627 802 2688 sensibus
821 2629 880 2687 suis
922 2627 947 2686 ei
968 2625 1127 2706 potentiam
1149 2623 1194 2684 rel
1213 2622 1303 2690 subii-

178 2719 247 2761 cere
264 2701 310 2763 vcl
332 2720 456 2779 aequare
476 2698 559 2760 v‘elit:
579 2713 693 2762 tantum
713 2703 808 2764 subita
819 2702 1012 2762 admiratione
1032 2701 1166 2782 perculsa,
1182 2701 1222 2760 ad
1237 2720 1301 2760 mo-

177 2777 300 2834 vendam
322 2774 396 2835 banc
416 2777 618 2866 quaestionem
639 2779 759 2858 rapitur.
807 2778 898 2853 Quod
923 2790 1018 2837 autem
1044 2777 1218 2838 obedienter
1241 2797 1300 2836 am-

177 2850 259 2930 plexa
280 2851 318 2912 sit
343 2851 585 2930 promrssionem,
615 2853 683 2912 binc
709 2853 809 2936 colligi
829 2866 941 2934 potest,
970 2855 1067 2934 quod,
1097 2875 1185 2932 quum
1212 2851 1301 2912 multa

177 2940 369 2988 occurrerent
388 2927 418 2986 in
438 2927 616 2988 contrariam
638 2940 759 3010 partem,
779 2951 839 2990 nou
852 2931 907 2990 nisi
923 2931 955 2992 in
977 2952 1037 2990 uno
1059 2930 1188 2990 haesitat.
1215 2928 1302 2989 Obii-

177 3023 245 3063 cere
274 3015 443 3084 promptum
470 3016 548 3080 erat,
577 3003 699 3064 ubinam
725 3018 800 3067 esset
824 3003 930 3068 solium
957 3006 1028 3066 illud
1048 3006 1184 3082 Davidis,
1214 3027 1303 3086 quum

64 3117 68 3137 .
176 3079 291 3158 pridem
311 3078 420 3142 abolita
438 3094 515 3142 esset
534 3080 628 3142 omnis
648 3081 773 3162 dignitas
792 3082 918 3162 imperii,
937 3094 1016 3143 totus
1040 3103 1075 3144 ue
1095 3080 1304 3164 ‘regiigeneris

177 3155 334 3216 exstinctus
347 3155 503 3242 splendor.
547 3156 638 3232 Certe
662 3163 685 3220 si
706 3179 768 3218 rem
788 3159 967 3234 aestimasset
985 3105 1092 3219 iudicio
1113 3160 1221 3234 carnis,
1245 3177 1303 3236 pro
1400 3225 1401 3240 ,

176 3229 274 3292 sabula
295 3231 420 3294 duxisset
460 3235 519 3295 uod
539 3234 671 3304 audierat
691 3235 864 3317 abAngelo.
906 3233 1008 3309 Quare
1027 3257 1088 3296 non
1109 3235 1228 3298 dubium
1247 3245 1303 3309 est,

177 3307 248 3386 quin
265 3309 385 3398 penitus
401 3255 597 3372 dellcclesiae
616 3312 826 3373 instauratione
845 3331 980 3404 persuasa
1000 3313 1043 3371 rei
1061 3312 1220 3372 secuudum
1240 3331 1305 3369 car·

77 3401 81 3407 ·
175 3403 244 3442 nem
263 3384 428 3448 incredibili
448 3382 535 3448 facile
554 3386 652 3450 locum
673 3389 795 3449 dederit.
835 3387 874 3452 bt
895 3385 1051 3468 probabile
1071 3399 1124 3461 est,
1144 3399 1215 3447 tunc
1236 3407 1302 3466 pas·

175 3459 229 3518 sim
249 3459 537 3542 eelebratumgiuisse
556 3465 723 3530 vaticinium
748 3459 819 3524 illud
838 3464 948 3524 Iesaiae
968 3469 1027 3540 (11,
1047 3465 1104 3540 1.),
1130 3463 1182 3525 ubi
1200 3484 1305 3523 surcu-

174 3534 235 3594 lum
263 3535 345 3596 Deus
376 3557 407 3597 se
440 3543 628 3602 excitaturum
658 3542 807 3623 promittit
834 3562 872 3600 ex
901 3551 1073 3620 contempto
1094 3539 1155 3600 lsai
1184 3551 1303 3600 trunco.

174 3610 261 3702 Fides
282 3632 354 3694 ergo
381 3611 417 3675 dc
442 3617 535 3709 gratia
554 3617 613 3677 Dei
637 3617 786 3701 ipanimo
807 3617 937 3754 Virginis
958 3628 1101 3696 concepta
1127 3615 1242 3690 effecit,
1267 3627 1304 3676 ut

136 3735 143 3752 .
173 3707 239 3749 srnc
270 3699 469 3750 controversia
501 3693 681 3766 admitteret.
698 3694 816 3756 aliatum
848 3693 904 3753 sri
935 3694 1069 3754 nuntium
1095 3692 1133 3752 de
1157 3690 1303 3773 erigendo

171 3763 247 3824 solio
260 3764 399 3827 Daridis..
429 3767 462 3825 Si
475 3767 540 3845 quis
560 3770 693 3850 excipiat,
713 3769 801 3830 fuisse
821 3771 907 3830 etiam
926 3769 1004 3830 aliud
1024 3768 1201 3842 vaticinium,
1221 3767 1305 3846 quod

172 3841 266 3922 Virgo
279 3839 368 3902 tilium
382 3844 510 3922 paritura
529 3857 614 3919 esset,
634 3846 811 3926 respondeo,
831 3845 893 3906 eius
912 3845 1043 3926 mysterii
1062 3857 1132 3906 tunc
1148 3844 1304 3906 obscuram

171 3916 259 3977 fuisse
280 3917 424 3979 notitiam.
462 3919 647 3982 Nasciturum
668 3921 787 4003 quidem
806 3921 862 3981 sibi
879 3921 993 4004 Regem
1012 3921 1169 4002 sperabant
1188 3919 1304 3994 Patres,
1398 3963 1399 3970 .

71 4032 74 4038 ·
172 3993 227 4079 sub
246 4014 306 4072 quo
327 3992 430 4055 boatus
450 4015 483 4054 ac
504 3993 573 4054 felix
592 4010 668 4058 esset
686 3999 744 4058 D'ei
764 3996 907 4078 populus,
931 3999 982 4058 sed
1008 3997 1112 4058 modus
1132 3997 1213 4077 quasi
1232 3995 1303 4058 velo
1361 3999 1366 4010 ¹

172 4070 356 4148 interpositox
368 4071 559 4137 absconditus
578 4072 697 4136 latebat.
736 4075 816 4155 Ergo
837 4075 911 4134 nibil
930 4075 1046 4152 mirum,
1064 4075 1089 4136 si
1100 4073 1304 4154 quaestionem

172 4155 272 4206 movet
290 4159 390 4209 sancta
416 4148 503 4230 virgo
528 4147 565 4208 de
589 4170 627 4209 re¹
646 4150 702 4214 sibi
727 4151 889 4233 incognita.
941 4150 1033 4225 Quod
1058 4161 1154 4210 autem
1179 4168 1213 4208 ex
1237 4147 1304 4208 eius

156 4217 268 4305 ‘verbis
288 4223 426 4302 suspicati
444 4235 512 4284 sunt
531 4223 658 4302 quidam,
677 4240 840 4308 perpetuae
856 4225 1030 4310 virginitatis
1050 4236 1227 4308 conceptum
1245 4223 1303 4282 bae

97 4367 105 4380 .
174 4287 272 4377 bursae
291 4306 408 4371 votum,
428 4302 512 4362 nimis
532 4301 679 4364 infirmum
699 4304 837 4376 est,=imo
858 4303 977 4386 prorsus
996 4301 1168 4366 absurdum:
1188 4299 1303 4381 perfide
1380 4307 1383 4314 ’

175 4383 258 4430 totu·
275 4390 354 4454 parra
374 4375 487 4454 luisset,
505 4395 536 4442 re
556 4381 659 4446 marito
677 4379 827 4456 collocari,
848 4390 1038 4467 sanctumque
1054 4376 1185 4460 coniugii
1196 4375 1303 4444 turdus

810 4549 819 4586 Ι
915 4535 921 4542 ,
