2808 4748
428 225 440 284 ἰ
525 242 657 304 Oiasso
677 257 711 306 ns
731 257 857 308 nossa.
1203 252 1259 315 tet

146 386 286 448 emodnm
306 385 394 446 obrui
411 372 499 459 iinat,
518 386 603 448 simul
622 399 720 448 tamen
740 389 843 470 implet
862 391 943 469 quod
961 389 1031 453 alibi
1051 389 1133 467 dicit,
1153 400 1186 450 ut
1204 410 1253 453 re-

123 407 238 556 iolgeat
260 482 365 524 eorum
388 463 541 546 integritas
566 465 657 524 instar
682 485 805 526 aurorae
824 465 895 546 (les.
915 472 968 544 58,
986 469 1044 545 8.):
1072 469 1113 528 ita
1137 487 1254 549 semper

124 551 237 601 emanet
256 540 318 600 eius
338 539 506 601 benedictio
526 562 613 620 supra
632 541 753 602 iniustas
774 537 941 602 calumnias.
983 545 1034 604 Sic
1053 544 1132 606 enim
1151 543 1253 606 fideles

122 615 242 676 subiicit
259 615 386 699 indignis
396 617 521 697 probris,
541 638 601 696 quo
614 637 665 678 eos
677 615 821 694 humiliet,
840 631 873 678 ut
891 619 1010 680 tandem
1028 620 1253 684 bonameornm

123 713 239 752 causam
258 705 375 754 asserat.
412 693 498 754 Adde
513 695 594 774 quod
614 694 672 775 ipsi
683 716 802 775 quoqne
820 695 932 770 fideles,
951 708 1098 776 utcunque
1117 699 1253 758 studeant

18 776 20 794 '
123 767 262 858 iratribus
281 771 340 832 suis
360 771 538 850 aequitatem
557 782 721 850 praestare,
752 773 820 864 quia
847 783 946 832 tamen
972 775 1130 834 immodico
1150 774 1251 858 rigore
1335 806 1338 810 ·

121 845 271 906 interdum
290 845 427 908 feruntur
445 860 549 908 contm
569 847 673 910 iratres
692 848 742 908 vel
760 849 912 924 innoxios,
941 848 988 908 vel
1009 870 1070 910 non
1093 850 1168 910 odeo
1187 850 1251 912 cul-

122 920 250 1002 pabiles,
274 945 325 985 sua
351 924 437 1006 culpa
461 925 492 984 in
518 944 550 984 se
574 938 739 1006 provocant
760 924 854 988 simile
873 925 1020 986 iudicium.
1060 925 1152 986 Certe
1170 925 1251 1006 quod
1350 947 1354 959 ·

120 1018 286 1064 mensuram
299 1000 465 1062 confertam
478 1012 508 1060 et
521 1001 712 1068 exundantem
723 1022 784 1063 uon
797 1001 955 1082 recipiunt,
973 1021 1139 1082 quanquam
1150 1002 1251 1064 mundi
1323 1028 1326 1032 ·

120 1074 325 1215 ingratitudini
344 1078 544 1158 imputandum
565 1091 625 1168 est,
650 1078 705 1170 sibi
725 1090 825 1171 tamen
846 1098 881 1138 ex
899 1091 983 1158 parte
1001 1098 1069 1138 acce
1092 1090 1154 1137 tum
1173 1077 1251 1144 serre

120 1151 243 1292 (ἐξέδυέ,
261 1175 332 1236 quta
350 1175 440 1221 nemo
459 1165 516 1232 est,
536 1175 587 1234 qur
606 1167 664 1216 tam
683 1155 845 1226 leberahter
863 1168 897 1217 ut
917 1153 1041 1217 decebat
1071 1163 1164 1215 ratres
1182 1171 1251 1271 suos

221 1273 229 1289 '
331 1273 345 1306 b

194 1312 236 1371 3.-
266 1307 329 1368 Gen·
343 1318 441 1366 'mun
458 1305 537 1367 uides
546 1307 708 1389 festucam.
746 1308 929 1371 Nominatim
946 1309 1048 1370 vitium
1067 1305 1249 1388 perstringit,
1312 1361 1314 1364 .
1367 1363 1374 1376 .

40 1381 42 1384 ’
118 1403 180 1462 quo
200 1383 401 1444 communiter
419 1382 555 1445 laborant
573 1383 753 1468 hypocritae.
794 1387 870 1446 Nam
890 1407 980 1465 quum
1003 1385 1068 1466 plus
1087 1384 1155 1446 satis
1176 1401 1249 1444 ocn-

39 1475 42 1484 ·
117 1461 170 1520 lati
188 1461 248 1521 sint
266 1460 297 1518 in
318 1460 474 1520 cernendis
499 1459 623 1522 aliorum
642 1461 791 1536 vitiis,‘-et
808 1480 843 1522 ea
862 1483 923 1522 non
942 1481 1043 1531 serere
1062 1459 1170 1535 modo,
1198 1458 1249 1520 sed

77 1607 87 1616 η
117 1537 183 1605 fere
205 1536 319 1672 traplice
344 1535 538 1615 amplificent,
562 1558 614 1600 sua
638 1537 768 1618 ipsorum
793 1538 1074 1617 peccata-reiiciunt
1099 1548 1167 1630 post
1190 1547 1249 1595 ter·

117 1634 205 1695 gum:
229 1631 264 1671 ve
294 1614 337 1674 ita
356 1613 502 1693 ingeniosi
520 1626 590 1675 sunt
608 1613 638 1678 io
658 1614 713 1674 illis
733 1615 938 1688 extenuandis,
964 1627 998 1675 ut
1016 1615 1109 1678 ridere
1129 1613 1250 1692 cupiant

118 1691 207 1750 etiam
232 1690 264 1749 in
290 1690 466 1750 crassissimo
486 1711 606 1771 quoque
625 1687 738 1756 s‘celere
763 1690 951 1752 excusabiles.
989 1693 1071 1773 Ergo
1092 1703 1250 1768 utrumqne
1280 1709 1285 1729 ²

68 1837 74 1844 Α
116 1766 225 1832 malum
245 1765 438 1846 reprehendit
450 1767 593 1843 Christus,
613 1768 733 1830 nimiam
772 1768 974 1848 erspicaciam,
990 1789 1064 1848 quae
1084 1788 1118 1829 ex
1130 1765 1250 1832 delectu

116 1843 245 1904 caritatis
270 1844 415 1919 nascitur,
439 1845 507 1906 dum
532 1844 619 1906 nimis
642 1787 814 1924 scrupulose
834 1843 993 1906 excutimus
1019 1845 1140 1908 fratrum
1164 1842 1247 1906 vitia:

116 1932 149 1981 et
167 1918 392 2008 indulgentiam,
411 1943 469 2002 qua
487 1935 609 2002 peccata
627 1922 875 2006 nostra-tegimus
895 1934 925 1984 et
945 1921 1084 1984 fovemus.

144 2153 239 2234 (sa)
279 2152 453 2218 mansu.
473 2147 563 2218 vn*
589 2130 619 2216 ε’.
645 2153 697 2218 ue
724 2107 807 2219 seta
828 2155 918 2240 quos
941 2151 1105 2221 umam·
1120 2162 1169 2218 est
1196 2175 1248 2216 ca.
1345 2213 1348 2220 .

113 2251 228 2333 uibus,
260 2273 324 2318 nec
351 2252 530 2340 proiiciatis
563 2255 748 2336 margaritas
775 2265 898 2319 vestras
932 2267 1006 2320 aute
1038 2267 1172 2340 porcos,
1203 2274 1247 2317 ne
1274 2303 1277 2310 ,

115 2352 249 2443 quando
270 2353 304 2417 hi
331 2351 525 2426 conculcent
554 2357 611 2418 cas'
636 2349 777 2438 pedihus
803 2353 886 2436 suis,
923 2364 955 2419 et
975 2353 1024 2420 illi
1051 2357 1138 2420 versi
1160 2351 1247 2417 lacc-

114 2463 190 2521 rent
209 2474 276 2519 vos
1145 2461 1148 2466 ·
1262 2467 1265 2475 ·

191 2609 296 2670 Matth.
315 2614 345 2674 s
382 2607 431 2667 Nc
449 2603 531 2686 dois,
549 2607 630 2686 quod
645 2621 774 2668 saeuum
793 2622 843 2670 est.
881 2607 951 2669 Non
969 2619 1016 2670 est
1036 2606 1247 2689 quodtsacpios

114 2689 236 2762 iterem,
260 2685 394 2746 concisas
413 2684 519 2744 referri
537 2686 698 2746 sententias
717 2707 733 2746 a
754 2685 920 2761 Matthaeo,
946 2697 976 2746 et
995 2705 1070 2765 quae
1091 2705 1151 2745 uno
1173 2704 1245 2754 con,-

113 2776 197 2825 textn
215 2764 335 2823 mininie
355 2761 597 2844 legendaesunt.
636 2762 741 2841 Neque
758 2763 838 2822 enim
859 2763 998 2823 cohaeret
1018 2761 1090 2822 baec
1110 2761 1245 2822 doctrina

3 2845 7 2854 '
114 2863 183 2902 cum
201 2841 335 2921 proximo
355 2855 510 2912 sermone,
531 2838 593 2898 sed·
609 2859 727 2918 prorsus
747 2852 879 2919 separata
900 2851 951 2900 est.
996 2837 1148 2898 Admonet
1167 2837 1245 2898 enim
1350 2851 1355 2860 ·

115 2917 250 2986 Christus
262 2915 437 2997 Apostolos,
456 2924 487 2978 et
504 2915 558 2974 soh
579 2935 685 2984 eorum
701 2936 828 2997 persona
849 2937 951 2976 omnes
967 2914 1120 2998 Evangelii
1140 2913 1246 2977 docto-

114 3014 179 3070 res,
202 3005 235 3055 ut
260 2993 396 3054 coelestis
422 2992 581 3072 sapientiae
607 2991 772 3060 thesaurum
797 2985 865 3052 solis
890 2992 955 3052 filiis
974 2991 1033 3050 Dei
1060 3004 1246 3065 conservent,
1328 3027 1335 3036 ·

113 3092 178 3144 non
204 3071 300 3130 autem
326 3068 506 3151 prostituant
529 3067 658 3150 indignis
686 3079 716 3128 et
738 3069 871 3148 prolenis
895 3069 955 3146 Dei
981 3067 1244 3149 contemptoribus.

115 3147 177 3207 Sed
196 3145 244 3207 bic
263 3148 359 3206 oritur
377 3145 521 3225 quaestio:
544 3153 615 3207 'nam
656 3156 737 3204 ostea
761 3146 844 3210 iussit
868 3145 1036 3226 praedicare
1055 3143 1245 3226 Evangelinm
1341 3176 1346 3184 ·

114 3226 199 3286 omni
224 3235 384 3290 creaturae.
426 3223 467 3281 Et
485 3222 593 3282 Paulus
613 3165 684 3284 dicit
702 3221 757 3299 (ΙΙ.
778 3223 850 3284 Cur.
869 3229 904 3298 2,
922 3229 993 3297 tot,
1013 3223 1073 3292 eius
1093 3222 1245 3302 praedica·

112 3302 228 3363 tionem
252 3320 286 3362 re
307 3297 391 3360 robis
413 3297 598 3359 mortiterum
623 3297 747 3359 odorem
772 3318 849 3363 esse:
877 3318 932 3358 uec
957 3299 1112 3379 quicquam
1138 3299 1245 3367 certios

114 3388 171 3452 est,
191 3398 277 3458 qnam
321 3375 347 3434 ei
366 3373 504 3433 mandato
516 3375 648 3453 quotidie
668 3376 796 3454 proponi
815 3374 972 3436 incredulis
992 3376 1022 3444 in
1034 3375 1245 3447 testimonium,

52 3517 55 3524 ,
196 3453 287 3544 tnagis
302 3451 468 3521 reddantur
487 3450 703 3512 inexcusabiles.
742 3451 938 3533 Respondeo:
960 3453 1028 3532 quia
1045 3473 1107 3513 non
1121 3462 1245 3538 possunt

114 3473 269 3612 ffingelri
285 3528 436 3603 ‚ministri,
467 3537 498 3588 et
522 3526 691 3607 quicudque
714 3528 750 3590 ad
771 3529 898 3593 docendi
921 3549 1025 3592 munus
1045 3529 1140 3591 vocati
1165 3539 1244 3601 sunt,

115 3611 195 3669 inter
220 3607 296 3667 lilios
316 3604 374 3670 Dei
395 3615 425 3664 et
444 3625 551 3684 porcos
572 3605 756 3684 discernere,
774 3625 877 3666 eorum
898 3627 960 3666 esse
978 3618 1088 3698 partes,
1108 3603 1245 3666 omnihus

106 3683 285 3768 promiscue
306 3681 417 3741 olserre
443 3680 541 3742 salutis
561 3681 735 3741 doctrinam.
776 3682 1000 3762 Numquamne
1025 3681 1109 3741 initio
1134 3679 1243 3739 multos

110 3761 235 3823 videant
260 3758 441 3839 praefractos
471 3770 502 3818 et
520 3756 677 3832 indociles,
697 3775 767 3818 'uon
792 3769 890 3818 tamen
914 3759 1024 3840 patitur
1050 3757 1169 3830 caritas,
1193 3761 1244 3815 eos

114 3837 215 3902 statim
240 3835 343 3899 haberi
370 3855 424 3915 pro
450 3833 621 3915 deploratis:
655 3855 720 3906 nam
745 3833 802 3894 hoc
832 3837 991 3896 tenendum
1017 3845 1076 3905 est,
1105 3833 1245 3892 vocaris

116 3913 238 3977 Christo
258 3933 344 3972 canes
364 3925 394 3971 et
407 3931 531 3986 porcos,
554 3931 614 3970 non
635 3910 784 3990 quoslibet
801 3911 931 3990 impuros
953 3911 1100 3982 homines,
1123 3904 1169 3969 ve'l
1186 3907 1247 3970 Del

115 4003 199 4051 metu
219 4009 350 4064 vacuos,
370 3999 400 4046 et
418 4007 504 4048 verae
525 3987 639 4066 pietatis
659 3999 811 4068 expertes,
827 3989 878 4054 sed
899 3990 949 4068 qui
971 3988 1057 4048 certis
1083 3985 1246 4046 documen·

82 4087 87 4090 ·
114 4068 155 4132 tis
174 4066 357 4146 pervicacem
376 4065 561 4128 ostenderint
578 4064 636 4127 Dei
656 4076 869 4144 contemptum,
885 4078 921 4127 ut
939 4063 1059 4125 morbus
1078 4061 1248 4128 incurabilis

116 4153 266 4227 appareat.
289 4141 386 4205 -Alibi
406 4163 493 4202 canes
513 4142 642 4224 opponit
662 4140 795 4206 Christus
816 4141 911 4202 electo
931 4141 988 4201 Dei
1008 4137 1120 4222 populo
1143 4151 1173 4198 et
1193 4138 1247 4220 do,-

116 4215 248 4280 mesticis
266 4215 346 4294 fidei,
365 4217 455 4299 quum
471 4218 551 4293 dicit,
570 4219 640 4278 Non
661 4229 705 4278 est
723 4217 835 4279 honum
854 4233 969 4280 sumere
988 4237 1095 4310 panem
1109 4213 1248 4289 filiorum,

117 4307 154 4356 et
171 4295 242 4355 dare
260 4295 390 4357 canibus.
420 4296 488 4359 liic
507 4306 603 4356 autem
625 4315 711 4356 canes
731 4307 761 4356 et
780 4315 889 4374 porcos
909 4293 1063 4377 intelhgit,
1084 4294 1135 4373 qni
1153 4292 1246 4373 impio

118 4371 179 4434 Dei
201 4381 374 4458 contemptu
400 4371 522 4442 delibuti
551 4372 725 4447 medicinam
752 4370 860 4440 nnllam
887 4370 1053 4438 admittunt.
1097 4373 1260 4464 uidisti*

289 4492 296 4548 ,
582 4491 586 4502 .

42 4702 64 4709 *—
87 4695 211 4715 -¹-·-·-—..e...-
231 4714 242 4717 ..
267 4716 285 4719 „
