2816 4746
532 271 626 332 nnn.
646 271 813 333 rsunxrv.
973 241 1006 282 ·’
1150 291 1155 326 r
1193 282 1231 342 3⁶

113 416 249 494 babebat,
280 437 368 500 agens
392 411 434 476 dc'
455 415 578 478 fratrum
604 415 829 490 calamitatibus,
859 418 964 498 quibus
987 427 1091 480 noctes
1116 441 1150 482 ac
1169 420 1230 484 dies
1312 441 1316 486 t

113 496 200 576 magis
226 494 312 555 etiam
333 515 418 574 quam
443 493 502 554 suis
526 493 592 558 ullis
616 492 700 564 malis
718 493 906 555 afficiebatur.
942 494 1181 558 Admou'cutibus
1201 510 1231 562 st

114 571 323 631 obtestantibus
343 571 438 644 nobis,
458 581 492 629 ut
510 568 611 630 saltem
632 577 769 650 aegrotus
790 569 826 630 ab
847 572 927 630 omni
941 573 1076 634 dictandi
1099 587 1149 636 sat
1173 576 1230 636 sal-

112 660 171 707 tem
191 648 333 718 scribendi
354 647 454 708 labore
474 645 648 719 abstineret,
669 645 777 720 „Quid
799 667 888 728 ergo,
907 648 1118 727 inquiebat,
1142 651 1231 712 vultis

115 745 184 798 „mc
209 725 330 784 otiosum
356 747 371 784 a
393 724 524 783 Domino
553 722 774 803 deprebcudi?’¹
813 724 872 784 llic
892 725 990 786 Martii
1011 727 1063 799 X..
1088 748 1176 808 quum
1196 741 1231 788 ut

115 819 198 879 saepe
209 821 447 860 consueveramus
467 800 500 859 ad
524 819 589 859 eum
609 821 665 860 una
677 801 864 874 venissemus,
886 801 1128 880 deprehendimus
1148 805 1231 866 illum

116 877 257 951 restitum,
281 889 311 937 et
328 898 397 936 suae
416 877 565 938 mensulae
586 877 727 956 adquam
746 877 878 948 scribere
898 888 949 938 aut
967 877 1098 942 meditari
1117 879 1233 944 solebat

116 953 294 1023 assidentem,
315 951 401 1014 unde'
414 953 578 1033 conspectis
598 953 700 1028 nobis,
720 966 874 1033 postquam
896 953 1064 1034 aliquandiu
1084 953 1183 1019 fronte
1200 959 1232 1018 in

115 1028 225 1090 alteram
244 1051 379 1104 manum,
409 1042 442 1090 ut
461 1028 601 1089 meditans
627 1043 834 1104 consueverat,
865 1030 1003 1092 inclinata
1037 1033 1232 1110 conticuisset,

66 1109 69 1118 “
111 1106 220 1166 tandem
241 1127 315 1168 voce
339 1107 465 1167 subinde
489 1105 669 1196 interrupta,
695 1106 744 1166 sed
770 1106 880 1168 blando
907 1119 937 1168 et
961 1107 1117 1170 renidente
1142 1109 1232 1184 uultu,

109 1184 174 1257 „Aa
189 1204 265 1266 ego,
290 1183 424 1262 iuquit,
443 1182 537 1257 vobis,
558 1182 695 1258 carissimi
717 1182 834 1258 iratres,
855 1204 973 1265 magnas
993 1185 1101 1266 gratias
1120 1193 1176 1266 ago
1198 1186 1234 1246 de

109 1272 224 1336 „vestra
245 1280 300 1340 pro
326 1279 374 1320 mc
399 1257 611 1330 sollicitudine,
638 1271 667 1317 et
691 1279 778 1338 spero
803 1280 851 1320 me
876 1261 952 1324 intra
978 1261 1147 1414 quindecim
1173 1261 1234 1324 dits
1333 1255 1336 1270 '

33 1334 38 1355 ¹
107 1337 166 1415 „(is
184 1349 285 1398 autem
304 1356 422 1404 morum
442 1335 570 1396 censuris
590 1337 626 1396 de
645 1355 730 1394 more
741 1336 899 1398 destinatus
920 1348 982 1398 erat
1015 1337 1115 1399 uesbr'o
1136 1339 1237 1398 coetui
1315 1345 1340 1404 ,“

107 1427 311 1493 „postremum
331 1411 547 1472 interfuturum.
579 1410 656 1470 Tum
676 1412 755 1470 enim
772 1414 879 1492 opinor
890 1414 1050 1474 Dominum
1071 1414 1235 1508 patefactus-

107 1511 201 1565 „rum,
226 1489 298 1569 quid
319 1489 356 1548 dc
376 1509 422 1548 me
443 1489 595 1560 statuerit,
624 1499 655 1547 et
677 1487 743 1548 sore
763 1501 796 1550 ut
815 1509 862 1548 me
880 1491 917 1550 ad
937 1510 968 1550 se
988 1489 1145 1571 recipiat”
1175 1489 1234 1551 ·Iu·-

106 1569 202 1628 terluit
224 1567 317 1648 igitur
337 1564 476 1637 censuris,
495 1576 529 1624 ut
548 1577 617 1624 aute
630 1573 833 1638 consueuerat,
853 1565 980 1625 eiusdem
997 1569 1103 1630 mensis
1115 1568 1235 1642 xxlv,

33 1651 38 1694 t
106 1640 192 1724 iisque
212 1642 337 1724 pacifice
362 1643 486 1722 peractis
509 1641 621 1702 sentire
646 1661 678 1700 se
698 1640 782 1717 dixit,
815 1641 950 1702 nonnihil
970 1641 1120 1704 dilationis
1144 1645 1235 1708 sitia

106 1719 239 1780 Domino
260 1735 443 1780 concessum:
463 1731 646 1796 acceptoque
665 1717 696 1776 in
715 1739 817 1780 manus
838 1739 916 1779 noro
939 1720 1129 1780 Testamenta
1150 1721 1237 1803 galli..

106 1818 149 1872 co,
169 1796 315 1876 quaedam
335 1782 421 1874 nobis
441 1795 470 1854 iu
491 1794 629 1856 subiectis
649 1793 888 1856 annotationibus
909 1793 982 1877 legit
994 1797 1127 1876 ipsemet,
1147 1798 1235 1858 etde

95 1871 136 1932 'iis
161 1874 270 1934 iratres
293 1871 465 1944 consuluit,
497 1872 577 1950 quod
609 1891 656 1931 cas
679 1892 798 1951 quoque
830 1873 1023 1933 emendandas
1052 1875 1134 1933 sus'ce
1156 1875 1235 1936 isset.

107 1948 253 2010 Postridie
275 1949 355 2029 peius
376 1948 478 2008 babuit
491 1949 572 2028 quasi
613 1948 726 2008 ridiano
738 1949 841 2009 labore
861 1949 1006 2032 fatigatus.
1024 1897 1155 2010 fflflp
1163 1971 1235 2012 sero

107 2027 140 2085 ad
161 2029 261 2088 curiae
281 2026 359 2086 fores
380 2023 502 2100 delitus,
522 1968 645 2104 pedibus
666 2024 697 2084 in
718 2024 895 2086 senatoriam
917 2047 1007 2106 usque
1028 2028 1123 2087 aulam
1143 2028 1235 2089 comi·

107 2102 182 2163 tibus
208 2101 325 2164 duobus
350 2103 463 2162 iunixus
488 2102 635 2174 ascendit,
666 2100 766 2180 ibique
786 2123 872 2162 ¹nouo
897 2115 1014 2163 rectore
1038 2101 1155 2166 scholae
1181 2105 1236 2164 Ss-

106 2181 186 2240 uatui
206 2179 325 2252 oblato,
355 2190 459 2258 aperto
480 2178 577 2261 capite
603 2178 709 2258 gratias
736 2178 796 2258 egit
842 2199 876 2238 ro
903 2180 1029 2259 acceptis
1054 2192 1122 2242 aute
1143 2179 1237 2240 benc-

33 2305 36 2322 ,
106 2256 194 2332 liciis,
228 2277 262 2316 ae
294 2255 467 2316 nominatim
487 2253 568 2332 quod
595 2255 625 2312 in
652 2253 708 2334 boc
733 2275 787 2314 suo
808 2199 911 2332 ultimo
933 2255 1040 2315 morbo
1061 2268 1173 2316 tantam
1194 2257 1238 2316 sui

105 2331 253 2392 rationem
274 2332 398 2412 Senatus
418 2329 575 2390 habuisset.
619 2328 723 2404 „Nam
743 2331 856 2406 sentio,
885 2331 1026 2407 inquit,
1054 2352 1101 2392 rue
1121 2339 1237 2408 postre-

105 2430 215 2484 „mum
241 2408 271 2465 iu
298 2407 376 2466 bunc
400 2405 499 2464 locum
519 2403 665 2478 venissc.”
705 2403 800 2478 Quae
815 2407 861 2464 rix
886 2401 1042 2464 deficiente
1066 2426 1139 2464 voce
1165 2405 1241 2466 etta-

101 2497 152 2544 tus
189 2483 313 2553 ,moestis
342 2503 376 2540 ac
407 2479 625 2540 lacrimantibus
654 2476 715 2536 vale
748 2479 827 2537 dixit.
877 2480 1014 2538 Secunda
1046 2480 1093 2539 die
1119 2481 1239 2560 Aprilis,

105 2559 158 2640 qui
186 2557 248 2617 dies
274 2569 337 2618 crat
355 2555 500 2628 Paschae,
533 2553 660 2634 quamvis
687 2553 845 2646 prostratis
877 2555 984 2616 viribus
1015 2554 1111 2616 tamen
1137 2557 1238 2621 sellula

104 2639 134 2697 in
161 2635 305 2714 templum
332 2632 445 2692 delatus
474 2631 530 2692 toti
557 2630 696 2691 concioni
718 2631 868 2708 interluit,
904 2631 1036 2694 Coenam
1055 2635 1181 2694 Domini
1200 2647 1236 2696 et
1317 2693 1318 2698 ,

105 2735 171 2774 mea
190 2733 281 2777 manu
302 2711 426 2789 accepit,
447 2727 543 2788 eoque
564 2706 644 2768 vultu
665 2707 803 2790 hymnum
825 2731 890 2768 cum
910 2709 972 2770 aliis
991 2731 1162 2792 quanquam»
1176 2722 1237 2774 tre'-

33 2821 34 2828 κ
104 2789 183 2850 mula
202 2795 277 2850 voce
299 2786 421 2861 cecinit,
453 2797 486 2844 ut
512 2801 571 2844 non
599 2783 722 2844 obscura
749 2783 876 2850 laetitias
902 2788 984 2868 signa
1011 2788 1041 2846 in
1067 2789 1238 2850 moribundi

104 2867 187 2928 vultu
214 2863 374 2925 clarerent,
420 2863 512 2922 XXV.
532 2861 642 2942 Aprilis
669 2862 890 2925 Testamentum
915 2864 1040 2926 totidem
1066 2865 1146 2930 hisce
1171 2871 1238 2926 scr'·

106 2943 160 3019 bis,
182 2943 235 3006 sed
256 2941 360 3024 gallice
380 2940 496 3012 dictatis
514 2938 657 3012 condi-dit.
910 2960 913 2963 ·
1041 2956 1046 2972 ·

179 3267 429 3390 ronuuts'
457 3282 1170 3432 eanvmrmusrauunrun.
1210 3359 1224 3378 ,

182 3563 228 3624 ΙΝ
247 3560 412 3624 NOMINE
430 3555 597 3636 DOMINI,
615 3561 740 3621 nutu.
777 3564 866 3640 Auno
881 3559 1049 3622 MHLXIV.
1066 3561 1120 3621 die
1135 3557 1243 3644 Aprilis

109 3642 198 3701 XXV.
238 3640 305 3721 Ego
325 3640 431 3700 Petrus
442 3638 632 3714 Cbenclatus,
653 3637 722 3698 civis
742 3649 772 3695 et
792 3637 922 3698 notarius
935 3634 1129 3710 Genesensis,
1147 3651 1265 3696 testor¹

109 3739 141 3779 ac
160 3718 318 3799 profiteor,
335 3736 385 3774 mc
404 3721 569 3776 evocatuml
584 3716 672 3776 luisse
692 3735 708 3774 a
728 3725 861 3793 spectato
881 3714 945 3774 viro
966 3715 1081 3774 Ioanne
1100 3712 1240 3787 Calvino,
1296 3730 1298 3740 ¹

109 3796 242 3856 ministro
262 3791 345 3853 verbi
364 3792 422 3853 Dei
438 3794 471 3852 in
492 3793 544 3853 bac
565 3791 687 3854 ecclesia
707 3789 895 3866 (lenovensi,
916 3803 948 3853 et
966 3787 1242 3858 eiusdemmiritatis
1288 3809 1293 3832 ¹

110 3872 235 3952 ascripto
256 3869 335 3944 cive,
362 3868 494 3961 quitum
515 3888 641 3949 corpore
664 3869 782 3950 quidem
801 3887 907 3949 aegro,
932 3868 982 3928 sad
1008 3863 1109 3946 mertis
1128 3866 1242 3944 integra

111 3947 195 4023 dixit,
215 3945 274 4008 sibi
294 3962 356 4006 asse
372 3961 406 4004 tn
425 3946 522 4006 auimo
542 3957 749 4016 testamcutum
767 3964 851 4004 suum
873 3945 1020 4006 cuniis-ere
1048 3955 1079 4001 et
1096 3951 1242 3999 extremae

110 4023 267 4084 voluntatis
286 4021 425 4082 iudicium
447 4041 608 4101 exponere,
633 4043 649 4082 a
669 4040 776 4100 meque
795 4015 912 4100 pestis,
924 4033 958 4079 ut
978 4019 1048 4078 illud
1070 4027 1103 4074 ert
1123 4017 1130 4030 ‘
1172 4031 1243 4101 rens,

110 4104 203 4161 etuti
223 4099 325 4182 lingua
344 4109 581 4178 nuncuparetur
601 4099 727 4159 dictaret
751 4098 793 4157 ita
813 4097 1049 4167 conscriberem,
1069 4110 1127 4170 quo
1169 4109 1261 4154 cestr·-¹

110 4177 205 4237 lestim
232 4175 338 4236 fecisse
362 4195 409 4234 me
434 4174 594 4255 profiteor,
625 4187 713 4255 atque
733 4174 769 4234 ad
794 4172 933 4244 uerbum,
958 4183 993 4228 ut
1019 4185 1188 4250 nuuoupare
1214 4180 1245 4228 et

112 4252 220 4324 dictare
240 4241 350 4324 voluit,
370 4252 590 4344 conscripsisse,
610 4271 707 4332 neque
726 4251 794 4329 quic
837 4248 938 4328 amad
958 4245 1035 4304 illius
1054 4245 1143 4308 rerba
1163 4246 1245 4308 adic-

112 4328 183 4391 cisse
202 4327 252 4392 vel
272 4328 309 4387 dc
328 4329 361 4392 iis
381 4327 547 4405 detraxisse,
567 4328 618 4390 sed
638 4329 713 4390 hauc
732 4324 770 4387 ab
789 4325 799 4383 i
823 4345 852 4402 o,
864 4323 1001 4384 dictatam
1023 4323 1179 4386 formulam
1197 4339 1243 4382 se-

112 4419 234 4486 quutum
255 4425 326 4466 esse.
893 4476 911 4534 3
924 4471 944 4512 ᾖ
