2786 4742
436 232 499 308 (76.
519 227 567 290 De
586 229 702 344 ieiuniis
721 231 855 312 omissis.)
892 327 910 332 ,
1152 231 1210 296 hii

12 345 14 360 ἱ
77 371 271 437 concionatus
291 369 427 434 adsersus
444 369 589 508 pudorne,
620 391 660 433 ue
691 355 859 454 exciperenl
881 393 913 436 se
938 369 1060 456 defungi
1083 378 1207 433 externo

76 447 136 509 Dei
156 446 248 526 cultu,
268 448 441 529 quemadmo
464 470 513 508 nm
531 447 668 510 solebant
685 470 750 510 suas
766 451 947 511 ceremonias
965 469 1069 516 secure
1086 447 1208 526 iactare,

75 535 168 608 negat
185 525 284 584 Deum
303 523 443 586 sacrificia
462 525 585 600 morari,
611 523 663 585 uhi
690 537 721 586 et
742 525 833 587 animi
857 527 965 608 pietate
984 526 1067 588 vacui
1086 536 1156 587 sunt
1176 535 1208 586 et

74 621 174 662 mores
195 600 283 661 alieni
302 601 337 662 ab
358 601 528 683 integritate
548 614 579 662 et
597 601 714 663 iustitia.
758 602 851 677 Quod
867 621 940 664 vern
960 603 1041 664 Deus
1066 601 1208 663 sacrificia

75 698 108 740 se
128 676 210 738 nolle
236 679 422 758 pronuntiat,
448 698 482 738 ex
500 679 631 740 secundo
657 677 791 742 memhro
817 689 898 760 pat'et
922 679 1117 771 comparative
1138 678 1207 754 dici,

76 754 227 815 scientiam
245 754 304 814 Dei
322 755 500 818 holocaustis
520 756 669 838 potiorem
689 775 765 818 esse:
792 755 897 835 quibus
917 755 1012 816 verbu
1037 775 1098 818 non
1120 775 1206 836 prac-

75 831 136 892 eise
155 828 326 892 holocausta
342 851 375 890 re
398 831 488 908 udiat,
505 831 556 894 sed
576 831 679 925 pietati
699 845 730 893 et
749 829 817 892 fidei
836 832 998 913 postponit.
1037 833 1088 892 Sic
1105 843 1206 892 tamen

75 905 245 968 hahendnm
265 920 324 984 est,
349 852 438 970 fidem
464 920 494 968 et
517 931 530 969 s
553 908 697 969 irrtualem
725 909 834 970 cultum
858 931 912 989 per
936 929 967 969 se
986 907 1053 968 Deo
1078 908 1205 1000 placere,

77 984 227 1046 caritatem
247 995 278 1045 et
297 984 482 1048 humanitatis
508 931 605 1048 officia
626 1006 696 1068 erga
720 987 868 1067 proximos
887 1005 991 1066 perse
1012 985 1134 1120 requim:
1159 1004 1204 1044 sa·

75 1059 183 1122 crificia
203 1067 264 1122 uon'
284 1061 342 1122 nisi
361 1061 520 1124 accessoria
540 1081 618 1138 esse,
648 1075 682 1124 ut
700 1061 877 1144 loquuntur,
906 1081 979 1142 quae
1000 1061 1082 1122 nnlo
1108 1060 1204 1140 pretio

74 1137 123 1198 vel
142 1136 210 1198 loco
230 1149 314 1214 sunt,
345 1138 397 1199 ubi
422 1137 516 1199 solida
540 1139 646 1200 veritas
671 1160 739 1202 non¹
759 1140 867 1200 subest.
916 1138 986 1213 Qua
1007 1137 1043 1197 de
1063 1157 1095 1196 re
1116 1135 1206 1203 fusim

72 1214 196 1276 tractavi
215 1215 330 1276 decimo
349 1215 385 1275 ad
405 1214 559 1276 Hebraeos
580 1214 685 1296 capite.
722 1215 758 1275 In
775 1235 849 1279 soce
866 1208 1082 1277 misericordius
1100 1230 1205 1293 synec-

74 1290 170 1352 doche
201 1292 331 1354 notanda
357 1302 416 1352 est:
448 1313 520 1352 nam
545 1292 599 1353 sub
629 1313 687 1354 una
716 1305 801 1374 parte
821 1294 1028 1375 complectitur
1045 1289 1207 1372 Propheta,

74 1367 141 1447 quic
165 1367 214 1426 uid
233 1367 421 1428 humanitatis
440 1366 577 1430 fratribus
598 1367 746 1429 debemus.

185 1463 223 1503 oo
241 1447 317 1537 spim
334 1447 399 1504 omi
416 1457 467 1504 etc.
494 1445 670 1524 Quanquam
684 1443 862 1507 refellendae
873 1445 1033 1510 scribarum
1048 1468 1081 1506 su
1105 1442 1206 1504 crhiae

9 1579 10 1584 ,
75 1530 106 1580 et
125 1518 163 1600 hy
187 1521 290 1582 rocrrsi
308 1519 366 1583 hoc
385 1520 494 1582 dictum
515 1533 570 1595 est,
590 1521 725 1583 continet
743 1533 841 1582 tamen
861 1524 891 1583 in
911 1466 1125 1606 genererallle
1145 1520 1205 1585 uti-

73 1595 134 1656 lem
172 1597 325 1657 octrinam.
363 1596 523 1660 Monemur
542 1598 630 1674 enirn,
649 1619 712 1660 non
732 1597 817 1659 aliter
836 1599 922 1660 nohis
943 1600 1082 1681 prodesse
1095 1597 1207 1660 Christi
1254 1659 1263 1680 Ι
1305 1601 1333 1642 ·,

9 1677 10 1752 ζ
75 1672 215 1754 gratiam,
237 1694 322 1753 quam
342 1673 411 1735 dunt
430 1687 620 1754 peccatorum
644 1687 815 1736 nostrornm
841 1674 927 1736 nobis
952 1675 1077 1750 conscii,
1104 1687 1134 1734 et
1151 1671 1206 1735 suls

70 1753 289 1810 eorum'onere
311 1762 463 1834 gementes
489 1750 638 1812 humiliter
662 1751 786 1814 adeum
810 1753 984 1814 accedimus.
1027 1753 1154 1828 Rursum
1175 1750 1206 1810 iu

73 1839 183 1888 certam
207 1826 340 1888 fiduciam
367 1829 410 1890 eri
434 1841 522 1890 untur
546 1829 680 1890 infirmae
707 1829 920 1904 conscientiae,
951 1832 1018 1910 quia
1042 1828 1206 1890 timendum

72 1915 200 1978 nonest,
220 1924 258 1964 ue
280 1905 392 1966 reliciat
406 1847 539 1970 dhristns
559 1917 741 1987 peccatores,
761 1905 869 1986 qulbus
886 1906 1026 1968 vocandis
1047 1927 1063 1966 e
1084 1903 1206 1974 coelesti

72 2001 123 2042 sua
142 1979 237 2064 gloria
256 1981 417 2045 descendit.
456 1984 516 2044 Sed
530 1982 660 2044 tenenda
681 1995 725 2044 est
743 1983 827 2044 simul
846 1985 896 2047 illa
908 1983 1059 2065 particula,
1079 1978 1122 2044 ad
1133 2003 1206 2058 poc·
1254 1999 1256 2006 ’
1285 2013 1287 2020 ·

69 2060 229 2132 nitentium,
247 2070 281 2119 ut
298 2059 421 2124 sciamus
441 2062 553 2122 veniam
575 2059 662 2121 nobis
682 2059 758 2135 heri,
778 2081 839 2122 nou
860 2081 935 2142 quoe
956 2072 1075 2141 peccata
1095 2059 1206 2133 foveat,

70 2135 124 2194 sed
143 2155 219 2214 qnae
239 2135 275 2195 ad
295 2136 344 2216 pic
362 2150 523 2216 sancteque
534 2135 650 2198 risendi
668 2135 796 2196 studium
807 2159 862 2199 nos
879 2149 1009 2202 revocet.
1048 2138 1112 2196 Hac
1125 2135 1203 2195 enirn

69 2209 154 2294 Lege
173 2233 229 2272 uos
248 2211 421 2273 reconciliat
438 2213 533 2286 Patri,
564 2222 598 2272 ut
621 2209 768 2290 redempti
795 2214 856 2275 eius
876 2214 1019 2292 sangnine
1045 2207 1205 2274 offeramu't
1238 2249 1244 2258 ·

20 2333 23 2344 .
71 2309 129 2348 nos
155 2308 236 2349 veras
261 2286 386 2363 hostias,
416 2286 662 2369 quemadmodum
687 2285 757 2346 dicit
776 2287 882 2352 Paulus
914 2291 990 2367 (Tit
1009 2295 1039 2363 2,
1058 2290 1136 2368 12),
1167 2288 1204 2347 Iu

69 2363 131 2425 hoc
151 2364 286 2455 apparuit
303 2363 502 2425 misericordia
520 2363 579 2423 Dei
599 2373 628 2422 et
648 2361 826 2442 humanitas,
856 2377 890 2426 ut
909 2365 1059 2448 abnegatis
1079 2363 1205 2425 terrenis

69 2439 222 2502 desideruis
240 2440 316 2502 iuste
334 2437 710 2533 sancteque-ambulemus,
729 2451 785 2499 etc.

112 2707 193 2788 (ro.)
235 2687 407 2772 Morou.
428 2705 481 2770 1x.
524 2691 573 2772 to
596 2707 691 2772 'mm
713 2658 834 2772 adeon
854 2703 1089 2795 condiscipuli
1111 2703 1205 2772 roan·
1328 2777 1330 2783 ,
1379 2727 1384 2768 2

67 2812 136 2888 nis,
162 2807 322 2886 dicentes,
353 2807 461 2893 Quam
490 2806 534 2874 oh
557 2829 683 2874 causam
704 2829 766 2874 uos
788 2818 821 2874 et
841 2808 1004 2874 Pharisaei
1025 2809 1205 2872 ieiunemus

66 2909 279 3000 plerumque,
316 2908 466 2996 discipuli
493 2931 574 2976 vero
601 2911 650 2974 tui
677 2930 746 2975 non
776 2911 938 2975 ieiunant?
987 2904 1037 2974 15.
1062 2909 1105 2974 Et
1125 2908 1205 2974 dixit

67 3011 262 3094 illislesus,
286 3008 372 3074 Num
393 3003 531 3096 phssunt
551 3009 612 3078 filii
638 3013 750 3096 sponsi
771 3009 902 3098 lugere,
934 3032 1028 3100 quam
1050 3009 1108 3074 diu
1130 3031 1204 3074 curn
1311 3055 1314 3065 «
1381 2997 1383 3014 ‘

68 3112 137 3182 illia
156 3121 207 3206 pst
226 3113 384 3198 sponsus?
427 3109 572 3178 Venient
594 3122 700 3194 nutem
721 3111 801 3191 dies,
822 3134 921 3199 quum
943 3111 1077 3178 tolletur
1098 3109 1201 3176 abeis

67 3233 218 3304 sponsus,
238 3223 271 3276 et
291 3222 369 3276 tunc
383 3211 584 3278 iciunabunt.
626 3213 676 3280 16.
697 3214 816 3288 Nullus
837 3225 943 3280 autem
964 3215 1103 3282 immittit
1117 3235 1205 3278 assu·
1295 3207 1298 3213 ’
1381 3211 1382 3218 ’

67 3323 212 3380 mentum
234 3314 333 3398 panni
355 3311 444 3378 rudis
465 3316 500 3378 in
520 3323 644 3380 vestem
658 3326 817 3395 veterem,
839 3315 944 3380 aufert
964 3317 1050 3380 enim
1071 3312 1204 3400 supple-

68 3425 212 3482 mentum
233 3412 321 3480 illius
343 3436 362 3480 a
383 3417 584 3494 vestimento,
606 3425 638 3481 et
655 3419 749 3504 peior
769 3427 905 3505 ruptura
923 3415 970 3481 tit.
1013 3415 1063 3481 17.
1084 3416 1203 3500 Neque

68 3518 199 3581 mittunt
226 3516 336 3580 vinnm
355 3535 474 3581 nonum
498 3519 532 3582 in
565 3526 654 3582 utres
685 3526 830 3597 veteres,
863 3515 987 3608 alloqui
1012 3525 1204 3602 rumpuntur

68 3627 167 3697 utres,
188 3625 222 3680 et
241 3617 350 3682 vinum
371 3617 563 3695 effunditur,
587 3629 618 3684 et
640 3628 728 3684 utres
748 3627 902 3707 pereunt:
929 3616 988 3682 sed
1009 3620 1137 3682 mittunt
1156 3615 1224 3691 vi-x

68 3739 148 3788 uum
168 3735 288 3783 novum
311 3719 345 3782 in
369 3728 457 3784 utres
478 3740 591 3798 novor,
612 3728 646 3785 st
667 3728 803 3805 utraque
824 3717 919 3784 simul
939 3724 1117 3785 servantur.

152 3847 293 3918 MARC.
319 3852 356 3918 ll.
405 3851 455 3920 18.
485 3851 527 3918 Et
554 3851 706 3939 discipuli
732 3853 863 3920 loannis
891 3875 929 3918 sc
954 3835 1202 3917 Pharisaeorum
1291 3873 1312 3946 ³·

69 3951 268 4032 ieiunabeut,
287 3956 502 4040 veniuntque,
528 3962 560 4016 et
583 3952 694 4020 dicunt
715 3952 779 4033 illi,
807 3953 920 4040 Quare
940 3948 1091 4037 discipuli
1108 3946 1203 4014 Ioau-

70 4059 175 4121 nicet
196 4054 439 4120 Pharisaeorum
462 4052 625 4133 isiuhant,
655 4057 703 4119 tui
730 4065 836 4120 autem
859 4051 1010 4146 discipuli
1032 4071 1099 4125 non
1121 4049 1202 4123 ieiu-

71 4159 169 4224 nanti
211 4154 262 4220 19.
283 4141 391 4220 111111
410 4154 476 4219 illis
496 4155 605 4233 lesus·
616 4155 701 4221 Num
723 4165 858 4243 possunt
878 4153 939 4218 filii
959 4149 1114 4241 nuptialis
1134 4144 1203 4216 th‘a·
1238 4175 1243 4194 ,

72 4253 163 4335 lami,
188 4259 222 4322 iu
244 4277 403 4343 quocum
425 4253 490 4320 illis
512 4266 560 4322 cst
578 4278 734 4344 sponsus,
760 4255 927 4321 ieiunare?
958 4275 1053 4348 quam
1077 4252 1134 4319 diu
1154 4271 1204 4317 se-

74 4375 145 4435 mus
165 4355 288 4430 hahens
302 4379 467 4451 sponsum,
486 4377 554 4432 neu
573 4367 712 4450 possunt
724 4359 879 4430 ieiunare·
918 4355 971 4421 20.
991 4355 1137 4424 Venient
1148 4375 1203 4420 au·
