2786 4742
232 231 291 296 mr
409 185 414 198 ’
563 223 716 290 suerro
736 223 805 290 vn.
839 179 1025 330 omnim

232 373 333 442 multa
353 393 425 442 oum
446 395 493 442 ea
535 372 585 442 13.
604 375 709 442 Porro
731 393 827 464 quum
847 375 980 442 vidisset
1000 397 1070 442 eam
1089 374 1269 456 Dominus,
1297 381 1355 443 mi-

231 473 410 544 sericordia
430 486 535 543 motus
564 486 613 543 est
637 497 736 562 super
758 475 874 561 ipsam,
902 487 935 544 et
962 478 1041 543 dixit
1064 475 1128 556 illi,
1151 477 1205 544 Ne
1231 477 1353 566 plores.

231 578 284 644 11.
304 577 347 644 Et
368 571 527 642 accedens
545 577 649 662 tetigit
667 574 810 643 loculum
834 580 952 663 (porro'
969 577 1025 664 qui
1043 576 1217 664 portabant
1238 577 1353 644 substi-

232 678 355 757 terunt)
377 687 410 742 et
431 679 489 756 ait,
514 673 732 756 Adolescens,
756 676 816 742 tihi
837 679 927 756 dieo,
948 697 1050 764 surge.
1090 677 1139 743 15.
1158 679 1203 744 Et
1222 679 1367 772 resedit]

232 769 290 867 qui
310 789 378 844 erat
396 788 548 856 mortuus,
570 787 603 850 et
623 780 731 864 coepit
751 776 857 866 loqui:
877 788 910 845 et
929 777 1019 844 dedit
1038 776 1127 852 illum
1148 782 1245 844 matri
1265 799 1367 845 suae*

231 882 282 946 16.
311 880 411 966 Cepit
428 877 548 944 'autem
584 898 696 942 omnes
720 880 829 956 timor,
855 888 888 943 et
912 876 1135 964 glorificabant
1153 880 1280 958 Deum,
1306 881 1347 944 di-

230 990 351 1060 eentes,
369 978 534 1066 Propheta
552 999 685 1064 magnus
706 982 842 1044 surrexit
862 981 948 1046 inter
965 1000 1036 1060 nos,
1054 990 1086 1046 et
1107 983 1249 1047 visitavit
1258 982 1344 1047 Deus

163 1089 166 1097 '
229 1081 386 1172 populum
398 1101 498 1145 suum.
539 1078 590 1146 17.
611 1077 654 1148 Et
672 1081 813 1148 manavit
824 1079 877 1144 hio
896 1099 1001 1148 sermo
1018 1101 1077 1170 per
1087 1090 1185 1148 totam
1196 1083 1346 1149 iudaeam

230 1183 274 1250 de
299 1186 381 1271 ipso,
395 1159 435 1248 ‘et
455 1199 582 1250 omnem
598 1179 767 1270 finitimam
784 1182 957 1266 regionem

1366 1329 1367 1356 l

304 1373 377 1435 Luc.
396 1377 443 1439 11.
480 1369 600 1434 Accidit
617 1384 649 1432 ut
669 1373 904 1466 pioficiseeretm·
926 1386 978 1434 sto.
1028 1373 1128 1450 Quum
1156 1371 1188 1432 iu
1212 1374 1344 1434 omnihus
1366 1371 1367 1458 1

230 1449 341 1514 Christi
370 1449 517 1512 miraculis
536 1448 675 1510 tenenda
703 1463 740 1509 srt
770 1449 920 1532 analogia,
951 1471 1037 1531 quam
1062 1449 1150 1510 docet
1171 1451 1343 1524 Matthaeus,

227 1527 361 1600 sciamus,
378 1526 514 1587 iuvenem
532 1525 622 1602 huuc,
641 1529 729 1605 quem
749 1525 881 1588 Christus
900 1547 917 1587 a
935 1537 1030 1587 morte
1049 1527 1202 1601 suscitavit,
1220 1530 1342 1608 speciem

228 1624 292 1666 esse
312 1604 469 1683 spiritualis
488 1602 580 1677 ritae,
600 1621 685 1681 quam
705 1601 793 1665 uobis
812 1603 946 1662 restituit
988 1605 1106 1665 Nomen
1123 1604 1205 1684 urhis
1225 1605 1264 1664 ad
1279 1625 1341 1665 cer-

225 1679 383 1743 titudinem
394 1680 532 1740 historiae
552 1680 631 1739 lacit
668 1679 781 1741 Eodem
801 1679 893 1739 etiam·
906 1678 1035 1760 pertinet
1053 1681 1133 1760 quod
1153 1681 1223 1741 dicit
1235 1681 1340 1752 Meos,
1366 1725 1367 1738 .

225 1757 342 1820 turbam
362 1777 496 1838 magnam
516 1756 653 1835 utrinque
675 1767 827 1834 sequutum
852 1775 927 1816 esse:
952 1775 1018 1816 uam
1039 1767 1068 1816 et
1087 1756 1219 1817 Christus
1240 1759 1340 1817 multos

225 1855 326 1896 secum
349 1833 478 1894 habebat
499 1833 636 1904 comites,
660 1842 691 1891 et
713 1830 797 1890 multi
816 1829 906 1893 officii
926 1853 1009 1896 causa
1032 1832 1214 1893 inducendo
1242 1835 1339 1893 funere

225 1910 343 1972 mulieri
359 1910 491 1970 aderant.
528 1909 592 1968 Tot
610 1908 700 2000 igitur
717 1907 835 1966 testium
846 1907 1084 1990 oculisspectata
1103 1909 1158 1970 luit
1175 1910 1339 1971 adolescen-

223 1989 263 2049 tis
289 1986 481 2060 resurrectio,
510 1996 545 2045 ut
567 1985 686 2045 minrme
705 1983 792 2043 dubia
813 1982 904 2060 luerit
930 1985 990 2045 eius
1014 1986 1093 2046 fides.
1140 1987 1208 2048 Huc
1227 2008 1338 2066 quoque

221 2066 348 2126 accessit
367 2062 426 2122 loci
445 2059 612 2122 celebritas:
632 2061 736 2122 scimus
756 2061 849 2135 enim,
869 2060 982 2123 habitos
1002 2061 1089 2122 tuisse
1108 2064 1138 2122 iu
1157 2067 1252 2144 portis
1271 2085 1336 2124 con-

222 2153 338 2204 ventus.
377 2138 470 2214 Quod
489 2149 586 2198 autem
606 2150 685 2199 extra
703 2138 806 2198 urbem
825 2137 1007 2202 elierebatut
1022 2151 1168 2212 mortuus,
1192 2140 1221 2199 id
1243 2160 1276 2207 ex
1294 2161 1336 2200 re·

223 2229 305 2278 tusto
330 2217 462 2300 gentium
488 2217 618 2276 omniurn
642 2234 726 2275 more
749 2213 848 2275 fiebat.
889 2215 986 2275 Porro
1011 2215 1114 2276 urbem
1131 2215 1207 2278 Nain
1235 2218 1335 2276 Hiero·
1366 2215 1367 2220 '

223 2316 330 2378 nymus
349 2314 400 2354 sua
419 2302 514 2374 aetate
533 2293 626 2352 adhuc
644 2291 829 2384 superstitem
849 2292 938 2353 fuisse
955 2291 1057 2368 tradit,
1081 2293 1195 2355 duobus
1214 2293 1332 2354 millibus
1366 2327 1367 2376 3

223 2372 301 2435 infra
319 2381 452 2431 montem
472 2367 595 2430 Thabor
613 2370 764 2428 merrdiern
784 2388 892 2430 versus.
1141 2385 1145 2394 ’
1366 2377 1367 2444 1

241 2489 249 2512 ,
300 2455 347 2516 12.
390 2445 560 2522 Untgsntm
581 2449 683 2506 mcertis
704 2466 782 2506 suae.
831 2447 912 2505 Haec
935 2444 971 2505 ad
1022 2465 1123 2505 uerum
1146 2447 1329 2508 suscitandum
1366 2451 1367 2490 ἶ

222 2527 299 2590 ratio
320 2523 470 2586 Christum
492 2523 621 2599 induxit,
646 2523 727 2603 quod
750 2521 865 2584 viduam
890 2523 977 2583 unico
1000 2465 1062 2583 ilio
1087 2523 1219 2584 orbatam
1242 2524 1329 2586 videns

223 2604 287 2666 eius
315 2602 450 2660 misertus
476 2609 533 2660 est:
563 2619 661 2678 neque
691 2600 768 2660 enim
798 2599 920 2681 gratiam
948 2619 1037 2660 suarn-
1057 2601 1217 2676 continuit,
1249 2601 1330 2662 donec

223 2677 367 2762 quispiam
386 2685 520 2756 rogaret,
541 2675 786 2766 quemadmodum
811 2673 896 2752 alias,
919 2676 970 2738 sed
990 2677 1120 2735 omnium
1139 2697 1241 2757 preces
1260 2689 1329 2737 ante
1366 2703 1367 2706 ¹

220 2757 321 2826 vertit,
339 2752 483 2831 matrique
503 2751 575 2810 uihrl
595 2750 652 2810 tale
663 2751 839 2830 exspectanti
859 2752 954 2812 reddit
972 2751 1070 2812 filium.
1108 2751 1217 2833 loquo
1231 2754 1329 2814 illustre
1366 2789 1367 2792 =

220 2829 360 2889 habemus
379 2849 392 2888 s
414 2826 530 2888 eculum
548 2827 690 2909 gratuitae
709 2827 770 2885 eius
789 2827 1021 2907 misericordiae,
1045 2829 1113 2888 dum
1136 2851 1191 2890 nos
1211 2851 1227 2890 a
1246 2841 1330 2890 morte

220 2905 354 2967 vivificat
392 2847 535 2964 loculum
560 2902 711 2988 tangendo
737 2901 815 2962 forte
835 2907 991 2966 ostendere
1010 2905 1117 2980 voluit,
1140 2900 1197 2967 sibi
1220 2908 1329 2966 minime

219 2981 341 3042 horrori
362 2979 429 3040 lor!
453 2991 579 3040 mortem
599 2990 628 3039 et
647 2978 829 3058 sepulcrum,
861 3002 920 3060 quo
947 2982 1032 3042 uobis
1055 2982 1142 3044 vitam
1166 2985 1330 3064 acqtffreret
1366 2999 1367 3060 ,

219 3060 262 3124 Et
281 3069 362 3118 certe
381 3077 444 3120 uon
463 3054 575 3115 tautum
596 3075 650 3116 nos
669 3077 757 3116 manu
780 3069 902 3139 tangere
922 3059 1073 3140 dignatur,
1095 3071 1129 3119 ut
1146 3072 1280 3120 mortuos
1297 3060 1329 3118 ri·

217 3135 327 3213 tificet,
340 3133 397 3220 ped
417 3143 450 3191 ut
468 3134 498 3191 iu
512 3132 628 3193 coelum
648 3151 702 3192 uos
722 3132 853 3210 efferret,
874 3136 905 3195 in
924 3135 1088 3216 sepulcrum
1108 3137 1168 3216 ipse
1182 3136 1330 3196 descendit

295 3217 344 3282 14.
380 3207 574 3285 Adolescens,
596 3207 648 3267 tibi
665 3206 740 3268 dicu.
787 3210 851 3271 Hac
879 3231 953 3273 voce
983 3223 1103 3272 testatus
1127 3223 1171 3272 est
1195 3212 1330 3283 Christus,

173 3281 179 3293 ’
220 3301 395 3368 quamvere
421 3284 526 3344 doceat
549 3285 655 3346 Paulus
676 3287 925 3366 (Rom.4,17.),
955 3287 1053 3348 Deum
1075 3307 1181 3350 vocare
1207 3309 1240 3349 ea
1266 3307 1329 3370 quae
1366 3299 1367 3302 ’

218 3384 282 3424 non
301 3374 385 3437 suut,
403 3371 541 3458 tauquam
566 3363 635 3423 sint.
676 3365 826 3423 Mortuum
851 3364 1007 3444 compellat
1031 3376 1061 3424 et
1083 3364 1138 3426 sibi
1163 3365 1330 3426 audientiam

218 3439 300 3513 facit,
318 3450 352 3498 ut
370 3457 448 3496 mors
468 3458 530 3516 rpsa
549 3451 672 3520 repente
691 3439 722 3498 iu
733 3444 821 3502 vitam
834 3452 971 3501 mutetur.
999 3442 1097 3521 Atque
1115 3442 1144 3500 in
1158 3462 1194 3502 eo
1216 3445 1330 3521 primum

217 3517 335 3578 suturae
360 3515 583 3576 resurrectionis
606 3516 719 3576 illustre
747 3517 886 3576 habemus
909 3517 1074 3598 specimen,
1098 3521 1332 3598 quemadmodum

218 3593 338 3655 iubetur
356 3588 583 3672 Ezechiel-(37,
601 3595 661 3671 4.),
680 3595 816 3653 mandare
836 3594 920 3654 aridis
941 3595 1068 3669 ossibus,
1091 3607 1124 3654 ut
1143 3595 1201 3654 Dei
1219 3595 1330 3657 verbum

217 3671 293 3732 susci
316 3669 387 3728 iant:
409 3665 515 3728 deiude
535 3671 622 3729 etiam
642 3671 793 3744 docemur,
812 3670 961 3749 quomodo
981 3689 1036 3730 nos
1054 3671 1242 3763 spiritualiter
1251 3671 1330 3732 Chri-

218 3757 283 3808 stus'
295 3691 356 3804 ide
367 3741 501 3820 vivificet,
521 3766 627 3827 nempe
639 3747 707 3806 dum
727 3753 861 3806 arcanam
880 3747 974 3808 verbo
991 3766 1045 3806 suo
1057 3758 1192 3809 vrrtutem
1212 3748 1328 3818 instillat,
1366 3737 1367 3816 1

144 3893 148 3902 ,
216 3833 252 3881 ut
270 3839 363 3955 usique
382 3819 418 3878 ad
437 3833 567 3884 mortuas
592 3821 700 3883 anima‘s
724 3833 876 3904 penetret,
922 3823 1144 3889 uemadruodum
1170 3824 1329 3905 pronuntiat
1366 3851 1367 3910 ,

216 3897 280 3964 ise
318 3895 420 3956 oannis
438 3903 472 3970 5,
490 3899 681 3974 25-„Veuit
703 3844 938 3979 hora,.quani0
968 3903 1075 3961 mortui
1099 3901 1327 3966 audieutvocem
1366 3957 1367 3960 ,

243 3973 286 4034 ilii
304 3973 374 4049 Dei,
396 3983 426 4033 et
445 3973 495 4052 qui
514 3975 671 4051 audierint,
689 3975 796 4038 vivent.

293 4053 341 4115 16.
383 4049 463 4126 Cepit
479 4065 574 4111 meum
591 4073 688 4112 moetas
704 4055 799 4112 tueor.
838 4052 990 4113 Timorem
1002 4071 1100 4115 secum
1113 4053 1218 4116 afferat
1229 4053 1329 4115 divinae

216 4125 400 4202 praesentiae
419 4147 519 4190 seusus
538 4147 657 4189 necesse
669 4141 724 4206 est,
742 4129 794 4189 'sed
813 4128 871 4190 hoc
890 4131 1012 4189 interest
1029 4131 1107 4190 iuter
1120 4131 1233 4211 species
1248 4131 1329 4190 timo-
1366 4147 1367 4172 ¹

216 4197 267 4271 tis,
286 4201 367 4278 quod
384 4203 586 4266 ineredulivel
605 4205 640 4266 ad
660 4217 810 4285 stuporem
829 4224 921 4285 usque
941 4218 1142 4285 expavescunt,
1160 4206 1205 4269 vel
1224 4218 1329 4267 terrore

216 4275 499 4408 perculsi‘fremunt
524 4293 627 4343 contra
646 4281 760 4342 Deumr
785 4282 827 4360 pii
842 4293 947 4342 autem
971 4293 1002 4342 et
1025 4283 1153 4364 religiosi
1167 4282 1329 4343 reverentia

188 4376 192 4384 ·
232 4357 288 4408 acu
307 4363 413 4430 sponte
432 4375 464 4418 se
482 4355 645 4424 humiliant.
684 4359 791 4425 Times·
800 4379 871 4442 ergo
890 4357 987 4422 hicira
1007 4357 1113 4422 bonam
1132 4371 1245 4440 partem
1263 4357 1329 4422 acci-

219 4462 224 4470 a
