2824 4756
500 275 649 354 (tt—18.
668 273 826 354 Pastores.)
1191 279 1228 342 61

89 423 195 484 minus
220 418 364 482 extraneis
391 437 476 500 quam
503 411 685 494 domesticis,
708 417 816 500 Ephes.
841 425 1031 502 cap.2,17.
1070 417 1132 482 Sed
1161 419 1230 500 quia

89 519 190 580 usque
223 498 260 558 ad
287 496 397 558 Christ?
423 496 669 557 resurrectionem
696 495 846 576 peculiare
874 508 936 558 erat
958 497 1062 571 foedus
1086 519 1154 562 curu
1178 497 1230 558 lu·

10 643 11 646 ¹
91 575 195 650 dacis,
215 575 283 635 ideo
302 570 434 656 Angelus
454 592 505 633 eos
524 592 539 632 a
557 571 679 652 reliquis
699 571 837 653 gentihus
856 585 1001 656 segregat.
1310 638 1313 643 ,

10 669 11 686 ¹
173 658 223 716 11.
260 649 357 710 Nactus
379 663 420 710 est
437 646 515 709 uubis
531 645 625 710 lodie.
662 649 721 709 Hic
747 643 922 730 exprimitur*
943 670 1026 710 causa
1050 649 1163 731 gaudii,
1186 653 1227 714 si-

92 730 159 788 cuti
189 747 284 808 nuper
306 725 526 786 admonuimus:
556 745 664 806 nempe
689 725 758 806 quia
783 736 867 786 natus
891 725 929 785 sit
951 725 1135 808 Redemptor·
1155 727 1232 792 olim

91 803 274 886 promissus,
300 803 348 882 qui
372 803 431 862 Dei
456 801 618 863 Ecclesiam
643 803 674 862 in
698 813 805 864 statum
831 823 916 862 suurn
943 803 1084 862 restituat
1121 805 1228 886 Neque

92 882 178 940 enirn
198 891 332 960 tanquam
355 879 391 938 de
416 899 448 938 re
475 899 595 960 prorsus
619 879 721 962 ignota
747 877 880 957 loquitur
897 877 1047 962 Angelus,
1069 877 1120 945 sed
1146 880 1228 964 lega-

93 957 190 1018 tionis
209 977 275 1018 suae
296 955 448 1017 exordium
469 975 503 1014 ex
520 955 603 1037 Lege
623 968 653 1016 et
671 953 828 1034 Prophetis
848 955 950 1032 sumit,
971 957 1039 1034 quia
1057 955 1134 1034 apud
1153 976 1228 1050 gen·

93 1034 164 1094 tiles
185 1044 215 1092 et·
232 1031 373 1112 profanos
394 1031 447 1092 huc
466 1031 608 1112 loquendi
627 1031 752 1092 formula
772 1030 879 1092 frustra
898 1053 966 1092 usus
981 1035 1073 1092 essetl
1095 1031 1229 1096 Christus

53 1117 57 1123 ⁴
91 1109 243 1170 Dominus
263 1106 413 1169 natusest
431 1107 515 1168 tobis
536 1107 680 1168 Salvator.
719 1107 829 1168 Eadem
857 1127 976 1188 quoque
1003 1107 1079 1168 latio
1108 1119 1152 1170 est
1177 1131 1229 1172 eur

92 1197 320 1260 commemoret,
341 1197 444 1245 natum
463 1204 525 1245 esse
545 1184 576 1244 in
593 1185 670 1245 urhe
690 1183 899 1264 Daridrvq'ucd
918 1203 1129 1268 supervacuum
1149 1185 1229 1246 soret

92 1263 151 1322 nisi
172 1262 208 1322 ad
227 1262 428 1322 renovandam
447 1260 676 1342 promissionum
699 1258 888 1342 memoriam,
913 1281 989 1342 quae
1015 1263 1119 1342 passim
1140 1273 1230 1323 notae

91 1350 124 1398 et
145 1337 279 1400 celebres
299 1349 383 1398 erant
402 1337 627 1418 interludaoos.
664 1338 803 1417 Denique
813 1337 944 1419 Angelus
957 1357 1124 1408 sernmnem
1144 1361 1229 1400 suum

10 1469 11 1474 ,
91 1413 278 1476 auditoribus
313 1414 440 1495 aptarit,
483 1414 533 1496 qui
571 1413 731 1497 promissae
766 1413 978 1476 redemtionis
1007 1435 1071 1476 non
1108 1437 1231 1496 prorsus

64 1489 190 1573 ,ignari
218 1501 318 1564 erant,
344 1491 585 1572 etEvangelium
610 1513 675 1552 cum
695 1489 782 1572 LegIs
807 1502 837 1550 et
882 1490 1070 1572 rophetarum
1091 1491 1228 1554 doctrina

92 1567 265 1642 coniunxit,
290 1566 375 1626 sicuti
401 1588 436 1626 ex
462 1587 498 1627 eo
525 1567 609 1628 tonte
634 1579 742 1628 nranat
789 1567 890 1642 Quum
913 1579 1009 1628 autem
1041 1569 1131 1644 σωτήρ
1161 1569 1227 1652 plus

93 1644 219 1705 Graecis
240 1644 396 1724 exprimat,
415 1655 490 1706 teste
511 1644 676 1719 Cicerone,
696 1664 780 1724 quam
801 1643 911 1704 Latinis
931 1644 1082 1721 Servatur,
1101 1667 1158 1710 nee
1178 1643 1232 1706 ex-'

93 1733 153 1782 stet
178 1731 288 1782 nomen
307 1721 444 1782 Latinum
471 1721 550 1802 quod
577 1721 619 1782 illi
646 1720 838 1814 respondeat,
863 1719 950 1782 satius
975 1719 1157 1784 mtttvisum
1183 1735 1228 1786 est

92 1797 219 1858 barbare
245 1796 343 1877 loqui,
369 1815 456 1878 quarn
482 1819 515 1860 ex
541 1798 651 1860 Christi
676 1808 784 1858 virtute
809 1796 918 1877 aliquid
948 1796 1119 1862 diminuere.
1162 1801 1227 1862 Nec

93 1873 209 1948 dubito,
228 1875 299 1966 quin
319 1875 397 1934 idem
416 1875 535 1958 vulgato
552 1877 712 1957 ¹interpreti
733 1886 763 1934 et
782 1875 902 1934 vetustis
921 1873 1071 1938 Ecclesiae
1092 1875 1226 1938 doctori-

93 1949 148 2012 bus
169 1951 259 2012 luent
278 1951 442 2012 consilium.
480 1951 618 2013 Salvator·
637 1973 709 2036 ergo
735 1951 843 2012 dicitur
862 1949 1013 2026 Chiistus·‚
1039 1955 1089 2034 qui
1109 1953 1227 2035 plenam

93 2027 217 2088 salutem
237 2028 363 2088 confert.
401 2029 463 2090 Iam
484 2042 515 2090 et
534 2051 701 2110 pronomen
713 2026 792 2089 undu
804 2047 939 2110 magnam
953 2027 1046 2090 habet
1061 2030 1226 2111 emphasin:

93 2105 164 2185 quia
178 2124 245 2175 mun
264 2122 446 2196 magnopere
466 2105 578 2166 iuvaret
595 2106 711 2178 audire,
735 2117 836 2166 uatum
861 2124 922 2164 esse
941 2103 1042 2167 salutis
1062 2121 1226 2183 auctorem,

95 2181 151 2242 nisi
177 2181 299 2261 quisque
324 2181 380 2242 siba
407 2194 507 2241 uatum
528 2202 590 2242 esse
616 2186 784 2244 constituat.
823 2182 858 2240 In
880 2179 957 2242 huuc
980 2183 1100 2244 modum
1120 2185 1225 2248 Iesaias

50 2307 54 2313 .
94 2275 156 2337 cap.
175 2269 215 2343 9,
229 2265 268 2330 6.,
287 2257 368 2316 Puer
387 2269 471 2318 natus
491 2269 535 2317 est
554 2257 656 2332 nobis,
675 2259 751 2318 iilius
771 2257 854 2317 datus
875 2268 919 2321 est
939 2257 1033 2319 nobis.
1071 2261 1149 2326 Item
1168 2263 1229 2322 Za-

93 2333 204 2395 charias
223 2356 254 2394 ca
277 2375 284 2392 ·
304 2340 334 2404 9,
354 2339 394 2408 6.,
412 2334 490 2394 Ecce
509 2334 570 2392 Rex
590 2346 657 2394 tuus
676 2335 757 2395 venit
776 2333 830 2394 tihi
852 2355 907 2412 pau
932 2352 972 2392 er.

10 2399 12 2411 ἱ
171 2415 218 2474 1‘2.
256 2353 298 2468 ht
325 2405 379 2468 doc
405 2407 484 2468 uodr‘s
512 2414 636 2484 siguum.
677 2409 788 2470 Obviat
817 2353 950 2489 Angelis
979 2409 1133 2486 scandalo,
1165 2433 1226 2492 quo

92 2486 183 2545 sidem
208 2495 360 2576 pastorum
384 2484 519 2564 impediri
544 2486 629 2546 tacite
660 2497 736 2545 erat:
767 2484 852 2564 quale
878 2483 957 2544 euim
983 2482 1140 2548 ludibrium
1173 2501 1228 2566 est,

92 2561 188 2622 videri
214 2583 245 2620 rn
272 2560 407 2641 praesepi
432 2561 592 2636 iacentem,
618 2563 669 2642 qui
686 2570 709 2621 'a
729 2562 795 2621 Deo
811 2561 877 2618 ‘Rex
896 2561 998 2622 missus
1018 2562 1055 2622 sit
1075 2574 1105 2624 et
1124 2565 1227 2639 unicus

93 2637 250 2700 Salvator?
288 2637 370 2718 Ergo
395 2649 511 2698 ne-tanr
531 2638 594 2700 vilis
620 2651 650 2699 et
672 2638 785 2698 abiecta
805 2636 917 2698 Christi
942 2638 1074 2700 conditio
1095 2653 1227 2721 pastores

93 2738 110 2776 a
132 2715 241 2776 Christi
261 2714 319 2774 fide
338 2713 516 2789 absterreat,
542 2716 684 2796 praedicit
709 2714 763 2776 illis
782 2713 931 2796 Angelus,
979 2716 1027 2775 uid
1046 2717 1134 2780 visuri
1158 2723 1226 2780 sint.

11 2851 13 2858 ,
93 2795 192 2872 Atque
213 2792 291 2852 hunc
311 2791 456 2864 ordinem,
476 2793 526 2872 qui
546 2793 687 2853 absurdus
708 2804 738 2852 et
756 2812 850 2874 prope
870 2734 1009 2853 ridicuius
1022 2792 1113 2856 rideri
1128 2811 1229 2880 posset

92 2869 219 2930 lrurnnno
245 2867 354 2938 iudicio
399 2870 533 2947 quotidie
557 2869 705 2930 Dominus
729 2889 798 2952 erga
829 2889 884 2930 nus
911 2881 1006 2930 tenet.
1044 2872 1124 2940 Nam
1151 2895 1226 2936 voce

91 2945 243 3027 Evangelii
263 2965 280 3004 e
299 2909 386 3005 coeio
407 2946 529 3008 demissa
543 2947 691 3010 Christum
713 2946 879 3008 crucifixum
899 2965 954 3006 rios
973 2946 1110 3028 amplecti
1129 2949 1224 3028 iubet,

93 3032 125 3081 et
143 3021 224 3104 signa
265 3024 385 3102 ropouit
404 3022 434 3081 in
456 3024 592 3084 terrenis
607 3045 642 3086 ac
669 3024 784 3086 caducis
810 3022 980 3099 elementis,
1008 3045 1082 3106 quae
1110 3049 1164 3092 nos
1190 3031 1222 3092 in

92 3097 214 3179 gloriam
239 3044 341 3159 beatae
367 3098 596 3162 immortalitatis
622 3101 771 3161 extollant.
809 3099 855 3162 Ita
879 3121 892 3160 s
916 3098 1058 3162 iritualem
1083 3105 1223 3171 iustitiam

93 3175 177 3235 uobis
197 3174 356 3256 pollicitus,
375 3175 532 3254 pauxillum
552 3197 645 3257 aquae
663 3177 750 3238 nobis
763 3187 830 3237 ante
843 3120 946 3238 ocuios
961 3179 1060 3258 ponit,
1071 3194 1222 3246 aeternam

93 3251 206 3311 animae
225 3253 312 3312 vitam
334 3253 438 3330 exiguo
459 3255 542 3332 panis
563 3266 592 3314 et
611 3253 670 3313 vini
689 3265 777 3346 gustu
798 3251 942 3335 obsignat.
983 3253 1101 3328 Quodsi
1142 3273 1222 3322 aste-

93 3349 139 3388 res
157 3329 278 3388 minime
292 3326 421 3388 offendit
434 3329 589 3400 stabulum,
603 3351 757 3411 quominus
773 3342 803 3390 et
816 3329 937 3399 salutem
951 3343 1054 3412 petant
1064 3357 1079 3394 a
1090 3281 1223 3410 Christo,

93 3406 203 3466 eteius
222 3405 317 3466 adhuc
336 3404 457 3464 infantis
481 3406 607 3487 imperio
632 3427 664 3468 se
688 3407 875 3480 submittant,
899 3407 1011 3468 nullum
1039 3408 1222 3490 quantumvis

91 3481 313 3563 contemptibile
332 3480 449 3574 signum
469 3482 627 3544 obscurare
645 3483 723 3564 apud
743 3503 796 3545 nos
809 3483 870 3543 eius
882 3484 1007 3622 gloriam
1029 3487 1128 3564 debet,
1148 3491 1221 3570 quin

91 3557 206 3632 saltem,
226 3579 260 3618 ex
280 3579 339 3638 quo
361 3577 422 3639 rpse
442 3557 471 3617 in
493 3559 610 3620 coelum
629 3559 778 3636 ascendit,
799 3572 879 3624 etse
902 3573 932 3622 et
949 3562 985 3624 ad
1004 3563 1100 3626 Patris
1121 3567 1221 3627 dexte·

44 3645 49 3658 ‘
91 3655 167 3712 ram,
190 3635 340 3694 humiliter
359 3657 424 3694 eum
445 3637 609 3698 adoremus.
997 3705 1003 3716 ,
1224 3641 1226 3646 ’

167 3717 214 3777 13.
253 3709 354 3772 Subito
373 3708 465 3796 effluit
482 3711 641 3774 errultituclo.
670 3713 812 3782 ,Tametsi
837 3713 868 3775 in
887 3715 1007 3798 Angelo
1025 3739 1087 3778 uuo
1103 3717 1222 3780 exhibi-

92 3799 155 3848 tum·
183 3789 279 3856 iuerat
303 3792 453 3868 specimen
479 3790 567 3851 divini
593 3791 732 3873 fulgoris,
762 3789 855 3852 votuit
885 3803 984 3854 tanuen
1007 3794 1089 3855 Deus
1112 3795 1221 3856 Filium

13 3857 18 3884 ³
91 3886 172 3924 suum
195 3864 375 3946 splendidius
400 3887 522 3926 ornare:
551 3887 649 3946 neque
673 3868 703 3928 id
728 3868 759 3926 in
786 3881 917 3932 nostram
947 3868 1042 3931 nrinus
1069 3893 1158 3950 quam
1188 3873 1219 3933 iu

92 3953 238 4075 pastorum
258 3943 520 4004 confirmationem.
542 3943 633 4024 Apud
646 3944 780 4005 homiues
796 3945 980 4008 duorumvel
999 3947 1089 4016 trium
1101 3948 1220 4011 testium
1316 3973 1318 3980 ’
1399 3973 1402 3984 ’

112 4019 160 4079 des
179 4019 215 4080 ad
240 4019 402 4080 tollendam
422 4019 638 4082 dubitationem
657 4021 782 4096 suflicit,
806 4024 886 4115 atqui
911 4023 1048 4084 coelestis
1074 4025 1219 4086 exercitus

86 4115 149 4154 uno
168 4115 314 4158 consensu
334 4109 365 4156 et
384 4118 441 4158 una
460 4115 535 4158 voce
555 4098 754 4159 testimonium
775 4101 872 4159 reddit
883 4099 960 4160 Filio
972 4098 1040 4160 Dei.
1081 4101 1220 4176 Quantae

91 4169 177 4252 igitur
195 4172 374 4254 pervicaciae
393 4171 482 4247 soret,
502 4177 652 4238 communi
670 4173 855 4256 Angelorum
875 4175 986 4258 elogio,
1006 4195 1066 4256 quo
1087 4176 1234 4242 celebra-¹

13 4279 14 4310 r
90 4257 136 4305 tur
154 4261 254 4310 nostra
274 4250 305 4309 in
317 4249 436 4312 Christo
456 4251 542 4328 salus,
563 4271 625 4311 nou
644 4253 817 4314 succinere?
839 4253 925 4320 Unde
942 4251 1117 4337 colligimus,
1130 4279 1217 4338 quant
1282 4291 1312 4305 «-

91 4323 262 4396 detestabilis
281 4326 349 4386 Deo
368 4325 407 4388 sit
426 4327 628 4402 incredulitas,
648 4349 723 4408 quac
742 4348 858 4390 suavem
880 4327 954 4390 hanc
974 4331 1051 4392 coeli
1072 4345 1103 4394 et
1120 4345 1218 4396 terrae
1330 4347 1337 4358 '

29 4403 35 4413 ’
90 4396 264 4465 harmoniam
284 4402 392 4467 turbat.
431 4403 574 4500 Rursum,
601 4406 778 4516 plusoquam
804 4403 927 4466 belluini
946 4410 1074 4491 stuporis
1093 4412 1217 4474 eonvio-
