2808 4748
205 227 294 300 m
533 229 536 237 ·
614 237 615 242 ¹
656 213 808 288 SECTIO
829 225 882 312 vt.

205 372 339 438 merenti
381 367 541 442 Habebunt
558 367 661 430 ludaei
685 367 821 450 obliquas
846 369 893 432 vel
916 368 1086 445 indirectas,
1105 381 1138 431 ut
1157 369 1187 432 lo
1209 383 1337 448 nnntur,
1395 389 1396 394 ¹

92 523 99 530 ,
204 450 320 512 iurandi
339 447 460 524 formas:
480 458 512 506 et
529 467 619 526 quum
638 445 842 530 iurarent'per
860 446 993 522 coelum,
1016 459 1139 522 terram,
1162 391 1209 509 rel
1228 447 1337 524 altare,

204 529 264 588 boc
288 527 352 586 sere
370 546 428 606 pro
452 521 544 583 nihilo
565 521 725 584 ducebant:
752 532 782 584 et
805 522 1049 604 quemadmodum
1067 525 1168 586 vitium
1191 525 1270 586 aliud
1299 546 1335 586 ex

205 605 262 666 alio
287 603 428 674 nascitur,
459 599 516 662 boc
546 599 649 660 colore
679 599 818 662 secabant
845 600 940 660 minus
966 621 982 660 a
1005 611 1095 662 ertam
1120 602 1245 664 nominis
1271 602 1333 663 Dei
1395 605 1396 608 ’

204 679 451 762 profanationem.
487 677 585 737 'Huic
616 674 690 736 vitio
722 687 922 738 ut¹occurrat
953 621 1107 755 Ciristur,
1144 679 1333 759 pronuntiat,

206 757 329 819 omnino
360 775 422 814 non
451 773 513 814 esse
538 753 691 814 iurandum
714 751 761 815 vel
785 752 843 814 boc
866 754 914 812 vel
937 753 989 814 illo
1012 755 1121 829 modo,
1151 775 1248 834 neque
1274 777 1333 836 per

152 831 169 856 ²
206 833 332 914 coelum,
350 850 446 911 neque
458 851 512 911 per
525 841 644 904 terram,
655 840 710 890 etc.
741 829 830 890 Unde
843 828 1019 912 colligimus,
1031 832 1332 922 particulamomoino

206 931 268 970 non
288 909 324 969 ad
341 907 548 982 substantiam,
572 907 623 966 sed
644 905 680 965 ad
700 906 825 966 sormam
844 907 963 968 referri:
987 926 1047 968 acsr
1067 908 1198 982 dixisset,
1221 911 1331 988 Neque
1395 887 1396 976 l

206 987 330 1058 directe,
344 1004 442 1064 neque
455 984 607 1043 indirecte.
626 980 694 1042 Atio
717 983 746 1041 ui
765 1003 974 1065 supervacuum
985 995 1047 1052 erat
1064 986 1177 1064 speeies
1196 984 1265 1046 istas
1280 1007 1328 1046 re-

206 1082 340 1124 censere:
351 1062 440 1140 quare
450 1081 507 1120 una
519 1081 584 1120 cum
590 1003 962 1121 rixandllrbrdrnecressam
968 1060 1110 1122 inscitiam
1119 1061 1332 1143 Anabaptistae

203 1137 345 1220 produnt,
362 1137 430 1196 dum
441 1155 542 1198 vocem
554 1152 639 1194 unam
651 1155 768 1196 morose
781 1136 915 1218 urgendo
932 1148 1026 1206 totum
1036 1139 1178 1198 sermonis
1190 1149 1328 1198 tenorem
1393 1153 1394 1164 ¹

204 1215 316 1296 clausis
332 1213 424 1275 oculis
449 1223 647 1293 praetereunt.
690 1210 723 1270 Si
744 1211 807 1294 quis
830 1211 966 1290 obiiciat,
989 1213 1102 1272 nullum
1127 1214 1329 1296 iusiurandum

204 1316 220 1354 a
241 1289 361 1354 Christo
383 1289 522 1372 permitti.
559 1287 756 1368 despondeo,
784 1309 819 1350 ex
841 1289 930 1371 Legis
954 1290 1122 1352 intentione
1147 1290 1257 1352 debere
1281 1292 1328 1352 in·

202 1367 313 1448 telligi,
344 1365 424 1446 quod
449 1365 521 1425 dicit
544 1365 605 1425 eius
628 1366 782 1444 interpres.
819 1364 946 1443 ‚Summa
964 1383 1034 1446 ergo
1060 1365 1117 1427 huc
1140 1367 1232 1444 redit,
1264 1367 1353 1445 aliis¹

113 1491 117 1502 ,
201 1447 299 1518 ηαδ),
324 1442 430 1504 frustra
449 1442 510 1502 acci
532 1439 619 1502 illei
643 1461 752 1502 nomen
774 1463 860 1522 qoam
883 1443 1053 1522 peierando.
1091 1443 1165 1504 Ideo
1189 1443 1225 1504 ab
1247 1445 1330 1505 omni

200 1521 351 1605 superflua
373 1519 489 1580 iurandi
512 1463 631 1580 dicentia
654 1518 859 1596 abstinendum
886 1539 962 1582 esse:
988 1541 1055 1580 nam
1079 1520 1130 1580 ubi
1153 1521 1228 1582 iusta
1251 1522 1328 1584 ratio

203 1601 301 1684 cogit,
331 1598 393 1658 Lert
416 1617 479 1656 non
503 1596 593 1656 modo
636 1595 757 1656 ermittit
780 1595 893 1672 iurare,
921 1596 972 1658 sed
993 1595 1101 1658 diserte
1126 1596 1210 1670 etiam
1234 1598 1350 1659 iubet¹

201 1675 307 1756 ltaque
328 1673 399 1733 nibil
418 1671 476 1734 sibi
493 1617 675 1734 alludvoluit
694 1672 839 1747 Christus,
858 1671 1064 1753 quamsillicita
1084 1693 1145 1734 esse
1164 1675 1326 1735 iuramenta
1395 1727 1396 1730 ,

202 1753 311 1824 omnii,
331 1769 406 1831 quae
424 1769 538 1810 sacrum
556 1749 615 1809 Dei
633 1769 743 1809 nomen
763 1748 854 1812 abusu
872 1749 970 1829 aliquo
988 1749 1158 1830 profanant,
1169 1751 1257 1814 *cuius
1278 1771 1327 1812 re·
1395 1817 1396 1826 χ

118 1889 120 1892 .
201 1829 349 1892 verentiae
369 1827 478 1890 servire
491 1825 662 1888 debuerant
698 1825 801 1906 Neque
813 1847 872 1902 per
888 1825 998 1888 eosdm
1015 1839 1067 1890 etc.
1105 1827 1258 1890 Falluutur
1278 1829 1327 1908 qui
1395 1839 1396 1844 ’

203 1917 368 1988 exponunt,
391 1903 442 1964 bas
462 1903 575 1964 iurandi
599 1898 708 1964 iorm'as
729 1923 745 1964 a
765 1902 884 1971 Christo
905 1903 1014 1986 corrigi
1033 1904 1113 1994 quasi
1133 1904 1264 1979 vitiosas,
1289 1926 1324 1965 eo
1395 1929 1396 1940 ¹

202 1983 284 2070 quod
303 1999 356 2064 per
375 1980 469 2042 solum
480 1979 575 2039 Deum
596 1979 748 2040 iurandum
759 1979 805 2039 sit.
842 1977 982 2042 Rationes
1001 2001 1089 2055 emm,
1110 2002 1179 2059 quas
1198 1981 1327 2056 adducit,

201 2061 293 2142 magis
312 2081 343 2118 m
363 2056 541 2118 contrariam
560 2067 670 2136 partem
691 2054 849 2132 inclinant,
873 2057 962 2136 quod»
980 2055 1094 2116 scilicet
1111 2069 1182 2117 tunc
1206 2079 1327 2140 qnoque

201 2139 316 2198 iuretur
335 2154 389 2215 per
407 2153 517 2194 nomeu
537 2133 609 2208 Dei,
634 2154 723 2212 quum
739 2131 860 2198 'eoelum
880 2143 911 2193 et
934 2143 1011 2194 terra
1032 2134 1234 2196 nominantur:
1260 2136 1327 2214 quia

202 2212 282 2274 nulla
302 2225 346 2271 est
385 2208 568 2287 aesmundi,
594 2209 641 2271 cui
659 2209 739 2270 Deus
764 2229 826 2268 non
849 2209 1034 2290 insculpserit
1053 2211 1163 2292 gloriae
1182 2231 1250 2271 suae
1269 2233 1325 2293 no-

201 2303 270 2355 tan.
315 2231 441 2348 Vidpe‘tur
468 2298 567 2350 mmen
597 2287 670 2348 baec
697 2286 843 2348 sententia
871 2306 933 2346 non
961 2306 1127 2368 congruere
1151 2309 1219 2348 cum
1239 2289 1341 2369 begis¹

201 2363 629 2450 praceepto,.ubiDeus1per
649 2382 758 2425 nomen
777 2385 862 2428 suum
884 2363 982 2426 iurare
1002 2363 1109 2426 directe
1132 2363 1231 2426 iubete
1250 2365 1325 2424 item
1395 2383 1396 2402 ¹

201 2467 269 2508 cum
289 2456 336 2506 tot
355 2443 524 2522 Scripturas
544 2440 637 2518 locis,
646 2440 698 2502 ubi
718 2441 923 2521 conqueritur,
943 2439 1077 2502 iniuriam
1096 2441 1152 2502 sibi
1171 2440 1234 2502 fieri
1254 2463 1326 2520 quo·
1395 2485 1396 2494 ,

201 2522 257 2582 ties
280 2522 392 2584 iuratur
415 2537 470 2601 per
494 2531 650 2582 creaturas.
693 2517 890 2598 Respondeo,
921 2517 1205 2598 corruptelamesse
1228 2516 1319 2578 idolo·
1395 2527 1396 2590 }

201 2599 303 2660 latriae
322 2597 455 2672 affinem,
475 2616 565 2675 quum
585 2596 631 2657 vel
650 2594 750 2656 iudicii
765 2605 912 2728 potestas,
937 2591 983 2654 vel
1002 2593 1162 2655 testimonii
1181 2593 1324 2674 probandi
1395 2637 1396 2658 .

202 2675 360 2736 auctoritas
384 2672 440 2732 illis
467 2673 612 2732 defertur:
642 2683 761 2734 sectan
785 2691 816 2729 us
847 2682 891 2732 est
915 2670 994 2730 enim
1024 2671 1088 2750 ipse
1111 2669 1225 2734 iurandi
1248 2671 1324 2746 sunm,
1393 2737 1394 2740 Ἴ

100 2791 113 2812 ,
201 2751 283 2842 quod
302 2749 414 2810 scilicet
433 2747 565 2808 homines
585 2693 735 2828 appellant
752 2745 849 2804 Deum
870 2747 1008 2825 perfidiae
1026 2747 1153 2808 ultorem
1173 2760 1204 2806 et
1220 2749 1325 2811 verita·-

201 2840 239 2887 trs
256 2825 430 2906 praesidem.
469 2824 526 2883 llic
546 2823 645 2885 bonor
663 2823 721 2884 alio
741 2821 893 2882 transferri
904 2827 1018 2903 nequit,
1037 2822 1108 2904 quin
1128 2825 1253 2884 violetur
1263 2823 1324 2885 eius

201 2901 345 2966 maiestas.
383 2901 447 2962 ldae
471 2899 585 2961 ratione
611 2899 683 2961 dicit
705 2896 885 2978 Apostolus,
912 2920 973 2960 non
997 2900 1056 2961 rite
1080 2901 1167 2962 iurari
1191 2900 1246 2962 nisi
1271 2920 1324 2980 per

8 2987 10 2996 ’
112 3019 116 3026 1
201 2979 360 3052 maiorem,
384 2989 415 3038 et
434 2977 492 3038 boo
510 2977 566 3038 soli
584 2975 653 3036 Deo
672 2995 736 3038 ‚esse
756 2975 923 3110 proprium,
948 2989 980 3036 ut
999 2999 1054 3056 per
1072 2997 1103 3038 se
1127 2977 1221 3057 ipsum
1239 2978 1324 3038 iuret.

201 3057 249 3116 Ita
265 3053 397 3135 quisquis
417 3054 489 3116 olim
511 3073 566 3134 per
585 3051 706 3112 Molocb
725 3072 760 3110 ve
797 3071 850 3130 per
876 3051 953 3114 aliud
973 3055 1084 3116 idolu'm
1108 3053 1237 3126 iurabat,
1260 3065 1325 3113 tau·
1395 3097 1396 3114 .

201 3133 324 3198 tundem
348 3131 499 3211 minuebat
522 3151 557 3189 ex
574 3129 638 3204 iure
655 3128 730 3203 nei,
755 3127 835 3221 quod
860 3128 948 3206 alipm
967 3132 1029 3192 eius
1052 3130 1123 3192 loeo.
1139 3130 1325 3192 substitueret
1395 3167 1396 3210 p

202 3208 337 3268 cordium
358 3208 545 3290 cognitorem
565 3218 596 3265 et
615 3204 740 3266 iudicem
760 3227 792 3266 ru
811 3206 928 3278 animas.
965 3207 1006 3268 Et
1024 3207 1112 3268 bodie
1133 3209 1182 3299 qui
1201 3227 1254 3287 per
1271 3228 1324 3268 au·
1395 3233 1396 3238 ¹

202 3283 286 3366 gelos
304 3285 351 3345 vel
370 3295 485 3345 sanctos
504 3295 636 3345 mortuos
656 3283 769 3358 iurant,
790 3281 917 3362 spoliato
937 3284 1006 3345 Deo
1030 3285 1117 3344 inane
1141 3283 1197 3346 rllis
1215 3303 1325 3344 numen

202 3361 356 3443 affingunt.
393 3361 517 3424 Diversa
534 3372 631 3421 autem
655 3360 731 3421 ratio
752 3371 810 3431 est,
836 3381 925 3439 quum
952 3381 1006 3441 per
1029 3361 1146 3422 coelum
1166 3373 1198 3422 et
1218 3372 1327 3422 terram

201 3439 314 3498 iuratur
337 3437 425 3517 ipsius
450 3437 562 3517 opificis
587 3437 702 3498 intuitu.-
747 3437 852 3514 Neque
879 3439 956 3496 entim
981 3438 1011 3498 in
1037 3438 1175 3498 creaturis
1199 3436 1329 3500 subsistit

189 3514 388 3575 'iurisiurandi
408 3513 530 3596 religio,
550 3513 601 3576 sed
616 3515 698 3576 Deus
718 3512 780 3594 ipse
799 3513 877 3574 solus
898 3513 1056 3576 advocatur
1074 3515 1103 3574 in
1123 3525 1238 3587 testem,
1257 3535 1327 3594 pro-

132 3641 135 3648 .
204 3591 299 3653 ductis
318 3591 349 3650 in
374 3591 503 3652 medium
522 3590 634 3674 gloriae
648 3592 715 3651 -eius
735 3589 884 3682 symbolis.
927 3591 1023 3652 Porro
1047 3591 1156 3652 o'oclum
1175 3591 1326 3670 Scriptura

202 3670 263 3729 Dei
281 3667 387 3729 solium
406 3680 510 3743 vocat,
536 3689 598 3728 uon
618 3669 697 3748 quod
718 3667 777 3728 illuc
796 3667 836 3726 sit
855 3666 999 3746 inclusus,
1014 3669 1069 3730 ‘sed
1089 3679 1123 3727 ut
1140 3667 1252 3729 discant
1269 3665 1325 3726 ho·
1395 3673 1396 3740 ξ

8 3735 9 3770 l
107 3773 112 3780 ·
202 3746 296 3807 mines
328 3762 440 3807 sursum
471 3757 585 3806 mentes
616 3744 767 3818 attollere,
799 3743 914 3822 quoties
940 3745 976 3806 de
1002 3745 1066 3824 ipso
1098 3745 1243 3828 cogitant,
1271 3763 1326 3804 nec

204 3823 358 3903 quicquam
380 3822 605 3884 aerenumset
631 3821 739 3882 humile
752 3821 801 3882 de
824 3820 889 3899 ipso
916 3822 1136 3902 imaginentur..
1165 3822 1230 3882 Imo
1244 3833 1325 3902 *emo

200 3899 362 3960 scabellum
382 3897 489 3992 pedum
510 3899 571 3960 cius
590 3898 658 3960 ideo
678 3887 815 3972 vocatur}
836 3908 870 3956 ut
887 3901 1011 3962 sciamus
1024 3899 1122 3978 ipsum
1141 3897 1251 3978 ubique
1271 3895 1324 3956 dit.
1395 3927 1396 3974 l

198 3976 300 4037 iusum
319 3974 406 4036 uullrs
422 3975 560 4036 locorum
578 3977 678 4056 spatiis
698 3976 769 4058 capi.
808 3973 1030 4054 Hierosolymo
1046 3975 1184 4036 sauctitas
1199 3994 1237 4034 ex
1256 3971 1344 4053 pros*
1395 3999 1396 4006 ¹

86 4114 88 4124 ,
195 4054 342 4116 ··missione
360 4053 520 4134 pendebat.
564 4054 672 4114 Sancta
693 4073 765 4134 ergo
785 4050 855 4125 luit,
874 4053 1051 4130 ¹quod2eam
1068 4052 1214 4112 Dominus
1232 4051 1262 4108 in
1280 4068 1325 4110 se-
1395 4047 1396 4060 ¹

197 4129 326 4190 abemac
350 4131 528 4192 domicilium
554 4129 686 4212 elegerat
711 4129 756 4191 sui
778 4127 913 4207 imperiis·
930 4129 1048 4204 Quum
1071 4125 1326 4190 tut-anonumum

206 4225 259 4283 per
277 4222 364 4282 captat
381 4230 482 4283 suum,
501 4210 587 4272 vitam
603 4227 794 4285 suampquae
806 4205 959 4342 ,singulare
979 4218 1023 4268 est
1041 4205 1100 4266 net
1120 4205 1245 4281 donum,
1263 4213 1327 4264 tan·
1395 4227 1396 4300 ᾗ

199 4293 301 4362 quant
312 4283 497 4348 hanseafiaei
509 4286 621 4368 pignus
634 4285 671 4344 in
689 4283 818 4344 medium
834 4303 851 4344 a
874 4283 992 4352 dumut.
1025 4319 1030 4329 ι
1112 4326 1129 4340 .,
1152 4311 1160 4340 ι
1395 4329 1396 4334 ,

227 4379 232 4392 “
281 4364 328 4432 87·
367 4361 610 4434 &demonstro
627 4375 728 4428 metor..
763 4358 982 4430 teuthrion
998 4358 1327 4467 seeundolocoreme-
1395 4459 1396 4466 ἵ

1395 4473 1396 4522 l
