2808 4748
1 591 2 626 t
94 587 158 626 nos
177 567 323 632 Dominus
347 591 389 636 err

1 643 2 649 '
93 642 276 714 timendum.

508 198 639 262 Onamo
659 217 695 264 ru
714 217 860 269 neure„
1116 239 1123 254 ·
1180 163 1237 278 181

15 381 20 386 -
41 384 52 408 s
97 347 230 400 testetur
242 337 387 416 Christus,
404 341 503 402 Deum
522 342 609 406 nobis
628 363 753 428 regnum
766 347 890 426 dedisse,
908 369 947 412 ne
969 371 1006 414 ne
1025 351 1080 415 alia
1094 352 1236 418 demun

7 420 15 433 ¹
95 414 162 474 nisi
177 416 316 496 quoniam
335 419 375 478 ita
394 417 438 477 illi
456 418 576 499 placuit,
595 420 664 482 binc
683 371 1054 502 plusquam'mtnile'stum
1072 430 1236 508 astruitis
1308 465 1312 468 ·

1 495 2 532 t
96 510 229 570 opernm
252 493 366 556 meritis
390 495 511 574 acquiri.
553 497 686 558 Proinde
705 500 820 581 quoties
843 503 876 562 in
900 507 982 641 {fem
1001 510 1236 571 aeternaevitae

390 572 695 655 git,1memtnerimus
712 596 790 642 cnon
815 597 879 641 esse
926 599 943 640 e
962 581 1134 659 quotidiano
1153 585 1233 650 victu
1266 657 1268 661 .

590 757 597 790 l

142 892 225 975 (61.)
264 895 526 963 Marruuii.
573 899 739 972 attolite
765 897 928 984 indicare,
959 921 1002 970 ne
1036 900 1231 977 indicemini.

88 992 126 1056 2.
153 994 231 1081 Quo
253 1001 338 1064 enim
358 999 480 1066 iudicio
501 986 663 1081 iudicatis,
701 1009 743 1070 e'o
767 1002 966 1070 indicabitur
991 1003 1034 1069 de
1055 1005 1166 1096 vobisc
1197 1019 1230 1077 et

88 1116 163 1181 que
183 1119 333 1166 mensura
358 1103 527 1180 metimini,
556 1123 596 1168 ea
612 1107 800 1172 remetietur
823 1105 936 1172 vobis·
968 1105 999 1170 3.
1030 1103 1102 1188 Cur
1122 1118 1228 1184 antem

84 1194 194 1282 vides
201 1198 366 1281 festucam,
380 1203 464 1288 qnae
480 1210 528 1267 est
540 1203 576 1268 in
589 1203 687 1270 oculo
698 1206 804 1272 fratris
815 1207 881 1287 tui,
901 1203 1026 1273 trabem
1039 1228 1129 1290 vero,
1143 1232 1228 1297 quae
1330 1263 1331 1266 ,

83 1299 199 1363 estin
221 1299 321 1366 oculo
341 1311 414 1386 tuo,
430 1311 501 1368 'non
530 1295 780 1392 animadvertis?
811 1308 842 1396 4.
863 1307 930 1375 Aut
951 1307 1117 1394 quomodo
1139 1308 1228 1376 dices

79 1395 187 1464 fratri
208 1407 287 1478 tuo,
299 1401 387 1482 Sine,
407 1407 541 1470 eximam
552 1404 707 1472 festucam
718 1427 757 1471 ex
768 1404 867 1474 oculo
887 1416 1010 1489 tuo„et
1024 1429 1100 1476 ecce
1118 1409 1228 1478 trabes

80 1501 124 1568 in
151 1499 250 1566 oculo
271 1506 349 1568 tuo?
379 1505 617 1592 5.,Hypocrita,
638 1508 721 1570 oiice
734 1509 833 1592 'prins
852 1507 1030 1576 trabem-ex
1042 1508 1143 1600 oculo·
1160 1522 1228 1593 tuo,

86 1610 125 1666 et
147 1609 225 1666 tunc
245 1607 430 1690 perspicies,
450 1617 486 1672 ut
499 1608 630 1702 ‘eximas'
644 1606 801 1697 festucam
823 1611 862 1674 e'x
884 1609 980 1678 oculo
1001 1611 1108 1678 fratris
1128 1615 1185 1678 tui.
1262 1616 1267 1630 ’

80 1731 84 1740 “
163 1733 318 1808 ΜΑΚΟ.
336 1739 393 1807 tv.
434 1741 485 1807 24.-
507 1741 756 1842 Qua-mensura
776 1738 965 1824 metiemini,
988 1743 1103 1814 eadem
1121 1731 1226 1818 remea

82 1840 191 1904 tietur
209 1838 315 1907 robis.
566 1845 567 1850 ’
763 1867 765 1874 ·
935 1859 939 1864 “
1258 1854 1260 1861 '

152 1971 277 2042 ‘'LUC.
297 1977 373 2044 vt,
396 1979 446 2045 37.
463 1977 580 2046 Nolite
595 1979 751 2059 iudicare,
772 1988 806 2044 et
817 1999 886 2046 non
906 1977 1146 2076 iudicabimini=
1166 2003 1226 2050 no·

80 2073 146 2141 lite
170 2076 404 2157 condemnare,
436 2089 558 2146 etnon
587 2078 896 2146 condemnabimini:
922 2083 1090 2162 remittite,
1117 2093 1159 2150 et‘
1173 2106 1226 2152 re-

1 2167 2 2170 *
80 2181 234 2244 mittetur
252 2175 357 2244 vobis.
399 2179 451 2244 38.
479 2179 582 2258 Date,
610 2190 643 2246 et
665 2179 794 2246 dabitur
814 2179 918 2247 robis.
958 2181 1147 2249 Mensuram
1164 2181 1225 2252 bo·

1 2327 2 2330 ,
78 2300 165 2344 nam
187 2288 221 2344 et
241 2278 436 2357 confertam,
466 2289 500 2346 et
518 2300 710 2346 concussam
735 2287 832 2365 atque
861 2280 1077 2349 exundantem
1099 2283 1225 2353 debunt

79 2383 120 2446 in
143 2378 251 2443 sinum
272 2388 427 2444 vestrum:
450 2379 564 2446 eadem
579 2382 701 2466 quippe
721 2400 880 2458 mensure,
902 2383 1155 2480 qua‘rnelimini,
1171 2383 1225 2476 rc}-¹

78 2477 241 2545 metietur
266 2468 380 2544 vobis,
425 2477 478 2556 41,
509 2475 600 2566 Quid
624 2475 735 2566 'autem
760 2475 859 2545 vides'
879 2478 1035 2543 festucam
1064 2481 1099 2544 in
1123 2482 1222 2552 oculo

30 2563 56 2640 s
79 2579 197 2646 fratris
217 2581 281 2659 tui,
314 2577 440 2647 trabem
460 2589 582 2660 autom,
615 2599 700 2667 quae
720 2581 757 2645 in
777 2578 877 2645 oculo
900 2580 1035 2666 proprio
1058 2589 1123 2661 est,
1152 2603 1221 2650 non

80 2679 337 2748 animadvertis?
396 2681 447 2748 42.
472 2670 540 2748 Aut
572 2677 739 2772 quomodo
773 2680 883 2746 dicere
917 2683 1030 2770 putes*
1044 2681 1119 2748 fatri
1150 2687 1220 2763 tue,
1258 2699 1260 2709 ·

1 2851 2 2854 ,
79 2785 211 2864 Frater,
229 2781 310 2864 sine,
331 2784 457 2872 eiiciam
477 2783 642 2860 festucam,
662 2779 747 2868 quae
767 2782 802 2847 in
820 2780 920 2872 oculo
936 2782 993 2850 tuo
1016 2783 1164 2870 est-ipse
1184 2785 1221 2852 in

1 2908 2 2922 ³
80 2885 186 2954 oculo
217 2896 276 2952 tuo
309 2883 434 2953 trabem
460 2905 530 2952 non
560 2882 696 2952 videns?
736 2883 934 2970 Hypocrita,
967 2886 1050 2950 elice
1081 2887 1219 2971 primum

78 2987 210 3053 trabem
233 3009 272 3066 er
293 2986 391 3052 oculo
411 2996 485 3066 tuo,
514 2993 548 3050 et
566 2994 645 3051 tunc
664 2986 854 3074 perspicies,
869 2996 906 3078 ut
923 2987 1034 3066 ejicias
1054 2985 1218 3082 festucam,

79 3109 169 3176 qnae
192 3097 242 3154 est
261 3090 296 3154 in
318 3085 416 3154 oculo
436 3085 543 3186 fratris
561 3089 618 3154 tui.
666 3093 667 3100 ’
722 3079 736 3089 ’
829 3089 832 3098 ’
862 3089 865 3096 ’
1099 3089 1101 3096 ’

157 3246 269 3307 Mattb.
286 3252 315 3312 t,
352 3243 451 3306 Nolite
467 3243 606 3306 Minore.
643 3243 698 3308 tiis
717 3241 816 3307 verbis
833 3227 962 3333 praecise
981 3262 1047 3302 non
1063 3243 1217 3337 probibuit

80 3322 220 3385 Christus
241 3343 263 3386 -a
286 3321 460 3397 indicando,
491 3323 543 3382 sed
561 3320 715 3396 morbum,
745 3320 796 3400 qui
816 3319 952 3380 omnibus
978 3319 1041 3380 fere
1066 3325 1215 3404 ingenitus

79 3409 136 3476 est,
156 3420 261 3467 sanare
279 3399 381 3470 uoluit.
413 3398 554 3474 ¹Videmus
574 3398 664 3472 enim,
681 3410 716 3457 nt
735 3417 838 3458 omnes
856 3395 913 3456 sibi
933 3395 1115 3480 indulgeant,
1128 3401 1214 3490 3⁰5⁵.ss

102 3497 140 3536 ne
160 3490 261 3538 antem
280 3475 312 3536 in
330 3475 405 3538 alios
423 3496 540 3536 severus
560 3477 598 3536 sit
617 3494 732 3535 censor.
769 3473 809 3536 Et
841 3472 964 3536 uaedam
983 3487 1028 3534 est
1046 3473 1130 3536 buius
1149 3476 1215 3537 vitu

79 3497 229 3628 lulcedo,
247 3563 282 3612 ut
300 3550 449 3612 neminem
468 3551 532 3611 fere
551 3559 614 3613 n‘on
632 3550 734 3613 titillet
753 3494 892 3630 cupiditas
912 3551 944 3610 i'n
963 3550 1057 3612 aliena
1076 3550 1146 3611 uitia
1166 3549 1214 3610 in-

79 3625 230 3708 quirendi.
269 3630 413 3690 Fatentnr
432 3628 550 3709 quidem
571 3647 688 3704 ornnes,
703 3627 811 3688 malum
831 3645 893 3687 esse
913 3625 1115 3701 intolerabile,
1132 3625 1214 3706 qnod
1325 3687 1327 3690 ,
1351 3618 1354 3625 ’

77 3716 147 3766 tam.
160 3705 284 3788 maligni
302 3706 363 3766 sint
381 3725 451 3786 erga
470 3705 590 3780 fratres,
611 3705 661 3797 qui
679 3704 735 3772 sibi
754 3704 785 3767 in
805 3702 931 3840 prolpriis
949 3705 1026 3765 vitiis
1038 3704 1212 3837 ,fffiflffltfflb

79 3781 181 3862 Atque
201 3783 233 3843 id
252 3781 338 3842 etiam
357 3781 454 3842 multis
473 3781 637 3863 proverbiis
650 3780 825 3842 damnarunt
838 3801 855 3850 o
869 3801 909 3840 nn
928 3779 1046 3862 profani
1083 3793 1210 3862 cmrnesr.

80 3859 222 3924 omuibus
240 3870 339 3922 tamen
354 3857 479 3934 ¹saeculis
499 3859 649 3932 obtinuit„
676 3867 706 3919 et
730 3857 819 3919 bodie
839 3876 958 3938 quoqne
983 3855 1111 3917 obtinet,
1143 3853 1209 3916 Irnn
1262 3891 1264 3900 ν

80 3937 194 3995 accedit
214 3936 312 4008 thera¹¹
321 3936 413 4018 pestis
426 3935 565 4010 deterior,
585 3933 666 4014 quod
685 3933 764 3998 bona
784 3955 848 4014 pars
860 3933 940 4021 'alios
961 3931 1127 4023 damnando
1138 3950 1209 4022 pec·-

1 4011 2 4074 Ϊ
80 4011 168 4070 candi
188 4011 336 4083 licentiam
354 4011 418 4073 vult
434 4012 597 4090 acquirere.
627 4011 712 4072 Hanc
730 4031 848 4092 pravam
866 4009 1038 4086 mordendi,
1058 4005 1211 4144 eugendi,

80 4085 267 4150 obtrectandi
286 4089 439 4159 libidinem
450 4087 570 4150 cohibet
582 4087 727 4164 Christus,
747 4101 840 4168 quum
856 4086 936 4160 dicit,
954 4084 1056 4146 Nolite
1071 4083 1102 4144 iu
1122 4083 1211 4144 icere.

80 4157 186 4240 Neque
207 4167 284 4225 enirn
304 4167 454 4240 ccecntire
474 4165 586 4227 debent
604 4162 716 4239 fideles,
735 4176 768 4224 ut
786 4162 861 4226 nihil
873 4162 1051 4236 discernant,
1071 4159 1125 4222 sed
1141 4172 1208 4222 tan·

81 4242 145 4296 turn
163 4260 195 4300 se
224 4242 303 4322 ipsos
328 4243 461 4320 frenare,
489 4261 529 4303 ne
555 4241 686 4322 cupidius
709 4239 841 4304 iudicent
865 4259 954 4317 qnam
978 4257 1032 4330 par
1051 4247 1110 4299 est:
1142 4237 1209 4297 fieri

84 4311 253 4396 enimaliter
272 4340 333 4382 uon
352 4314 548 4404 poteanuin
565 4318 687 4405 modum
708 4316 813 4401 rigoris
833 4313 966 4392 onomat,
982 4315 1111 4398 quisquis
1130 4315 1207 4378 iu'dl-
1271 4375 1273 4382 ,
