2824 4756
408 87 422 114 N

172 264 213 326 ³6
352 241 564 332 sterion.
583 251 740 322 -Ioiiiiivis
759 251 944 316 Barnisran
963 264 1120 320 sirmis.

169 349 175 361 Ι
253 349 301 468 67
331 397 499 460 Zacharias
514 395 638 473 repletus
656 396 831 472 sospitas.
850 397 931 472 Quid
949 397 1044 459 valeat
1060 397 1135 458 baec
1151 393 1299 486 loquutio,

176 497 272 574 nuper
294 475 488 562 6133333333,
512 467 748 564 3333336ο3331
771 461 910 534 36331333
931 475 951 534 S
975 475 1056 534 iritns
1083 485 1176 556 gratia
1200 493 1301 534 servos

173 557 253 630 Dei,
270 575 327 634 qna
345 565 443 612 tamen
464 552 533 611 alias
552 572 635 613 vacui
655 571 717 609 non
737 563 829 610 erant.
869 551 919 611 Sic
965 551 1096 632 ropbetis
1116 550 1214 609 datum
1234 569 1299 608 esse

175 631 319 726 Spiritum
338 627 475 712 legimus:
497 648 557 687 non
572 625 649 761 3336
669 647 724 708 per
742 625 892 686 intervalla
912 627 977 708 ipso
997 638 1142 700 carerent,
1160 625 1210 686 sed
1230 625 1300 704 quia

175 730 237 769 eius
257 708 298 767 vis
318 725 349 766 se
369 704 483 786 plenius
503 705 534 764 13
553 703 609 763 ilis
630 703 768 778 exseruit,
795 704 910 782 quoties
931 705 966 762 ad
987 725 1090 763 munus
1110 724 1194 762 sunm
1212 720 1303 782 pera-·

176 783 316 867 gendum,
336 781 415 861 quasi
427 780 485 839 Dei
505 801 603 854 manu,
622 779 653 836 in
673 777 767 838 lucem
788 779 925 860 producti
937 793 1013 840 sunt.
1053 781 1156 858 Itaque
1169 777 1300 849 notanda

176 873 223 923 est
241 860 366 919 duorum
385 856 584 916 membrorum
604 855 758 928 connexio,
779 869 864 946 quani
884 857 1082 947 ponithcas,
1102 855 1181 936 qnod
1201 853 1300 934 reple-

174 947 222 998 tus
241 936 279 996 313
290 933 403 1016 Spiritu
422 945 521 993 sancto
542 942 573 990 et
592 929 820 1012 prophetaverit.
859 932 1013 1024 Significat
1025 932 1103 991 enini
1122 942 1192 991 tunc
1212 949 1299 1012 prae-

175 1023 224 1074 ter
242 1031 356 1070 morem
376 1009 511 1074 divinitus
531 1006 617 1066 luisse
637 1003 784 1080 afflatum,
810 1018 844 1068 ut
863 1030 924 1069 non
943 1002 1116 1088 loqueretur
1134 1006 1299 1066 humanitus

198 1087 258 1149 nasi
277 1086 404 1169 privatus
415 1083 566 1165 quispiam,
585 1083 637 1142 sed
653 1080 811 1144 coelestem
830 1097 944 1145 tantum
957 1085 1121 1144 doctrinam
1140 1082 1298 1164 proferret.

175 1110 226 1228 dic
257 1175 287 1224 et
316 1161 389 1223 Paul
475 1158 639 1251 rophetiain
671 1181 737 1219 cnm
769 1159 882 1252 Spiritu
913 1161 1080 1243 coniungit,
1117 1160 1227 1242 primae
1260 1159 1299 1219 ad

175 1237 308 1302 Thessal.
327 1244 362 1313 5,
380 1183 442 1311 ig„
463 1235 606 1372 Spiritum
626 1234 719 1300 nolite
739 1249 938 1320 exstinguere,
964 1237 1138 1319 Prophetias
1158 1255 1195 1296 ne
1215 1254 1299 1315 spei·-

174 1317 252 1380 nite:
283 1325 316 1375 ut
338 1313 460 1374 sciamus
504 1311 637 1372 octrinae
665 1323 837 1373 contemtu
869 1314 1011 1396 exstingui
1038 1313 1059 1373 S
1082 1313 1163 1377 iritns
1193 1311 1301 1378 lucem,

174 1389 376 1455 Memorabilis
409 1399 506 1448 autem
537 1387 594 1446 fnit
622 1386 694 1447 haec
713 1389 771 1448 Dei
784 1335 923 1472 13331333,
954 1390 1033 1470 qnod
1054 1335 1210 1452 dachariae
1234 1408 1298 1446 non

175 1481 291 1531 tantuin
310 1464 424 1524 reddita
445 1464 501 1525 tuit
518 1463 549 1524 lo
572 1464 660 1523 uendi
680 1463 817 1539 facultas,
858 1487 894 1525 33
914 1487 969 1548 per
986 1487 1093 1526 novem
1114 1485 1227 1524 menses
1246 1485 1301 1524 or-.

174 1548 259 1610 batus
279 1541 386 1616 inerat,
404 1541 455 1602 sed
475 1486 655 1622 3133133333
675 1541 751 1602 facta
772 1553 814 1602 est
830 1489 959 1623 ’63131333
979 1543 1071 1602 333331
1089 1563 1241 1624 organum.

251 1623 299 1684 68.
343 1615 516 1680 Benedictus
545 1617 700 1677 Dominus.
754 1617 878 1678 0rditur
909 1615 1062 1680 Zacharias
1093 1639 1109 1678 a
1140 1617 1299 1700 gratiarum

176 1697 309 1770 actione,
337 1695 390 1756 sed
416 1693 591 1777 prophetico
612 1693 724 1774 Spiritu
744 1694 875 1754 celebrat
897 1695 935 1752 im
958 1696 1045 1754 letam
1066 1694 1299 1785 redemptionem

175 1774 247 1835 olim
265 1771 298 1831 in
318 1769 437 1834 Christo
457 1771 644 1854 promissam,
674 1769 752 1830 unde
771 1769 846 1832 salus
867 1782 897 1832 et
916 1719 1038 1830 felicitas
1057 1770 1204 1831 Ecclesiae
1223 1789 1299 1850 pen-

175 1850 273 1911 debat.
323 1849 385 1918 Cur
408 1849 507 1908 Deum
531 1846 623 1907 lsrael
648 1847 797 1921 nominet,
827 1847 908 1907 cuins
936 1848 1060 1928 imperio
1092 1847 1190 1907 subest
1218 1857 1299 1905 totus

175 1946 225 1988 mn
267 1949 316 2002 ns,
343 1946 377 1985 ex
396 1935 535 1984 contextu
552 1923 655 1983 melius
674 1924 802 2005 patebit:
827 1944 894 1982 nem
918 1943 933 1982 3
952 1924 1019 2004 3313
1040 1924 1143 1984 semini
1162 1921 1299 1982 Abrahae

175 2002 342 2085 specialiter
359 2000 517 2084 promissus
537 1999 633 2060 suerat
651 1999 842 2082 Redemptor.
889 1945 968 2074 6313
994 2020 1066 2084 ergo
1086 2001 1165 2059 Dens
1184 2011 1298 2058 tantum

176 2080 208 2140 in
229 2100 287 2138 nna
306 2076 518 2161 gente'loedus
538 2098 621 2136 snum
642 2077 834 2157 deposuerat,
858 2074 894 2135 de
915 2098 973 2156 quo
993 2078 1082 2137 verba
1107 2077 1234 2136 facturus
1254 2085 1300 2135 est

97 2217 104 2234 ,
152 2152 345 2228 ,zachariae
374 2154 479 2215 merito
506 2161 615 2212 nometi
642 2153 737 2236 gentis
760 2152 838 2212 111133
863 2153 1014 2234 exprimit,
1046 2153 1092 2213 cui
1134 2147 1231 2233 roprie
1250 2151 1298 2212 vel

176 2231 280 2294 saltem
300 2232 395 2313 primo
415 2229 483 2288 loco
505 2225 648 2290 destinata
668 2240 732 2289 erat
748 2229 848 2321 salutis
867 2230 969 2324 gratia.
1008 2230 1043 2290 Iii
1056 2175 1145 2290 33363
1164 2225 1299 2286 visitandi

1404 2215 1406 2268 l

174 2308 277 2370 'subest
293 2308 382 2367 tacita
402 2304 566 2366 antithesis:
587 2306 726 2385 qnoniam
746 2326 761 2364 a
781 2326 892 2366 miseris
904 2303 1039 2366 Abrabae
1058 2304 1190 2366 liliisDei
1210 2305 1297 2364 iacies
1405 2353 1406 2359 ,

175 2386 214 2447 36
233 2398 348 2466 tempus
368 2382 464 2452 inerat
489 2402 599 2442 aversa.
647 2384 723 2443 Nam
749 2401 785 2443 eo
812 2380 981 2443 calamitatis
1006 2382 1114 2464 delapsi
1140 2393 1238 2457 erant,
1267 2391 1299 2440 et

174 2471 258 2522 tanta
282 2461 427 2520 malornm
451 2459 591 2542 congerie
615 2458 729 2534 obruti,
757 2469 792 2518 nt
817 2479 904 2518 nemo
926 2479 942 2516 a
961 2458 1028 2518 Deo
1049 2459 1152 2542 respici
1171 2469 1296 2538 putaret.

114 2540 118 2556 ¹
162 2539 273 2598 ¹Porro
294 2535 366 2596 6333
384 2535 442 2595 Dei
461 2535 603 2610 visitatio,
623 2536 702 2596 cuins
721 2526 856 2607 meminit
875 2535 1036 2612 ZacharIas,
1055 2547 1192 2615 tanquam
1205 2556 1304 2614 causa,
1404 2569 1405 2574 κ

136 2610 137 2622 ’
175 2626 207 2675 33
225 2613 400 2696 principium
419 2611 631 2693 redemptionis
649 2613 779 2693 ponitur.
819 2613 921 2686 Quare
940 2612 980 2671 ita
1000 2612 1122 2686 resolve,
1141 2610 1221 2671 Deus
1240 2631 1298 2692 po-

174 2689 277 2774 pulum
296 2709 380 2747 snum
399 2687 542 2820 reslpexit,
564 2700 599 2777 nt
622 2687 789 2780 redimeret.
836 2688 1060 2778 Qunmautem
1087 2688 1216 2778 captirps
1234 2705 1297 2746 esse

175 2775 328 2846 oporteat,
344 2783 417 2842 quos
467 2781 517 2822 333
537 2763 664 2838 redimit,
683 2775 714 2822 et
733 2763 790 2822 boc
808 2765 1019 2843 redemptionis
1038 2785 1129 2855 gemis
1147 2763 1297 2845 spirituale

176 2843 224 2914 sit,
242 2839 311 2900 inde
331 2837 562 2919 colligimus,‘iie
575 2851 691 2898 sanctos
702 2838 820 2918 quidem
839 2850 936 2919 patres
956 2839 1065 2900 liberos
1086 2841 1171 2900 fuisse
1191 2860 1297 2922 aper·
1357 2901 1361 2906 ,
1403 2829 1404 2854 ’

176 2914 233 2975 3331
258 2915 328 2996 iugo
355 2924 386 2973 et
404 2913 507 2973 mortis
529 2913 699 2994 tyrannide,
732 2915 786 2974 nisi
805 2936 859 2995 per
878 2914 988 2976 Christi
1013 2917 1145 3000 gratiam.
1185 2917 1295 2976 Sancto

175 2991 256 3052 enim
277 3002 306 3050 et
323 2989 417 3049 electo
430 2988 487 3048 Dei
506 2988 618 3071 populo
631 2989 762 3050 Christus
774 2989 880 3050 6131333
898 2991 999 3054 missus
1019 2994 1196 3075 redemptor.
1235 2991 1297 3052 Sed

175 3069 199 3128 si
219 3067 304 3126 allata
323 3078 394 3126 tnnc
413 3065 529 3126 demum
549 3087 565 3124 3
587 3065 705 3125 Christo
727 3065 781 3126 1313
800 3069 976 3149 redemptio,
995 3091 1083 3149 quum
1102 3089 1189 3129 came
1208 3069 1297 3129 indii-

173 3155 221 3204 tus
241 3143 387 3236 apparuit,
406 3142 548 3234 sequitur,
567 3141 678 3216 1163133,
697 3142 746 3234 331
766 3156 834 3204 aute
853 3144 913 3204 3133
931 3145 1087 3207 adventum
1099 3145 1297 3221 mortnisnnt,

173 3228 239 3278 tota
262 3229 320 3279 vita
347 3230 461 3301 peccati·
486 3229 516 3279 et
544 3217 646 3278 mortis
672 3218 760 3280 fnisse
782 3241 897 3281 servos:
926 3223 1006 3300 3336
1030 3223 1113 3283 valde
1139 3222 1295 3282 absurdum

173 3307 259 3359 esset.
298 3293 487 3376 Respondeo,
505 3293 564 3355 vim
585 3293 768 3356 ebeiiectum
780 3295 864 3358 hnins
882 3297 1102 3380 redemptionis,
1121 3317 1195 3379 3333
1204 3297 1296 3358 semel

173 3371 206 3436 in
226 3370 344 3434 Christo
365 3371 422 3436 1313
440 3371 576 3448 exhibita,
596 3372 716 3434 saeculis
737 3373 871 3434 omnibus
890 3373 976 3434 fuisse
996 3395 1189 3436 communem.

250 3453 307 3511 69.
334 3443 457 3509 6133313,
472 3469 563 3508 romu
591 3448 700 3508 3313313.
750 3449 817 3508 Η33
842 3459 908 3525 ’333,
937 3451 1091 3511 salvificam
1123 3451 1294 3533 potentiam.

172 3521 298 3584 Deiecto
325 3523 401 3582 enim
426 3522 502 3584 solio
526 3522 647 3585 Davidis
671 3536 703 3584 et
731 3525 796 3586 dissi
819 3537 868 3586 ato
893 3526 1021 3620 populo,
1050 3548 1115 3608 spes
1139 3527 1238 3588 salutis
1262 3530 1295 3588 in

68 3635 73 3650 .
173 3601 301 3694 speciem
321 3598 498 3659 conciderat.
542 3599 638 3660 Porro
660 3600 762 3661 alludit
806 3603 934 3663 acharias
954 3603 989 3663 a'd
1009 3603 1224 3696 Prophetarum
1235 3627 1294 3676 „va-

171 3677 289 3750 ticinia,
319 3675 423 3756 quibus
448 3677 542 3736 subita
565 3677 597 3736 in
621 3678 708 3738 rebus
733 3678 769 3737 de
792 3679 892 3740 locatis
917 3700 950 3739 ac
975 3680 1095 3760 perditis
1120 3680 1294 3742 instauratio

170 3751 367 3888 promittitur:
392 3751 451 3810 imo
472 3751 543 3813 haee
563 3751 697 3834 loquutio
719 3775 753 3816 ex
771 3702 794 3816 l‘

796 3755 846 3815 sal.
867 3761 938 3831 132,
958 3763 1137 3839 17rsnmpta
1158 3769 1217 3830 est,
1242 3757 1294 3816 361
1399 3805 1400 3810 1

193 3828 310 3900 abetut,
330 3827 394 3887 Illic
414 3826 486 3886 oriri
504 3827 609 3888 faciam
628 3851 722 3891 cornu
741 3829 862 3907 Davidi,
886 3833 985 3913 paravi
1005 3832 1153 3894 lucernam
1174 3833 1293 3902 Christo
1399 3841 1400 3872 l

173 3926 251 3968 mec.
299 3904 415 3980 Quodsi
438 3904 518 3966 Deus
542 3907 679 3966 nonnisi
705 3908 736 3968 in
758 3908 882 3970 Christo.
901 3910 1062 3988 potentiam
1075 3912 1163 3970 “suam
1183 3911 1218 3968 ad
1239 3931 1293 3968 nos
1398 3925 1399 3948 ¹

173 3983 331 4056 servandos
352 3981 487 4057 exseruit,
507 3979 575 4040 binc
594 3982 675 4042 nefas
695 3996 749 4059 est,
768 3983 940 4046 ullomodo
961 3985 1128 4062 deflectere,
1146 3987 1171 4046 si
1189 3986 1293 4046 divini-

171 4067 218 4118 tus
237 4059 345 4120 servari
365 4057 504 4138 cupimus.
544 4055 676 4119 Observa
687 4073 794 4137 autem,
814 4058 948 4121 fidelihus
967 4063 1091 4123 salutare
1111 4084 1174 4123 esse
1189 4085 1295 4138 cornu,

121 4131 128 4146 ⁸
156 4135 257 4210 ’3336
274 4133 368 4215 impiis
386 4133 545 4194 terrificum
567 4145 628 4207 est,
653 4148 686 4195 ut
706 4157 757 4198 eos
776 4137 896 4220 dissipet
914 4138 961 4200 vel
980 4135 1147 4218 prosternat
1167 4161 1199 4200 ac
1220 4161 1293 4201 con·

1397 4023 1399 4129 ,

171 4216 257 4267 terat.
294 4203 436 4271 Davideni
455 4231 569 4272 servum
588 4209 647 4270 Dei
666 4215 811 4288 nominat,
836 4235 898 4274 non
917 4215 1090 4293 simpliciter
1109 4217 1176 4296 quia
1192 4217 1292 4275 Deum
1397 4273 1398 4290 ,

174 4283 310 4360 33133313,
331 4298 363 4351 tit
382 4286 601 4367 unusquilibet
619 4287 746 4367 piorum,
766 4293 817 4354 sed
836 4291 894 4353 alio
914 4303 1059 4369 respectu,
1080 4294 1158 4372 quod
1179 4293 1292 4354 scilicet

75 4424 77 4433 ¹
170 4354 300 4422 delectus
318 4362 415 4424 luerat
432 4363 564 4450 regendo
587 4366 789 4452 servandeque
814 4367 926 4450 populo
952 4367 1099 4456 minister,
1129 4369 1292 4439 ui'ctristt

1395 4337 1398 4394 l
