2808 4748
121 287 126 298 ·
153 257 211 320 rso
600 206 754 312 succro
775 249 828 310 vr.

157 398 231 458 risse
249 395 375 472 docent,
399 405 434 458 ut
457 394 548 488 longe
574 412 679 456 eorum
701 404 815 456 mentes
839 412 856 454 a
880 394 958 456 euris
981 405 1013 454 et
1035 389 1136 456 studiis
1156 391 1290 453 terrenis

160 493 273 535 sursum
296 471 448 534 eveheret:
476 485 577 553 potrus
605 473 684 532 enim
709 491 853 534 secessum
877 489 1040 532 conscenso
1065 479 1167 532 monte
1194 488 1290 549 quae·
1392 499 1393 504 κ

160 549 242 624 sivit,
264 559 299 608 ut
317 548 423 642 procul
448 569 465 610 a
492 547 581 610 turba
609 548 757 640 paulisper
779 567 811 609 se
831 569 896 608 cum
917 546 1063 628 discipulis
1083 568 1099 607 a
1118 545 1291 607 lassitudine

159 625 331 762 Mtte
342 623 1187 764 Pdlbisiiihs¹⁰iisll⁶inlimatis*‘siddimi
1216 643 1291 760 ltt‘

159 779 264 862 vulgus
287 777 440 838 bominum
462 779 568 854 modo,
591 778 642 838 sed
665 779 744 858 ipsos
764 722 883 856 duoque
902 721 1048 857 saisientes
1073 741 1210 857 occupaii
1229 775 1291 836 boe

158 863 280 915 'errores
311 855 427 916 felicem
452 875 530 930 esse,
561 855 612 934 qui
636 854 717 916 omni
740 853 875 914 molestia
897 865 1061 934 exemptus,
1091 873 1125 914 ac
1148 865 1289 915 votorum

161 952 283 993 snorum
308 952 447 1014 compos,
475 933 580 992 laetam
604 942 635 990 et
658 931 787 1011 quietam
811 930 898 991 vitam
922 931 990 1024 agit.
1042 931 1134 993 Certe
1156 929 1292 991 omnium
1393 967 1394 978 κ

162 1008 226 1069 sere
245 1006 355 1070 iudicio
379 1030 396 1070 a
420 1007 567 1090 praesenti
589 1019 665 1069 statu
688 1007 858 1068 aestimatur
881 1007 1012 1069 sebertas.
1052 1006 1185 1072 Christus
1205 1025 1291 1088 ergo,
1393 987 1394 1032 ³

163 1096 198 1145 ut
215 1105 284 1146 suos
304 1085 340 1146 ad
360 1087 454 1147 crucis
471 1085 657 1146 tolerantiam
675 1083 863 1160 assuefaciat,
886 1105 1002 1165 pravam
1021 1083 1097 1146 hauc
1117 1083 1290 1164 opinionem
1393 1101 1394 1108 ¹

165 1161 303 1244 corrigit,
327 1161 408 1241 quod
430 1161 532 1223 felices
550 1161 618 1238 sint,
643 1161 748 1253 quibus
771 1181 851 1222 nnnc
869 1159 948 1222 benc
967 1182 1001 1223 ac
1020 1181 1089 1242 pros
1112 1171 1225 1222 ere-est
1242 1179 1292 1220 se-

164 1238 293 1298 eundum
313 1258 440 1298 carnem.
477 1238 584 1316 Neque
608 1257 686 1298 enrm
709 1237 774 1297 lieri
793 1227 909 1320 pote'st,
935 1249 969 1298 ut
992 1237 1075 1298 seren
1098 1260 1120 1300 rs
1145 1235 1291 1299 aerumnis
1394 1251 1395 1256 ’

165 1325 197 1374 et
214 1313 327 1378 iniuriis
346 1315 455 1376 collum
472 1311 588 1394 placide
614 1314 802 1388 submittant,
826 1315 877 1396 qui
899 1325 1031 1376 statuunt
1053 1314 1203 1376 adversam
1228 1332 1292 1374 esse

164 1390 268 1452 beatae
285 1391 362 1452 vitae
380 1391 560 1472 patientiam.
597 1389 699 1451 Unum
718 1390 810 1472 igitur
828 1390 964 1454 solatium
984 1404 1044 1467 est,
1064 1411 1124 1472 quo
1143 1390 1293 1472 mitigatur

166 1467 302 1548 adeoque
321 1465 463 1528 dulcescit
480 1467 574 1528 crucis
593 1477 625 1527 et
643 1466 787 1528 malorum
807 1467 939 1530 omnium
958 1469 1117 1543 acerbitas,
1137 1467 1204 1526 dum
1223 1487 1293 1547 per-

166 1544 243 1606 suasi
254 1563 362 1619 sumus,
372 1563 427 1604 nos
439 1544 471 1603 in
488 1543 592 1605 mediis
605 1544 727 1605 miseriis
739 1543 842 1606 beatos
861 1564 938 1608 esse:
958 1546 1025 1625 quia
1037 1545 1177 1626 patientia
1193 1555 1295 1603 nostra

167 1619 335 1680 allomiuo
359 1619 563 1697 benedicitur,
592 1633 624 1682 et
647 1620 730 1683 brevi
752 1633 891 1700 sequetur
913 1622 1020 1684 laetior
1046 1621 1147 1682 exitus.
1183 1619 1294 1680 Fateor

168 1695 302 1776 quidem,
327 1694 491 1758 doctrinam
510 1696 586 1760 banc
605 1693 711 1780 procul
735 1709 879 1766 remotam
905 1717 967 1760 esse
992 1719 1009 1760 a
1029 1696 1176 1760 communi
1195 1715 1294 1772 sensu,

168 1771 221 1832 sed
239 1771 281 1831 ita
301 1769 411 1834 Christi
431 1773 589 1856 discipulos
608 1772 811 1865 philosophari
834 1779 990 1852 convenit,
1014 1787 1050 1836 ut
1072 1796 1152 1837 suam
1170 1773 1296 1833 felicita-

167 1859 231 1908 tem
249 1859 330 1909 extra
347 1850 489 1911 mundum
509 1861 540 1911 et
557 1870 645 1931 supra
663 1871 758 1911 carnus
777 1849 916 1912 allectum
936 1852 1123 1913 constituant
1161 1849 1224 1910 Etsi
1242 1871 1297 1909 au·
1395 1919 1396 1922 Ἴ

168 1935 229 1986 mm
248 1945 399 2006 nunquam
417 1927 552 1990 admittet
570 1925 694 1989 carnalis
712 1928 800 2006 ratio,
820 1929 901 2008 quod
920 1927 968 1989 bic
986 1929 1134 2009 praedicat
1153 1926 1298 2002 Christus,

170 1999 247 2062 nihil
264 2013 365 2062 tamen
382 2005 439 2064 ima
462 2004 587 2065 inarium
626 2005 764 2085 roponit,
783 2005 1028 2085 quemadmodum
1046 2003 1118 2066 olim
1136 2003 1194 2079 suis
1212 2024 1298 2084 para-

171 2077 254 2169 donis
274 2065 417 2142 ludebant
435 2023 549 2158 imici,
572 2024 624 2144 sed
649 2101 683 2140 ex
707 2101 741 2142 re
763 2083 825 2162 ipsa
849 2080 1046 2160 demonstrat,
1072 2099 1215 2142 currere
1239 2079 1299 2140 sint

171 2153 284 2232 lelrces,
302 2178 429 2237 quorum
447 2159 553 2220 misera
573 2169 709 2218 censetur
728 2157 869 2220 conditio.
907 2158 1127 2220 Meminerimus
1138 2177 1222 2242 ergo,
1240 2155 1299 2218 boc

173 2251 237 2294 esse
255 2236 399 2296 sermonis
418 2247 516 2329 caput,
536 2233 617 2316 quod
635 2235 757 2297 miseros
777 2253 838 2296 esse
850 2234 983 2298 Christus
1001 2245 1101 2320 negat,
1120 2233 1171 2314 qui
1192 2246 1222 2293 et
1241 2232 1299 2292 im-

194 2307 337 2370 roborum
362 2311 477 2374 iniurius
499 2322 691 2394 premuntur,
721 2321 752 2372 et
780 2311 867 2372 variis
896 2312 1040 2374 aerumnis
1070 2323 1139 2374 sunt
1167 2310 1300 2372 subiecti.

203 2404 238 2448 ec
255 2383 371 2449 ta'utum
390 2389 546 2451 contendit
565 2387 714 2466 Christus,
736 2407 874 2469 perverse
893 2407 945 2450 eos
967 2387 1082 2466 facere,
1106 2388 1156 2470 qui
1173 2387 1301 2450 bominis
1396 2459 1397 2464 η

172 2461 346 2527 felicitatem
364 2468 528 2528 metiuntur
545 2467 694 2548 praesenti
711 2475 806 2543 statu,
830 2465 899 2546 quia
917 2464 1001 2528 brevi
1018 2465 1174 2528 mutandae
1191 2465 1301 2526 sintin
1396 2473 1397 2486 ¹

173 2539 277 2633 melius
291 2543 414 2638 piorum
433 2545 577 2621 miseriae,
594 2541 648 2606 sed
666 2542 756 2605 etiam
774 2544 928 2626 proposita
946 2562 999 2625 spe
1016 2541 1159 2604 mercedis
1177 2563 1246 2604 snos
1264 2540 1302 2602 ad

173 2619 604 2773 panephambqqapm
639 2698 761 2773 spiss'te,
789 2708 842 2756 ste.
898 2694 988 2777 Apud
1012 2695 1121 2758 Lucam
1151 2693 1230 2756 nuda
1259 2704 1303 2754 est

175 2779 253 2830 meta
274 2770 363 2832 bora:
387 2771 440 2830 sed
463 2773 531 2862 quia
548 2770 702 2836 maledicta
721 2783 753 2832 et
775 2769 877 2832 infelix
896 2785 942 2834 est
959 2772 1119 2834 multorum
1137 2792 1193 2852 pau
1217 2781 1302 2846 ertas,

176 2791 344 2935 Matthaeus
363 2845 476 2908 Christr
493 2859 625 2907 mntem
646 2847 751 2908 clarius
770 2848 918 2927 expressit
958 2850 1061 2925 Quum
1080 2867 1152 2931 ergo
1171 2793 1245 2930 pleri
1266 2867 1323 2908 ue.

127 2951 134 2964 ·
176 2920 260 3010 malls
279 2935 461 3003 premantur,
481 2923 532 3004 qui
550 2935 649 2984 tamen
668 2921 746 2984 fastu
764 2935 796 2984 et
812 2922 923 2985 ferocia
942 2925 1022 2988 intus
1039 2937 1159 3008 turgere
1177 2871 1304 2988 nonde-

177 3007 294 3076 srn'unt,
324 2999 428 3062 beatos
473 3001 627 3062 renuntiat
651 2999 801 3071 Christus,
830 3000 880 3080 qui
902 3002 986 3065 malis
1011 3001 1114 3064 domiti
1138 3013 1170 3062 et
1192 3001 1304 3062 subacti

177 3090 242 3132 sese
260 3086 342 3138 totos
360 3076 520 3140 subiissent
537 3077 623 3153 Deo,
643 3087 674 3136 et
690 3076 770 3137 intus
788 3076 930 3139 humiliati
947 3079 981 3139 in
1000 3081 1062 3140 eius
1102 3077 1254 3139 raesidiom
1272 3095 1305 3138 se

179 3150 348 3213 conferunt.
384 3153 447 3215 Atii
458 3175 606 3232 poaapsres
622 3151 982 3234 spin'taainterpretantur,
993 3157 1044 3237 qui
1054 3100 1128 3215 nrhil
1146 3153 1204 3216 sibi
1221 3175 1305 3216 arro-

179 3239 267 3365 ξιιιῐ,
288 3228 350 3291 imo
375 3231 519 3293 exinanita
538 3230 621 3292 omni
639 3229 733 3291 carnis
755 3229 862 3292 fiducia
884 3253 966 3292 suam
985 3232 1114 3313 inopiam
1134 3241 1305 3314 agnoscunt.

205 3303 241 3364 ed
267 3306 336 3384 quia
355 3327 483 3370 ,necesse
503 3319 558 3382 est,
582 3306 708 3368 eundem
727 3306 826 3369 Lucae
846 3319 877 3370 et
901 3309 1041 3370 Matthaei
1069 3308 1165 3372 verbis
1189 3327 1307 3368 sensum

180 3391 332 3459 conmare,
355 3383 476 3444 minine
500 3383 621 3450 dubium
640 3395 698 3460 est,
717 3405 865 3461 pauperes
887 3387 987 3448 vocari
1006 3385 1163 3466 qnihrebus
1182 3384 1307 3446 adversis

180 3468 357 3540 premuntur
375 3471 406 3518 et
424 3459 527 3524 afflicti
545 3472 623 3522 sunt.
660 3461 730 3522 Hoc
747 3472 861 3522 tautum
879 3461 1019 3538 interest,
1045 3461 1124 3542 quod
1142 3461 1307 3522 Matthaeus

181 3534 283 3596 addito
302 3534 435 3615 epitheto
454 3536 667 3598 beatitudinem
685 3537 722 3598 ad
742 3557 795 3599 eos
814 3537 895 3600 solos
914 3539 1075 3622 restringit,
1086 3537 1136 3618 qui
1146 3537 1200 3598 sub
1213 3537 1307 3598 crucis

182 3611 335 3698 disciplina
347 3609 469 3673 humiles
481 3632 545 3674 esse
557 3614 721 3676 didicerint.
742 3615 887 3696 (ὶυοηίωιι
897 3616 1015 3676 illoratas
1024 3629 1066 3676 est
1074 3635 1156 3708 regn.
1165 3614 1235 3676 sset.
1255 3614 1308 3674 Vi-

183 3689 297 3766 demus,
315 3699 349 3748 ut
365 3708 428 3748 uon
439 3689 524 3750 inllet
534 3689 670 3754 Christus
681 3711 803 3758 suorum
819 3694 932 3754 animos
942 3704 1064 3754 ventosa
1082 3691 1120 3753 alr
1142 3713 1179 3752 ua
1212 3711 1308 3754 erena-

182 3767 284 3842 sione,
313 3763 361 3827 vel
384 3763 480 3827 lerrea
503 3770 689 3830 contumacia
714 3767 858 3845 obduret,
887 3781 922 3829 ut
946 3769 1057 3847 Stoici,
1086 3713 1179 3831 seda
1225 3787 1306 3849 spem

182 3854 321 3904 aeternae
337 3841 415 3904 vitae
433 3843 513 3924 ipsos
532 3863 673 3906 revocans
686 3845 910 3937 adportandus
925 3847 1043 3921 animet,
1065 3846 1132 3927 quia
1146 3844 1205 3907 boc
1218 3844 1308 3906 modo

183 3919 217 3978 in
235 3917 365 3980 coeleste
382 3917 442 3980 Dei
461 3939 586 4002 regnum
604 3933 756 3988 transrturs
773 3933 844 3988 snut.
880 3923 993 3983 Notare
1016 3942 1087 3985 vero
1112 3941 1223 4058 operae
1242 3941 1310 4002 pre-

183 3993 334 4132 tium-pst,
353 3996 501 4132 nemiqpnq
519 3996 625 4089 spiritq
644 4017 718 4135 mdia
725 4015 898 4135 paupererq,
915 3999 971 4134 nisNi
985 4001 1039 4079 qui
1054 3999 1129 4136 iqqi
1150 3999 1222 4061 ilum
1234 3997 1310 4090 apud

184 4089 272 4207 tet
288 4084 935 4232 tatastat&,attath
954 4097 1092 4232 silli
1111 4087 1311 4236 ,ttttlsstff

184 4218 285 4300 boque
303 4225 408 4305 spiritu
427 4245 491 4289 esse
510 4239 640 4307 oportet.
664 4238 669 4250 ’
846 4241 855 4260 ·
1080 4248 1083 4254 ·

260 4306 290 4386 ,4.
327 4301 417 4362 Bessa·
432 4307 484 4384 φοί
500 4303 606 4385 legasse
644 4307 728 4368 Haeo
744 4307 890 4368 sententia
908 4326 971 4368 non
988 4305 1079 4368 modo
1099 4304 1249 4390 proximae
1268 4316 1312 4367 est

188 4367 300 4450 Μ’,
324 4377 377 4441 aed
401 4393 447 4444 est
471 4381 534 4448 eius
560 4384 641 4466 quasi
664 4383 809 4468 appendix
832 4383 879 4453 vel
903 4382 1095 4448 confirmatio.
1131 4383 1207 4449 Mam
1232 4381 1312 4463 quod
