2816 4746
465 287 557 362 ANN-
577 293 778 360 muttum.
816 377 820 385 1
1153 309 1192 372 19

57 461 114 509 tum
137 445 260 528 quidem
279 443 303 506 is
323 441 406 519 tute,
419 451 454 504 ut
473 442 584 504 Senatu
610 453 709 505 motus
729 441 931 528 abrogatoqne
952 444 1111 530 capitanei
1129 469 1188 512 no-

55 527 132 586 mine
151 524 286 605 pris-atus
304 521 422 600 viveret
448 520 542 580 'llaec
561 531 665 580 autem.
678 519 793 596 omnia,
817 521 871 582 etsi
895 541 994 584 coram
1013 523 1187 608 Magistratu

56 601 239 696 agebantur,
265 597 321 657 dici
348 609 446 658 tamen
466 617 527 657 non
547 609 648 678 potest
673 608 856 677 quantopere
876 597 1027 662 Calvinum
1049 620 1188 666 exercue-

55 693 128 740 not:
159 675 302 758 siquidem
328 692 460 754 eousque
484 673 573 733 semel
598 675 628 732 in
653 673 713 756 ipsa
740 674 820 733 curia
847 675 953 736 coactis
971 677 1116 740 Diacosiis
1137 680 1189 742 de·

56 767 177 814 rentum
200 764 257 822 est,
289 762 319 809 ut
346 771 439 831 paene
460 755 576 810 exsertis
602 751 659 810 ianr
680 751 797 810 ensibus
818 768 919 830 parum
944 751 1086 832 abfuerit,
1136 759 1188 820 uin

55 832 165 891 mutuis
186 828 319 889 caedibus
339 829 449 888 curiam
469 825 560 907 ipsam
580 839 785 900 cruentarent,
813 847 900 908 quam
925 828 1099 894 seditionem
1115 779 1189 898 lial·

56 909 143 966 vinus
163 917 227 966 cum
248 902 369 986 collegis
389 904 596 984 superveniens
616 904 755 984 opposito
783 903 925 984 imprimis
946 925 999 964 suo
1023 905 1112 986 ipsius
1137 933 1186 974 ca·
1231 971 1234 982 ,

80 987 121 1042 ite
144 983 292 1054 inhibuit,
322 1001 487 1064 quanquam
505 979 724 1040 v‘sceleratorum
749 980 839 1040 sactio
864 979 896 1039 in
926 979 1008 1039 illum
1032 987 1188 1070 praecipue

57 1005 192 1135 intretur,
223 1061 289 1138 ips'o
308 1056 506 1130 ¹nihilominus
532 1075 633 1122 eorum
653 1057 763 1117 scelera
783 1068 926 1139 pergente
946 1058 1114 1138 gravissime
1137 1065 1189 1124 de.

56 1137 162 1208 testari,
183 1155 297 1220 eosque
316 1134 481 1228 gravissime
500 1144 590 1214 prout
608 1134 797 1194 merebantur
809 1135 972 1214 increpare.
1002 1135 1189 1218 Nequevero

56 1233 124 1273 rana
150 1213 208 1272 suit
233 1211 410 1271 iudiciorum
438 1209 496 1268 Dei
524 1211 716 1278 denuntiatio.
740 1203 911 1290 ‘Siquidem
942 1211 1044 1293 perid
1075 1224 1191 1297 tempus

57 1289 185 1350 Genetes
206 1288 345 1370 quidam,
365 1285 435 1348 civis
457 1285 655 1362 Genevensi‘s,
676 1287 819 1347 famosum
839 1286 971 1347 libellum
990 1288 1139 1369 scripsisse
1160 1301 1191 1352 et

57 1382 136 1426 sacro
154 1365 277 1446 pulpito
299 1363 422 1424 affixisse
441 1362 656 1442 deprehensus,
682 1364 713 1422 in
754 1385 792 1424 uo
812 1375 875 1423 tum
894 1363 948 1426 alia
968 1366 1059 1426 multa
1079 1367 1191 1430 nefaria

56 1444 217 1504 insacrum
240 1440 452 1514 Ministeriur'n,
474 1451 536 1497 turn
565 1438 650 1498 etiam
677 1385 753 1500 illud
768 1439 905 1520 scripturn
932 1452 1010 1516 erat,
1034 1441 1191 1506 Caluinum

58 1520 166 1578 esseio
188 1517 369 1578 Rhodanum
390 1514 650 1596 praecipitandum,
671 1537 754 1576 cansa
775 1516 850 1577 dicta
871 1530 902 1577 et
919 1517 1099 1580 infinitarum
1120 1519 1191 1582 alia·

57 1617 117 1656 rum
138 1596 201 1656 blas
215 1593 388 1654 ‘berniacum
408 1604 527 1673 praeter
546 1593 806 1672 exspectationem¹
819 1593 970 1655 convictus
993 1597 1095 1675 capitis
1119 1619 1190 1681 sup-

75 1672 141 1732 licio
167 1617 297 1733 aflictos
321 1681 374 1729 est.
413 1669 495 1744 Quin
524 1670 609 1728 etiam
629 1681 697 1750 post
723 1670 784 1729 eius
810 1667 960 1730 interitum
985 1671 1121 1736 inventus
1147 1685 1192 1736 est

57 1693 170 1809 libellus
190 1748 283 1843 ipsius
302 1767 389 1805 manu
410 1746 545 1806 adversus
565 1745 669 1806 Mosen
689 1745 699 1804 i
721 1767 843 1828 sumque
862 1747 936 1808 adeo
952 1747 1100 1810 Christum
1119 1770 1192 1832 pro·

59 1825 131 1886 iesso
152 1836 297 1906 scriptus,
317 1843 376 1903 quo
396 1823 552 1902 impietatis
571 1823 683 1886 scelere
701 1767 823 1883 dubium
843 1844 905 1884 nun
926 1835 1004 1899 erat,
1028 1826 1098 1919 quin
1118 1827 1191 1890 alios

59 1903 140 1962 etiam
161 1901 280 1984 aliquot
300 1899 456 1960 iniecisset.
496 1899 623 1979 Scripsit
647 1911 744 1960 autem
763 1899 822 1960 hoc
846 1899 910 1981 ipso
932 1921 1010 1960 anno
1035 1924 1066 1962 ιιι
1085 1904 1191 1966 mediis

57 1978 110 2038 illis
136 1977 351 2040 certaminibus
379 1975 516 2038 Calvinus
534 1976 713 2036 Antidotum
738 1975 872 2038 adversus
899 1977 1067 2039 Tridentini
1092 1983 1193 2043 conci·

58 2052 164 2137 tiabnliq
176 2054 323 2116 sessiones
343 2065 471 2134 septem:
490 2053 620 2134 itemque
632 2051 881 2138 Rotomagensem
894 2051 976 2136 [hod.
986 2053 1190 2142 assultum]

59 2131 212 2191 ecclesiam
233 2129 326 2191 missis
346 2129 439 2190 literis
459 2129 593 2190 adversus
613 2129 800 2190 Franciscani
827 2131 975 2191 cuiusdam
1001 2131 1117 2195 fraudes
1142 2155 1191 2195 re-

59 2221 235 2269 novatorum
268 2228 283 2266 a
314 2206 472 2266 libertinis
497 2204 685 2287 Carpocratis
710 2207 844 2268 errorum
870 2227 1018 2269 venenum
1042 2209 1085 2271 ihi
1109 2233 1192 2292 spar-

60 2286 153 2366 gentis
174 2283 369 2345 confirmavit.

135 2441 241 2508 (thebe
257 2436 357 2512 1549.)
380 2389 470 2494 Anno
482 2445 635 2512 sequente,
647 2433 677 2494 id
695 2443 747 2508 est,
755 2431 980 2566 quadragesimo
994 2446 1097 2496 octavo
1109 2455 1196 2518 supra

62 2510 364 2594 sesquimillesimum,
386 2510 485 2588 erupit
505 2511 635 2568 eiusdem
659 2507 736 2566 illius
769 2519 893 2568 actionis
915 2507 1032 2585 malum,
1046 2509 1080 2572 iis
1100 2513 1195 2607 (quod

60 2608 156 2670 paene
169 2585 344 2647 incredibile
358 2585 545 2660 est)maxime
562 2583 703 2642 abutente
715 2583 831 2656 Surena,
872 2588 901 2644 ui
919 2596 1017 2646 tamen
1036 2608 1196 2672 praecipue

62 2663 175 2726 mederi
188 2662 269 2722 malis
281 2662 341 2722 istis
355 2660 521 2733 studebant,
541 2659 565 2719 F
567 2659 658 2720 arello
672 2679 780 2740 nempe
798 2671 827 2720 et
867 2661 966 2723 ireto.‘
995 2663 1095 2740 Quum
1117 2669 1195 2730 eninr

62 2742 183 2802 ineunte
205 2761 283 2800 anno
305 2737 455 2798 Genesim
476 2739 623 2798 venissent
643 2749 672 2796 et
692 2737 855 2797 orationem
874 2737 905 2798 in
931 2739 1042 2801 Senatu
1060 2745 1196 2826 gravissi-

62 2841 136 2879 mam
163 2818 202 2878 de
232 2813 444 2896 componendis
470 2813 593 2876 dissidiis
618 2812 803 2890 habuissent,
830 2814 953 2877 Calvino
981 2819 1099 2898 quidem
1120 2819 1195 2883 nihil

65 2895 141 2954 aliud
184 2915 255 2954 uam,
271 2891 510 2954 emendationem
532 2912 646 2952 morum
671 2890 855 2972 postulante,
878 2893 1005 2954 Perrino
1030 2917 1101 2960 vero
1128 2919 1194 2963 cunr

65 2973 118 3032 suis
139 2917 213 3038 nihil
233 2991 293 3030 non
314 2967 487 3046 simulante,
511 2967 717 3061 ut'pristinum
738 2968 835 3030 locum
862 2971 1024 3051 reciperet,
1049 2978 1111 3032 turn
1132 2975 1197 3058 qui·

66 3049 129 3107 dem
149 3049 210 3108 visa
231 3058 298 3108 sunt
315 3049 414 3112 omnia
435 3057 615 3126 composita,
638 3044 690 3106 sed
714 3044 802 3106 bonis
822 3046 889 3106 siris
908 3047 1077 3128 impositum
1098 3052 1197 3134 potius

67 3124 168 3199 luisse,
194 3144 240 3184 res
260 3123 319 3204 ipsa
339 3143 407 3183 mox
426 3121 638 3202 comprobavit.
676 3121 803 3181 Perrino
822 3123 965 3204 siquidem
985 3127 1123 3204 restituto
1144 3148 1197 3188 eo-

68 3222 157 3280 usque
184 3220 247 3265 sese
274 3200 375 3259 extulit
398 3197 606 3260 sceleratorum
631 3197 819 3290 improbitas,
849 3210 883 3258 ut
914 3200 1081 3282 thoracibus
1109 3205 1198 3266 etiam

69 3278 237 3356 quibusdam
259 3278 288 3336 in
309 3276 402 3336 crucis
421 3277 541 3334 modum
562 3275 702 3350 dissectis,
722 3274 829 3356 quibus
847 3294 911 3335 sese
930 3289 1034 3337 mutuo
1054 3298 1197 3362 agnosce-

35 3343 39 3360 *
70 3367 147 3431 rent,
174 3353 268 3434 palam
292 3363 463 3428 uterentur,
489 3363 519 3411 et
543 3350 590 3411 alii
616 3350 675 3410 suis
699 3351 819 3411 canibus
840 3349 955 3430 Caluini
973 3373 1083 3414 nomen
1102 3358 1199 3438 impo-

71 3443 182 3504 nerent,
203 3429 250 3489 alii
270 3429 474 3490 Calvinumin
495 3427 620 3500 Caiuum
641 3427 898 3501 transformarent,
923 3449 984 3490 non
1006 3433 1090 3510 pauci
1111 3433 1197 3494 deni-

73 3527 125 3584 que
144 3507 222 3567 illius
243 3504 487 3566 odio-abstinere
512 3524 542 3564 se
567 3525 583 3563 a
605 3504 707 3563 Coena
732 3504 856 3563 Domini
881 3515 1069 3567 testarentur.
1109 3509 1197 3585 Quae

75 3585 164 3644 omnia
185 3605 274 3663 quom
295 3581 413 3642 fortiter
431 3579 482 3640 ille
502 3591 532 3640 et
551 3580 682 3715 colleghae
703 3577 792 3660 ipsius
804 3579 1067 3662 reprehenderent,
1087 3587 1198 3652 vocatis

39 3713 40 3717 ,
74 3660 100 3717 in
120 3659 357 3722 Senatumvicit
381 3658 499 3737 quidem
525 3657 610 3717 facile
659 3676 786 3716 onorum
810 3655 995 3734 innocentia,
1019 3663 1199 3744 tandemque
1259 3699 1263 3718 .

40 3781 41 3800 ,
74 3733 179 3796 llVlll.
199 3734 357 3795 Decemhr.
378 3734 504 3794 sollenni
523 3732 711 3794 iureiurando
735 3734 843 3794 sancita
864 3755 976 3794 rursum
998 3739 1198 3812 cst'dpsqgtn,
1254 3767 1262 3791 ι

76 3812 120 3870 sed
141 3813 211 3875 h'aec
233 3812 330 3873 omnia
350 3833 403 3892 per
422 3810 638 3872 simulationem
660 3810 737 3869 sa‘cta
757 3807 856 3885 luisse,
875 3831 929 3871 nec
943 3812 1018 3874 aliud
1032 3829 1095 3875 tum
1108 3833 1198 3896 quae-

77 3887 166 3949 sivisse
186 3889 473 3969 Perrinum,tqnam
493 3900 527 3947 ut
545 3887 725 3969 syrrdicatum
746 3887 866 3967 adeptus
886 3888 995 3950 aditum
1015 3890 1070 3952 sihi
1091 3903 1121 3950 et
1140 3887 1199 3949 suis

78 3963 221 4025 adomnia
264 3964 391 4026 erdenda
411 3965 502 4056 magis
526 3975 560 4024 ac
584 3964 674 4046 magis
694 3961 889 4046 patefaceret,
915 3977 1036 4027 eventus
1060 3984 1199 4045 compro-

44 4081 45 4088 ,
80 4036 156 4101 havit.
197 3987 334 4102 Calvinus
353 4054 449 4100 autem
469 4039 532 4102 istis
553 4039 824 4118 concertatihnihus
840 4063 900 4102 nou
921 4043 1010 4104 modo
1024 4061 1083 4113 non
1105 4039 1201 4117 cessit,
1234 4071 1238 4076 ¹

44 4107 54 4208 'q
80 4133 170 4178 serum
190 4120 285 4179 etiam'
299 4117 379 4212 quasi
399 4119 428 4178 ln
451 4117 515 4178 otio
534 4116 737 4198 sepristolas
752 4117 835 4180 Pauli
856 4119 1029 4180 doctissimis
1049 4113 1201 4178 hommen-

45 4208 55 4242 ι
81 4195 150 4254 tariis
170 4196 333 4268 illustravit,
353 4207 384 4254 et
402 4191 526 4253 Interim
546 4193 618 4253 illud
639 4195 718 4284 quod
738 4207 861 4270 uocant,
880 4192 1099 4276 pessumdandis
1120 4193 1199 4256 Ger-

47 4318 54 4336 „
82 4271 191 4334 manicis
218 4271 348 4331 eeclesiis
373 4271 501 4346 editum,
532 4271 701 4350 gravissimo
726 4270 835 4352 scripto
862 4272 1015 4344 refutavit,
1045 4288 1201 4356 veramque

47 4340 55 4401 l
85 4341 278 4409 instaurandae
313 4347 451 4414 ecclesiae
489 4351 634 4408 rationem
670 4347 814 4407 ostendite
854 4347 1044 4430 Astrologiae
1075 4348 1204 4427 denique

49 4464 51 4508 t
86 4439 160 4499 quem
179 4425 363 4487 iudiciariam
383 4435 507 4501 vocant,
530 4425 578 4486 cui
603 4421 768 4504 plusculum
786 4422 917 4480 tribuere
938 4441 999 4481 non
1019 4425 1106 4503 pauci
1124 4425 1205 4484 ride·

50 4529 63 4719 l
