2808 4748
179 255 264 334 x128
415 219 565 324 suerro
587 261 622 320 V.
662 261 812 322 Muneris
832 260 907 322 Iesu
927 215 1140 324 iuniorum*

136 455 144 472 κ
201 434 267 502 Ῥεῖ
288 411 435 478 doctrina
457 412 535 489 eins,
556 411 632 496 quie
653 430 726 474 cum
747 419 908 495 potestate
929 411 1120 476 coniunctus
1142 419 1210 476 erat
1230 431 1344 494 sermo

205 519 318 604 ipsius.
359 513 411 577 33.
432 511 474 576 Et
495 514 530 577 in
555 526 722 596 synagoga
744 521 813 576 erat
832 510 929 577 homo
945 510 1077 577 ‘habens
1097 513 1241 597 spiritum
1264 511 1345 576 dac·

207 619 314 684 monis
324 603 506 680 'immundis
530 620 563 678 et
584 610 771 676 exclamavit
791 630 873 676 voce
894 634 1023 698 magna,
1049 614 1100 678 34.
1122 613 1254 691 Dicens,
1276 613 1341 692 Ah,
1391 671 1392 708 p

210 718 290 808 quid
310 711 373 782 tibi
391 711 560 778 nobiscum
588 722 649 788 est,
675 711 749 775 Iesu
775 711 965 779 Nazarene?
999 715 1115 779 venisti
1137 709 1179 784 ad
1199 713 1342 798 perden-
1391 741 1392 788 g

211 822 288 888 dum
305 819 391 884 nos?
411 815 490 880 nori
512 824 554 904 te,
575 813 646 897 quis
668 814 718 888 sis,
741 812 877 878 Sanctus
898 813 1021 879 scilicet
1040 813 1115 878 Dei.
1157 813 1207 878 35.
1225 813 1269 879 Et
1293 817 1342 878 in·
1360 815 1363 822 ’

211 921 353 1009 creparit
374 914 465 980 illum
486 913 589 990 lesus,
620 911 746 991 dicens,
774 911 989 992 Obnrutesce,
1017 917 1118 980 etesi
1143 911 1256 979 abeo.
1298 915 1340 978 Et
1391 915 1392 950 ³

210 1043 309 1110 quum
330 1017 520 1106 proiecisset
541 1034 614 1078 eum
643 1011 848 1078 daemonium
873 1017 908 1080 in
928 1016 1084 1094 medium,
1111 1017 1186 1080 exiit
1207 1014 1248 1080 ab
1271 1015 1337 1094 illo,
1391 1019 1392 1022 ’

209 1121 356 1207 nihilque
375 1115 425 1181 illi
445 1116 564 1180 nocuit.
606 1113 658 1177 36.
686 1114 730 1177 Et
754 1113 860 1180 ,tactus
885 1125 934 1180 est
960 1125 1062 1202 pavor
1088 1137 1186 1202 super
1216 1138 1338 1194 omnes,

212 1245 249 1290 ac
274 1215 546 1305 colloquebantur
566 1216 652 1279 inter
672 1235 759 1293 sese,
785 1213 944 1295 dicentes,
966 1217 1050 1302 Quis
1071 1237 1176 1282 sermo
1197 1217 1251 1282 hic
1273 1221 1339 1283 esti

142 1306 145 1318 ¹
211 1326 288 1412 quia
309 1341 380 1386 curn
402 1317 591 1381 auctoritate
614 1324 646 1381 et
673 1323 833 1402 potestate
851 1318 995 1405 'imperat
1020 1317 1184 1405 spiritibus
1205 1321 1339 1386 immun·

213 1427 271 1505 dis,
292 1433 325 1488 et
347 1426 474 1485 exeunt.
515 1478 518 1486 ,

285 1548 448 1615 Probabile
475 1561 534 1629 est,
560 1550 638 1612 hune
658 1550 879 1614 daemoniacum
904 1552 994 1618 luisse
1012 1571 1103 1614 unum
1123 1551 1261 1615 exturba
1280 1552 1337 1628 illa,

212 1633 292 1698 cuius
316 1629 450 1690 meminit
474 1629 562 1709 paulo
588 1641 656 1690 ante
682 1631 854 1690 Matthaeus.
906 1631 965 1692 Sed
985 1636 1062 1692 'non
1090 1651 1266 1712 supervacua
1295 1643 1338 1690 est
1391 1695 1392 1704 χ

208 1709 301 1773 Marci
322 1720 352 1767 et
363 1707 460 1766 Lucae
473 1705 616 1780 narratio,v
631 1707 697 1786 quia
710 1707 937 1768 circumstantias
950 1709 1088 1790 quasdem
1099 1709 1242 1784 referunt,
1265 1727 1337 1785 qnae

211 1807 273 1849 non
292 1783 388 1846 solum
406 1781 577 1842 miraculum
596 1784 694 1864 magis·
706 1783 863 1858 illustrant,
883 1787 933 1845 sed
954 1786 1110 1846 continent
1130 1785 1216 1846 etiam
1235 1787 1335 1844 utilem
1391 1797 1392 1800 ’

95 1862 100 1871 ’
145 1913 151 1926 .
211 1862 383 1925 doctrinam.
421 1860 528 1920 Astute
554 1860 631 1919 enim
652 1861 761 1919 fatetur
780 1860 921 1934 daemon,
947 1863 1095 1924 Christum
1123 1867 1183 1923 e's'sc
1202 1861 1339 1922 Sannum

210 1940 283 2017 Det,
300 1951 334 1998 ut
347 1937 472 2018 obrepat
490 1935 657 1996 hominibus
668 1937 805 2016 suspicio,
825 1938 932 2016 aliquid
945 1959 1011 1998 eum
1024 1939 1132 1999 habere
1145 1944 1210 1998 curh
1223 1938 1340 1999 Christo

210 2013 445 2080 necessitudinis.
497 2013 566 2088 Qua
591 2015 677 2072 etiam
705 2013 820 2074 vafritie
845 2015 1037 2097 Evangeliurn
1066 2015 1191 2076 subinde
1220 2027 1339 2076 conatus

212 2107 257 2156 est
275 2103 440 2174 suspectum
461 2090 601 2162 reddere,
627 2102 656 2151 et
674 2090 765 2150 hodie
783 2089 862 2158 idem
881 2103 997 2152 tentare
1017 2113 1078 2154 non
1099 2093 1217 2153 desistit.
1260 2093 1339 2152 Haec

210 2171 287 2240 ratio
309 2180 367 2244 est,
391 2189 444 2228 cur
463 2187 531 2226 eum
550 2165 683 2228 Christus
708 2179 883 2247 compescat.
922 2169 1001 2228 Fieri
1021 2167 1138 2250 quidem
1169 2177 1340 2248 potest‚'ut

210 2249 285 2308 haec
303 2245 347 2306 illi
367 2241 514 2324 confessio
535 2242 681 2304 violenter
700 2249 834 2324 expressa
854 2245 952 2316 fuerit,
972 2245 1023 2306 sed
1044 2245 1115 2306 haee
1135 2245 1293 2322 duopiuter
1307 2265 1339 2308 se
1391 2283 1392 2286 =

211 2325 276 2386 n'on
293 2333 442 2404 pugnant,
464 2319 543 2401 quod
564 2320 674 2380 Christi
694 2321 846 2400 potentiae
866 2319 971 2382 e'edere
996 2335 1114 2383 coaetus
1139 2322 1219 2382 illum
1245 2321 1338 2381 erola·
1391 2397 1392 2400 Ἴ

211 2413 273 2462 mat
292 2420 354 2462 esse
375 2398 515 2458 Sanctum
535 2396 608 2471 Dei,
628 2409 659 2457 et
677 2408 776 2456 tamen
793 2410 885 2458 astute
907 2399 1017 2477 Christi
1037 2399 1160 2480 gloriam
1180 2399 1238 2460 suis
1256 2410 1340 2459 tene·
1391 2405 1392 2438 ³

211 2479 273 2540 bris
297 2475 448 2539 involvere
474 2485 607 2550 conetur.
656 2474 829 2550 Notandum
854 2487 898 2536 est
924 2477 1027 2551 etiarn,
1057 2476 1099 2536 s'ic
1128 2496 1195 2535 eum
1221 2474 1338 2536 Christo
1391 2483 1392 2530 ]

212 2554 355 2628 blandiri,
380 2563 414 2613 ut
432 2572 463 2612 se
484 2549 605 2632 oblique
625 2550 661 2611 ab
684 2553 744 2612 eius
764 2573 852 2612 manu
871 2551 1029 2612 subducat:
1056 2564 1143 2632 atque
1169 2551 1227 2612 hoc
1250 2552 1338 2614 modo
1391 2549 1392 2600 ἶ

213 2651 318 2692 seeum
342 2633 404 2709 ipse
433 2640 554 2708 pugnat.
613 2628 763 2703 Quorsum
795 2630 874 2688 enim
906 2629 1100 2699 sanctificatus
1131 2638 1175 2688 est
1209 2651 1226 2688 a
1254 2629 1340 2687 Patre

214 2707 360 2781 Christus,
380 2706 435 2763 nisi
453 2715 487 2761 nt
504 2701 637 2764 homines
655 2717 673 2763 'a
694 2704 805 2764 dlaboli
824 2707 980 2785 tyrannide
999 2706 1129 2766 liberans
1139 2705 1199 2766 eius
1218 2725 1341 2787 regnum

214 2782 345 2842 evertat?
383 2779 443 2838 Sed
464 2778 630 2856 quiaSatan
650 2779 797 2853 virtutem,
818 2802 904 2859 quam
923 2780 979 2842 sibi
999 2782 1141 2855 exitialem
1163 2801 1225 2844 esse
1243 2781 1340 2857 sentit,

211 2859 292 2916 ferre
319 2875 381 2919 non
406 2865 521 2935 potest,
547 2853 696 2916 Christum
721 2855 801 2916 inani
826 2856 914 2928 titulo
941 2871 1113 2920 contentum
1137 2859 1289 2940 quiescere
1312 2869 1342 2918 et
1391 2917 1392 2930 ,

154 2987 158 3000 ,
186 2933 310 2999 ‚iacere
332 2955 366 2998 cu
391 2943 463 2990 eret.
574 2941 576 2948 ’
1104 2981 1113 3001 ,
1391 2937 1392 2952 ’

289 2953 448 3072 Massiua.
486 3005 643 3082 Sarpedone
665 3027 754 3084 supas·
777 3005 910 3068 doctrino
932 3012 1002 3072 eius.
1050 3010 1225 3094 Significant
1248 3010 1342 3071 Eran-

236 3083 352 3162 elisue,
371 3084 519 3148 refulsisse
538 3084 569 3144 in
594 3104 739 3160 sermone*
752 3084 861 3145 Christi
882 3087 903 3146 S
926 3087 1009 3149 iritus
1029 3089 1179 3166 virtutem,
1199 3107 1343 3167 quaegau-
1391 3095 1392 3100 ’

213 3102 326 3223 ditores
347 3163 433 3222 etiam
453 3159 594 3242 profanos
615 3173 664 3220 aut
684 3160 806 3244 frigidos
826 3162 856 3221 in
877 3108 1099 3226 admirationem
1119 3176 1249 3247 cogeret.
1283 3163 1342 3222 Lu-

185 3266 187 3270 ·
215 3259 262 3299 cas
283 3238 363 3312 dicit,
381 3257 549 3300 sermonem
570 3239 630 3297 eius
650 3237 738 3299 fnisse
757 3242 789 3298 in
802 3253 956 3318 potestate,
977 3242 1034 3302 hoe
1055 3253 1099 3302 est
1118 3238 1260 3324 dignitate
1280 3239 1342 3321 ple·
1391 3235 1392 3282 l

213 3335 295 3374 num.
333 3314 453 3376 Plenius
472 3313 604 3389 Marcus,
625 3315 675 3394 qui
694 3315 852 3376 antithesin
872 3317 969 3393 addit,
988 3317 1154 3380 usandum
1163 3319 1265 3400 fuisse
1283 3339 1342 3376 ser-

214 3393 294 3450 moni
317 3389 496 3464 Scribarum.
540 3392 615 3451 Nam
640 3412 729 3471 quum
754 3391 909 3454 adulterini
935 3405 1032 3460 essent
1058 3395 1228 3476 Scripturas
1252 3394 1342 3454 inter·
1391 3411 1392 3434 ¹

214 3479 330 3550 preter,
349 3467 468 3528 literalis
489 3478 519 3526 et
538 3479 652 3528 mortua
667 3479 738 3528 erat
755 3489 856 3530 corum
878 3471 1028 3547 doctrina,
1053 3491 1127 3552 quae
1147 3471 1256 3531 nnllam
1277 3469 1343 3550 Spi-
1391 3487 1392 3536 t

217 3546 290 3606 ritus
310 3543 468 3626 efficaciam
487 3544 620 3624 spiraret,
641 3557 671 3604 et
690 3545 720 3603 in
741 3567 798 3627 qua
817 3546 897 3606 nulla
917 3548 1049 3616 subesset
1067 3548 1209 3608 maiestas.
1237 3546 1344 3622 Quale
1391 3581 1392 3620 q

214 3621 309 3683 hodie
328 3611 419 3702 frigus
439 3621 470 3678 in
490 3620 664 3702 speculativa
674 3619 715 3682 Pa
738 3635 807 3688 atus.
817 3622 969 3706 theologia
983 3645 1053 3685 cons
1075 3625 1153 3686 icere
1166 3625 1244 3685 licet.
1267 3623 1345 3683 Satis
1391 3625 1392 3694 3

217 3699 335 3779 quidem
354 3697 511 3833 imperiose
538 3698 679 3758 detonant
703 3642 746 3758 illi
771 3719 817 3758 ma
839 3699 901 3759 istri
925 3645 1073 3780 quicquidl
1086 3703 1179 3762 visum
1205 3711 1264 3777 est,
1294 3699 1346 3760 sed
1391 3751 1392 3760 ,

240 3797 308 3836 unm
327 3794 382 3855 pro
398 3793 454 3833 ano
475 3795 559 3834 more
579 3775 709 3858 garriant
727 3775 764 3835 de'
789 3719 877 3836 relus
898 3777 1017 3854 divinis,
1041 3778 1174 3838 utnulla
1193 3779 1223 3837 in
1243 3795 1345 3836 eornm

217 3797 463 3944 disputationibus
483 3863 622 3931 appareat
641 3851 762 3988 religio,
786 3853 922 3932 putidum
943 3865 987 3917 est
1006 3875 1038 3926 ae
1057 3857 1245 3991 nugatocn'um
1264 3853 1346 3998 qppq·
1391 3921 1392 3938 .

1146 3978 1151 3988 .
1189 3952 1232 3992 or.
1317 3975 1325 3987 .

247 4025 353 4087 egnum
373 4004 513 4084 Deijnon
539 4025 570 4064 nr
594 4023 749 4081 sermone,
778 4005 828 4066 sed
854 4005 885 4065 in
909 4007 1016 4078 r'ntute
1042 4027 1104 4068 esse
1129 3936 1272 4089 'positurii
1309 3973 1347 4065 Id

218 4103 328 4142 sumna
347 4080 513 4164 significant
532 4081 752 4164 Evangelista'e,
778 4103 868 4160 quum
886 4093 959 4143 tunc
980 4083 1109 4166 degener
1128 4095 1160 4143 et
1177 4083 1261 4144 valde
1280 4103 1355 4160 cor·⁸
1391 4095 1392 4148 1

218 4169 321 4236 ruptus
352 4170 430 4219 esset
455 4158 582 4220 docendi
613 4159 735 4236 modus,
789 4160 818 4220 ui
844 4159 923 4220 nulla
939 4157 999 4226 Dei
1025 4160 1190 4221 reverentia
1214 4147 1350 4253 tangeret
1391 4155 1392 4216 1

217 4228 371 4318 hominum
391 4235 520 4312 animos,
550 4237 582 4295 in
605 4255 743 4296 sermone
764 4180 874 4297 dtrissi
898 4257 966 4298 cons
990 4236 1083 4298 icuam
1108 4237 1197 4301 luisse
1222 4237 1348 4297 divinam
1391 4243 1392 4288 i

116 4315 118 4352 Γ
190 4308 439 4396 ’νξιιιβρὶήωὴ
464 4333 539 4394 quae
553 4312 646 4378 iidem
671 4311 715 4372 illi
735 4309 910 4402 acquireret.
963 4259 1044 4374 llaec
1064 4313 1109 4374 est
1126 4313 1277 4394 potentia,
1303 4310 1349 4376 rel
1391 4319 1392 4374 l

219 4375 343 4456 dignatas
361 4389 460 4463 potius
481 4411 515 4452 ac
535 4389 703 4468 auctoritas,
722 4389 757 4450 ad
779 4409 865 4470 quam
886 4388 1013 4471 populus
1034 4389 1267 4470 obstupescebat
1391 4379 1392 4434 l

239 3929 289 3988 nrd
302 3927 453 3988 afferunt:
473 3947 572 4019 neque
592 3929 669 3988 enim
702 3941 796 3988 rustra
810 3930 918 3990 dictum
930 3941 974 3990 est
985 3951 1001 3990 a
1013 3929 1105 3991 Paulo
1116 3931 1143 4006 (Ι
