2808 4748
361 277 424 353 (33,
442 274 624 336 Iesus‘sanat
643 205 900 352 daemoniacumi
1132 273 1201 348 127.

305 253 310 266 ‘
335 257 339 274 l

64 425 93 482 in
113 421 265 484 homiuum
286 419 387 495 corda,
405 418 457 479 sed
477 418 543 498 quia
562 417 720 490 Dominus,
739 437 814 496 quos
832 419 869 479 ad
887 414 1056 483 retrabere
1076 421 1140 486 vult
1158 433 1191 486 et

35 565 40 572 ,
62 519 180 582 rapere,
201 499 221 558 S
243 497 314 557 iritu
333 497 410 557 intus
430 495 605 574 compellat,
627 505 662 554 ut
680 493 748 556 voci
767 513 836 554 suae
856 495 1003 558 obediant.
1048 499 1191 562 Secundo
1249 499 1251 506 '

59 575 193 638 laudatur
234 572 347 634 ocilitas
367 585 399 632 et
416 571 553 653 obsequii
565 569 777 707 ¹promptitudo
798 572 830 630 in
851 570 1008 652 discipulis,
1029 577 1082 654 qui
1099 598 1189 639 voca.

55 655 174 715 tionem
195 651 305 712 Christi
326 649 463 710 omnibus
490 667 561 708 mun
584 649 594 708 i
621 648 748 730 negotiis
779 646 960 729 praeferunt.
1011 651 1190 715 Praesertim

54 730 142 792 verbi
162 725 311 790 ministros
330 727 365 786 ad
386 727 443 786 hoc
467 745 548 788 exem
562 726 631 798 “lum
655 724 815 795 attendere¹
836 722 937 797 decet,
961 737 995 785 ut
1015 729 1190 807 posthabitis

59 804 199 942 omipihus
219 804 375 882 aliiscuris
395 813 526 884 statutos
545 745 706 896 Ecclesiae,
725 801 775 862 cui
794 800 934 864 destinati
951 813 1035 879 stunt,
1053 805 1191 870 addicant

59 905 93 943 ac
134 893 285 942 evoveaut.
612 909 615 912 ·
653 941 659 950 Υ
1286 936 1291 940 ,
1351 927 1353 936 .

136 959 241 1031 Matth.
268 963 315 1023 23.
357 953 504 1017 Giroatt'hut
525 969 613 1017 totam
639 953 814 1016 (indilatam.
847 953 965 1015 'Eadem
985 975 1100 1016 rursum
1119 957 1192 1034 alibi

60 1055 77 1094 a
96 1034 248 1096 Matthaeo
264 1034 451 1094 reserunturs
470 1033 523 1095 sed
541 1035 666 1101 minime
674 1032 832 1094 absurdum
852 1043 909 1106 est,
927 1053 1020 1110 quum
1037 1033 1191 1100 innumera
1206 1105 1209 1112 Α
1262 1093 1270 1098 ,

59 1131 154 1192 prope
172 1111 311 1184 miracula
330 1111 444 1184 assidue
464 1111 553 1192 edere
565 1111 698 1172 Christus
718 1109 869 1189 aliquanto
887 1122 1026 1189 tempore
1044 1129 1108 1171 uon
1127 1130 1191 1176 ees·

61 1189 144 1264 sarit,
167 1185 215 1248 bts'
238 1200 289 1248 aut
307 1199 354 1247 ter
372 1209 487 1248 rursum
508 1206 611 1247 eorum
635 1187 900 1270 fierilmentionem
918 1185 949 1245 iu
969 1206 1089 1268 genere.
1127 1188 1192 1250 Iam

61 1265 90 1324 in
108 1264 205 1326 verbis
224 1263 365 1325 Matthaei
383 1265 481 1342 primo
500 1263 662 1323 notandum
683 1275 741 1338 est,
767 1261 918 1324 Christum
943 1285 997 1322 uus
1020 1285 1087 1324 uam
1127 1265 1191 1326 uie·

60 1342 147 1417 visse,
170 1353 205 1402 ut
227 1341 505 1422 Evangeliisemeu
529 1339 641 1420 ubique
664 1349 823 1430 spargeret.
856 1339 973 1400 'Porro
997 1284 1191 1422 Crangdlium

60 1417 156 1512 Regni
175 1431 261 1480 vocat
272 1416 447 1491 Matthaeus,
468 1435 527 1494 quo
548 1417 736 1477 constituitur
752 1409 878 1496 'regnum
888 1416 948 1477 Dei
965 1417 1191 1480 interhomines

60 1495 89 1553 in
115 1516 256 1575 ipsorum⁴
272 1492 405 1554 salutem.
449 1492 581 1553 Solidam
606 1512 679 1575 ergo
705 1502 736 1550 et
759 1505 909 1575 aeternam
921 1492 1149 1586 ,beatitudinem
1172 1487 1199 1556 a¹

79 1593 127 1632 rus
152 1571 207 1632 eris
231 1591 265 1630 ac
291 1569 374 1630 laetis
402 1569 564 1652 praesentis
586 1569 662 1630 vitae
686 1567 775 1628 rebus
808 1569 954 1629 disceruit.
999 1571 1093 1646 Quod
1117 1571 1191 1632 dicit

12 1697 14 1702 ,
58 1591 235 1724 llatthaeus,
257 1643 407 1730 Christum
426 1645 541 1706 sanasse
561 1665 664 1706 omnes
682 1644 820 1720 morbos,
839 1645 972 1738 intellige
991 1648 1192 1728 cuiuscunqde
1300 1639 1311 1659 ⁸

58 1737 156 1785 esseut
181 1723 307 1806 generis.
347 1723 470 1795 Certum
497 1733 541 1782 est
560 1723 655 1798 enim,
672 1743 750 1792 ,nou
775 1741 878 1783 omues
898 1723 988 1783 fuisse
1013 1723 1190 1786 liberatos'a

58 1802 116 1862 suis
135 1800 260 1881 morbis,
280 1799 331 1862 sed
351 1798 464 1860 nullum
483 1799 540 1860 fuit
557 1798 731 1861 morborum
750 1813 860 1880 genus,
873 1800 962 1880 ‘quod
979 1800 1036 1861 sibi
1056 1801 1191 1864 oblatum

58 1899 120 1938 nou
140 1889 263 1940 sanaret.
299 1877 462 1937 Enumerat
485 1888 582 1938 autem
605 1877 779 1957 praecipuas
804 1877 977 1938 morborum
1003 1880 1132 1960 species,
1157 1883 1193 1940 iu

59 1954 166 2034 quibus
183 1975 263 2016 suam
283 1955 447 2035 potentiam
467 1956 595 2015 exseruit
614 1954 758 2041 Christus.
801 1953 1017 2015 Doammirwos
1036 1955 1191 2036 Scriptura

58 2045 145 2094 vocat
164 2053 226 2092 nou
246 2051 349 2092 omnes
368 2032 553 2111 promiscue,
571 2031 622 2110 qui
642 2029 974 2108 adiabolosvexaptur,
999 2032 1051 2093 sed
1071 2035 1126 2112 qui¹
1140 2054 1191 2094 ar·

58 2129 132 2172 caua
152 2109 211 2169 Dei
235 2109 364 2170 vindicta
385 2109 511 2168 Satanae
536 2108 696 2186 mancipati
720 2120 808 2181 suut,
829 2119 864 2170 ut
889 2129 993 2170 eorum
1016 2122 1133 2170 mentes
1159 2122 1191 2172 et

24 2214 27 2225 s
57 2205 158 2247 sensus
176 2185 332 2266 possideat.
371 2184 511 2244 memet
528 2195 681 2258 vocantur,
700 2184 731 2242 iu
752 2183 859 2263 quibus
879 2186 1011 2266 augescit
1029 2186 1070 2247 vis
1089 2187 1192 2248 morbi
1217 2220 1221 2256 2

57 2261 102 2322 vel
113 2262 258 2324 decrescit
275 2281 333 2342 pro
352 2259 439 2321 lunae
458 2260 662 2334 inclinatione,
677 2260 777 2339 quales
788 2272 857 2320 sunt
868 2263 919 2340 qui
930 2263 1070 2324 comitiali
1080 2265 1191 2326 morbo

57 2339 203 2415 laborant,
222 2349 254 2398 et
273 2337 396 2416 similes·¹
430 2337 536 2412 Quum
551 2335 685 2410 sciamus,
706 2336 848 2396 eiusmodi
867 2337 989 2397 morbos
1009 2339 1191 2402 naturalibus

57 2416 195 2482 remediis
214 2433 276 2474 uon
297 2431 360 2474 esse
380 2411 538 2487 curabiles,
566 2412 714 2493 sequitur,
744 2421 881 2473 testatam
900 2413 989 2474 fuisse
1008 2413 1192 2479 divinitatem

57 2491 183 2566 Christi,
200 2508 290 2570 quum
310 2507 362 2551 eos
380 2487 555 2550 mirabiliter
572 2489 694 2548 sauatit.
1038 2493 1041 2502 “
1151 2499 1172 2518 ·’

97 2747 187 2836 (38.)
223 2746 364 2815 MARC.
382 2748 406 2813 l.
448 2745 499 2811 21.
518 2745 567 2811 ¹Et
584 2746 814 2840 ingrediuntur
831 2725 1054 2834 caper-naim,
1075 2762 1109 2814 et
1127 2759 1192 2818 sta-

57 2853 109 2916 tim
132 2843 291 2918 sabbatis*
305 2853 467 2935 ingressus
488 2850 522 2914 in
543 2869 742 2936 synagogem
768 2847 921 2914 docebat
949 2849 1001 2929 22.
1021 2848 1064 2912 Et
1081 2860 1192 2938 stupe-

56 2952 134 3019 bant
160 2973 260 3038 super
294 2949 442 3016 doctrina
470 2952 554 3015 eius:
587 2939 656 3015 erat
687 2953 772 3016 enim
800 2950 923 3018 docens
953 2941 1014 3017 eos
1036 2955 1190 3040 ta'nquam

57 3057 246 3122 auctoritate
267 3051 448 3136 praeditus,
475 3062 508 3116 et
532 3071 601 3117 non
627 3060 779 3139 tauquam
799 3051 942 3118 Scribae.
984 3055 1035 3120 23.
1055 3055 1099 3120 Et
1121 3067 1192 3124 crat
1265 3081 1277 3094 ‘
1354 3087 1366 3114 s

56 3161 90 3222 in
116 3155 285 3243 synagoga
313 3174 426 3218 eorum
450 3152 549 3220 bomo
578 3151 738 3220 obnoxius
765 3155 893 3240 spiritui
924 3151 1119 3236 immundo,
1133 3145 1191 3246 th

57 3257 267 3334 exclamavit,
298 3253 350 3318 24.
369 3253 502 3334 Dicens,
520 3253 590 3331 Ab,
612 3255 690 3340 quid
715 3257 765 3320 rei
785 3253 883 3321 nobis
903 3264 1010 3322 tecum
1032 3267 1095 3338 cst,
1115 3260 1192 3326 Iesu

56 3359 247 3424 Nazareuei
279 3357 397 3420 venisti
429 3355 472 3420 ad
499 3341 703 3442 perdendum
733 3351 816 3422 uos?
849 3358 928 3424 novi
954 3369 1005 3438 te,
1033 3360 1108 3446 quis
1135 3363 1191 3441 sis,
1265 3410 1268 3416 -

56 3459 193 3524 Sanctus
212 3455 337 3522 scilicet
359 3455 434 3522 Dei.
475 3455 528 3522 25.
556 3456 599 3521 Et
619 3458 801 3543 increpavit
819 3456 911 3524 illum
931 3460 1036 3538 Iesus,
1068 3459 1192 3544 dicens,
1295 3507 1302 3517 -
1391 3487 1392 3494 ¹

56 3558 272 3632 Obmutesco,
301 3567 334 3622 et
361 3551 413 3622 exi
440 3555 484 3622 ab
510 3557 650 3623 homine.
697 3559 748 3622 26.
775 3559 819 3623 Et
846 3579 944 3645 quum
966 3549 1191 3650 discerpsisset

56 3681 128 3728 cum
148 3661 281 3748 spiritus
302 3656 495 3736 immundus,
511 3655 881 3747 exclamassetquevoce
893 3673 1026 3746 '‘magna,
1047 3663 1125 3728 exiit
1146 3659 1190 3729 ab

57 3747 124 3828 cos
147 3763 199 3828 27.
225 3760 268 3825 Et
296 3759 535 3844 obstupuerunt
556 3780 684 3839 omnes,
711 3762 757 3824 ita
783 3769 820 3825 ut
839 3763 1078 3846 ‘conquirerent
1102 3763 1191 3828 inter
1266 3803 1268 3810 ·

12 3875 13 3884 ’
55 3883 98 3942 se,
119 3863 280 3941 dicuntae,
303 3860 395 3946 Quid
418 3870 466 3926 est
486 3859 570 3925 hoo?
598 3879 683 3946 quac
706 3859 854 3926 doctriua
875 3879 965 3926 nove·
985 3860 1088 3926 haec?
1111 3864 1190 3948 quia
1213 3877 1219 3884 ’
1245 3895 1248 3900 ·

56 3984 125 4030 curu
148 3966 338 4030 auctoritate
368 3965 463 4034 etiam
491 3959 858 4046 spiritibus'immundis
878 3963 1029 4050 imperat,
1056 3970 1089 4026 et
1112 3961 1192 4032 ohe·
1288 3953 1292 3958 ’
1391 3983 1392 4042 j

57 4063 151 4131 diunt
168 4047 212 4130 ei.
255 4065 307 4130 28.
326 4063 369 4130 Et
387 4041 493 4128 statiin
514 4083 644 4147 egressa
662 4057 715 4130 'est
732 4063 817 4130 suma
840 4065 913 4134 eius
933 4065 968 4128 iu
989 4061 1191 4130 omuemlo·
1222 4121 1236 4136 c

56 4185 127 4230 cum
148 4164 329 4237 Galilaeae.
898 4177 902 4189 '

139 4300 242 4370 LUC.
261 4301 320 4373 tv„
359 4299 409 4364 31.
436 4297 479 4362 Et
507 4295 677 4373 deseendit
699 4297 907 4388 Capemaum
935 4245 1097 4364 civitatem
1125 4296 1193 4366 Ga·
1283 4312 1290 4318 ’
1391 4263 1392 4282 l

55 4394 184 4487 lilaeae,
204 4400 315 4488 ibique
344 4398 483 4468 docebat
511 4422 569 4469 eos
589 4399 755 4468 Sabbatis:
797 4401 849 4467 32
876 4397 919 4464 Εῐ
938 4395 1116 4484 stupebant
1136 4421 1190 4468 su·
