2786 4742
196 198 262 262 ms·
457 191 611 256 SEGTIO
630 193 666 254 X.
704 193 795 256 lmus
815 208 857 254 rr
875 194 1063 256 Pnanrssnr.

238 343 342 430 (106.)
381 339 552 408 marm
572 342 639 406 Xll.
678 341 730 408 38.
751 343 846 438 Tunc
863 343 1144 432 interrogaverunt
1154 365 1227 434 enm
1248 353 1313 435 qut.

196 447 269 515 dam
295 466 314 510 e
335 440 457 509 Scribis
483 463 520 507 ac
540 441 735 524 Pharisaeis,
759 443 919 523 dicentes,
945 445 1149 532 Praeceptor,
1167 448 1316 516 volumus

195 571 236 616 es
255 558 288 612 te
309 545 432 632 signum
454 542 575 609 videre.
616 545 668 610 39.
688 545 733 610 At
752 544 810 610 ille
827 544 1030 632 respondens
1051 547 1130 615 dixit
1149 547 1228 628 illis,
1250 551 1316 616 Ge-

193 651 320 718 neratio
354 667 454 733 prava
485 655 519 712 et
546 643 693 712 adultera
720 649 845 731 signum
871 647 1010 732 quaerit,
1042 658 1075 714 et
1099 653 1224 736 signum
1248 673 1316 720 non

120 803 125 822 .
194 749 325 818 dabitur
345 747 409 826 illi,
429 749 493 812 nisi
512 747 650 834 siguum·
663 750 763 814 Ionae
785 746 977 833 Prophetae.
1023 749 1077 814 40.
1098 749 1316 836 Quemadmo.

193 851 271 920 dum
293 843 378 916 enim
404 848 467 914 tuit
485 847 582 914 lonas
609 851 644 914 in
664 856 778 916 ventre
800 851 864 914 ceti
887 843 991 912 trihus
1013 847 1129 918 diebus
1154 874 1193 917 ac
1212 853 1315 932 tribus

191 950 353 1030 noctibus,
371 951 418 1015 sic
438 951 500 1015 erit
516 949 619 1016 Filias
637 948 775 1020 hominis
793 952 827 1016 in
841 947 940 1014 corde
961 957 1064 1016 terrae
1085 951 1187 1018 tribus
1200 951 1315 1020 diebus

193 1057 228 1122 et
252 1051 356 1118 tribus·
379 1049 540 1117 noctibus.
595 1049 647 1117 41.
667 1053 742 1117 Viri
765 1048 947 1126 Ninivitae,
975 1056 1166 1136 surgentio
1191 1055 1311 1122 iudicio

192 1178 266 1222 cnm
281 1153 492 1242 generatione
512 1149 581 1232 bar,
599 1147 992 1240 etcondemnabunteam,
1002 1151 1091 1239 quod
1104 1155 1167 1240 ipsi
1183 1177 1313 1243 respue-

191 1259 258 1324 rint
278 1253 321 1322 ad
340 1253 616 1341 praedicationem
635 1255 751 1319 Ionae:
779 1259 811 1318 et
832 1271 909 1316 ecce
933 1249 1008 1340 plus
1029 1275 1125 1340 quam
1144 1255 1237 1320 lonas
1263 1265 1312 1320 est
1361 1305 1362 1308 ,

190 1347 362 1423 hocloco.
399 1356 451 1422 42.
470 1356 597 1440 Regina
617 1352 728 1418 Austri
747 1361 857 1438 surget
880 1354 915 1416 in
941 1350 1063 1423 iudicio
1084 1376 1156 1420 cum
1181 1376 1314 1440 genera·
1361 1427 1362 1436 χ

189 1456 369 1536 tione-bac,
390 1467 423 1548 et
447 1452 676 1524 condemnabit
686 1475 768 1552 cam,
787 1451 877 1552 quod
889 1455 1015 1519 venerit
1033 1477 1052 1520 a
1067 1453 1188 1521 finibus
1207 1467 1312 1521 terrac

190 1557 236 1632 ad
256 1555 449 1632 audiendam
466 1557 658 1643 sapientiam
678 1546 878 1626 Salomonis}
898 1563 931 1623 et
952 1575 1027 1622 ecce
1050 1549 1237 1644 plusquam
1258 1558 1313 1623 Sa·
1361 1555 1362 1580 ¹

189 1659 305 1730 lomcn
325 1657 427 1728 estin
449 1657 619 1726 hocloco.
1179 1652 1182 1656 ’

271 1793 376 1860 LUC.
395 1793 449 1859 XI.
490 1793 540 1858 16.
559 1792 604 1858 Et
624 1787 682 1856 alii
701 1801 862 1860 tentantes
890 1792 1014 1878 signum
1028 1790 1078 1858 de
1099 1791 1194 1858 coelo
1216 1815 1313 1882 quac-

187 1891 305 1960 rebant
325 1891 367 1955 ab
389 1911 440 1954 eo.
460 1890 586 1984 (Paulo
604 1894 705 1978 post.)
745 1893 797 1958 29.
819 1889 940 1958 Turbis
956 1902 1067 1958 'autem
1088 1893 1310 1960 condensanti-

187 1993 252 2076 bus
276 2013 328 2072 se,
348 1991 458 2078 coepit
479 1989 604 2069 dicere,
625 1985 724 2056 Natio
744 1988 828 2055 haec
844 1993 933 2055 mala
951 2002 1014 2064 est,
1035 1997 1156 2078 signum
1175 1999 1312 2080 quaerit,

190 2105 225 2164 et
257 2096 382 2180 signum
414 2113 484 2160 non
516 2089 649 2159 dabitur
681 2093 726 2171 ei,
757 2093 822 2156 nisi
845 2093 970 2177 signum
994 2081 1104 2156 Ionae'
1123 2093 1311 2181 Prophetae.

187 2195 241 2262 3⁰.
257 2195 343 2261 Nam
362 2195 445 2260 sicut
468 2192 531 2260 tuit
550 2193 647 2260 Ionas
668 2195 792 2278 signum
812 2191 980 2272 Ninivitis,
1005 2195 1051 2258 ita
1076 2197 1145 2258 erit*
1157 2205 1191 2259 et
1209 2195 1312 2261 Filius
1361 2201 1362 2288 ᾗ

187 2297 327 2364 hominis
351 2297 477 2363 nationi
502 2293 587 2360 huie.
632 2292 684 2359 31.
710 2283 838 2378 Regina
863 2293 973 2356 Austri
998 2303 1106 2380 surget
1129 2297 1164 2359 in
1189 2296 1310 2362 iudicio
1361 2297 1362 2306 ’

188 2421 262 2464 cum
279 2398 358 2462 viris
378 2396 520 2466 nationis
539 2393 649 2473 huius,
674 2403 707 2458 et
727 2391 957 2460 condemnabit
977 2389 1066 2472 illos,
1087 2397 1163 2480 quia
1182 2399 1273 2463 venit
1293 2421 1312 2462 a

186 2496 310 2564 finibus
329 2505 445 2575 terrae,
464 2504 502 2560 ut
522 2492 651 2561 audiret
667 2494 861 2582 'sapientiam
872 2493 1068 2561 Salomonis:
1089 2507 1219 2562 et-ecce
1239 2497 1312 2585 plns

166 2635 167 2640 κ
187 2621 285 2688 quam
305 2595 463 2665 Salomon
489 2599 525 2662 in
551 2596 616 2662 hoc
640 2592 726 2664 locu.
771 2594 823 2660 32.
839 2595 915 2660 Viri
934 2596 1097 2662 Ninivitas
1122 2609 1254 2685 surgent
1279 2602 1313 2664 in

186 2701 310 2768 iudicio
330 2721 402 2766 cum
423 2697 558 2764 natione
582 2695 658 2774 hac,
691 2703 725 2762 et
755 2693 1018 2762 condemnabunt
1048 2720 1133 2778 eam,
1161 2699 1238 2787 q'uia
1271 2701 1312 2766 ad

186 2802 419 2888 poenitentiam
441 2797 573 2864 adducti
593 2807 667 2864 sunt
686 2796 931 2888 praedicatione
952 2801 1066 2866 Ionae:
1087 2809 1120 2866 et
1140 2821 1218 2866 eece
1240 2801 1312 2888 plus
1359 2849 1360 2882 ,

188 2884 285 2990 q'uam
305 2903 402 2970 Ionas
422 2902 458 2966 in
478 2899 543 2966 hoc
561 2896 649 2967 loco.
672 2891 684 2902 “
706 2992 709 3000 .

262 3093 335 3156 Luc.
354 3099 402 3160 16.
439 3093 509 3154 Alit
531 3104 668 3153 tentantes
689 3095 804 3170 Quum
821 3091 1003 3174 qrmeauhtust.
1047 3091 1150 3153 Simile
1174 3092 1313 3172 quiddam

185 3169 294 3231 iterum
311 3170 405 3232 refert
422 3170 586 3248 Matthaeus
606 3169 703 3249 capite
722 3177 769 3236 16.
790 3181 820 3230 et
838 3172 954 3235 Marcus
974 3191 1006 3231 ca
1027 3169 1068 3230 ite
1086 3175 1114 3240 8.
1154 3169 1242 3240 Unde
1262 3193 1314 3250 ap-

208 3257 272 3306 aret
291 3245 439 3308 Christum
458 3245 572 3326 saepius
590 3243 644 3306 bac
665 3247 701 3308 de
721 3267 755 3308 rc
772 3248 860 3309 fuisse
883 3244 1010 3327 interpel
1052 3267 1117 3323 um,
1142 3257 1175 3306 ut
1198 3244 1313 3306 nullum

185 3267 276 3384 ΞΜ
295 3321 400 3383 habuit
419 3343 522 3388 eorum
541 3321 728 3402 improbitas,
747 3325 798 3403 qui
816 3324 907 3387 semel
925 3332 1086 3395 statuerant
1105 3322 1220 3388 veritati
1241 3325 1315 3383 resi·
1359 3375 1360 3382 ,

186 3409 274 3468 ctera.
312 3399 436 3460 Certum
458 3411 628 3475 astantem,
647 3401 671 3462 si
693 3416 763 3460 num
776 3417 842 3466 eos..
854 3411 971 3480 petere,
989 3411 1023 3460 ut
1042 3400 1205 3481 speciosum
1224 3419 1314 3482 prae-

185 3486 298 3536 textum
320 3473 427 3538 habeat
450 3495 552 3539 eorum
576 3477 658 3537 incre
679 3476 778 3554 ulitas,
809 3477 887 3558 quod
919 3475 1034 3538 scilicet
1059 3476 1169 3536 Christi
1194 3476 1313 3536 vocatio

185 3551 215 3612 le
237 3552 317 3614 'time
336 3572 399 3614 non
418 3553 454 3612 sit
472 3552 635 3636 obsignata.
673 3555 779 3634 Neque
799 3555 876 3614 enim
895 3571 930 3612 ea
949 3565 993 3615 est
1005 3552 1147 3625 docilitas,
1165 3563 1199 3612 ut
1217 3553 1314 3612 trihus

165 3573 379 3710 *nailquatuor
397 3627 541 3692 miraculis
562 3630 670 3692 cessuri
688 3631 761 3707 sint,
792 3631 901 3691 nedum
925 3641 959 3696 ut
977 3651 1071 3691 unum
1090 3629 1229 3690 sufficiat:
1261 3629 1313 3688 sed
1361 3683 1362 3692 ,

186 3707 432 3785 quemadmodum
452 3727 547 3787 nuper
565 3709 617 3771 atti
641 3710 666 3782 i,
697 3707 754 3768 hoc
774 3709 877 3768 colore
903 3717 1039 3774 excusant
1058 3726 1089 3767 se
1108 3705 1195 3764 fidem
1214 3706 1311 3766 Evan—
1361 3723 1362 3740 ²

112 3811 115 3820 ¹
185 3781 265 3918 gelio
276 3804 337 3852 noo
350 3783 470 3860 habere,
488 3785 554 3864 quia
573 3729 685 3846 nulium
705 3785 766 3846 eins
784 3783 909 3867 sigillum
930 3803 946 3844 e
966 3783 1051 3845 coelo
1066 3781 1199 3848 Christus
1211 3793 1310 3842 osten·

207 3870 245 3918 at.
282 3857 424 3923 Miracula
443 3862 500 3922 ianr
518 3863 584 3924 satis
604 3860 694 3922 multa
714 3873 745 3920 et
764 3860 840 3922 clara
853 3861 983 3921 ediderat
1002 3870 1070 3920 ante
1089 3859 1218 3940 ipsorum
1237 3878 1310 3916 ocu-

185 3934 242 4010 108,
261 3938 361 3999 veruta
382 3937 464 4017 quasi
482 3955 544 4000 noa
554 3939 670 4010 valeant
689 3935 725 3998 ad
745 3937 897 4006 doctrinae
909 3936 1171 4010 confirmationem,
1192 3933 1311 4013 aliquod

185 4010 321 4074 ercoelo
352 4014 472 4092 prodire
500 4013 620 4090 volunt,
648 4015 679 4074 in
706 4034 772 4094 quo,
789 4013 907 4076 visibilis
927 4011 1146 4094 quodammodo
1171 4021 1312 4090 appareat
1361 4043 1362 4070 t

184 4084 276 4146 Deus.
320 4088 494 4170 Magistrum
517 4091 637 4172 quidem
656 4090 781 4152 salutant
801 4111 833 4151 ex
852 4110 950 4166 more,
999 4088 1046 4150 nia
1069 4101 1142 4152 tuuc
1161 4089 1202 4148 ita
1221 4107 1313 4148 voca·
1361 4095 1362 4154 1

98 4189 99 4192 “
184 4159 257 4220 hant
275 4182 378 4226 omnes
398 4165 516 4230 Scribas
535 4179 566 4227 et
583 4167 626 4226 Le
649 4167 671 4228 is
690 4167 881 4248 interpretes,
899 4167 953 4238 sed
971 4111 1149 4246 rhopham
1168 4163 1229 4222 Dei
1249 4183 1315 4222 non
1361 4187 1362 4230 t

170 4250 359 4314 agnoscunt,
377 4239 473 4303 donec
491 4247 690 4307 testimonium
710 4262 727 4304 e
747 4244 833 4305 coelo
853 4245 1004 4338 producat.
1043 4241 1150 4302 Sensus
1160 4259 1233 4322 ergo
1251 4250 1314 4299 est:
1361 4247 1362 4252 ’

185 4312 304 4386 quando
322 4325 354 4376 te
379 4319 528 4396 profiteris
553 4321 707 4389 doctorem
731 4342 764 4384 ae
787 4333 974 4405 magistrum,
1004 4320 1030 4383 si
1052 4328 1117 4380 nos
1136 4315 1246 4380 hahere
1266 4316 1314 4378 ris
1361 4371 1362 4388 ,
