2824 4756
903 205 908 232 p
941 193 947 220 .’

464 261 525 328 (15-
565 249 717 318 Somnium
730 255 879 340 deceptui.)
1201 261 1258 324 tet

489 401 493 414 l

82 389 222 478 *monem
250 401 319 481 quia
338 399 450 461 Ioacim
496 411 559 460 ater
579 419 611 460 re
635 401 657 460 is
676 399 979 478 Ioaclsinlcommune
999 398 1158 463 Iecluoniae
1181 413 1258 462 not.
1347 423 1355 470 ‚·

96 501 167 540 meu
190 500 262 540 cum
282 473 344 538 filio
364 498 420 538 suo
438 421 582 536 haluerit·
594 419 664 554 (lger.
684 483 733 549 27,
751 483 798 541 20.
819 475 1066 560 Π.Ὶ1ιος.2ι,6.
1087 481 1148 556 15)¹
1197 477 1259 536 Et.

96 559 211 692 pitatpr
229 554 394 615 alloberto
406 551 693 636 Stephanograecus
713 547 816 628 eo'dex,
837 555 887 613 ubi
906 555 1106 636 interponitur
1126 575 1237 616 nomen

111 655 225 694 oacrm.
293 676 296 682 1

160 713 229 774 x12.
267 707 338 768 Post
354 697 716 786 exsilirsmBodylonicum.
756 707 823 766 Hoc
844 688 899 778 est,
920 719 1072 787 postquam
1083 702 1183 768 Iudaei
1198 702 1234 767 in

99 777 304 866 captivitatem
334 777 452 844 abducti
477 796 554 844 sunt.
604 779 759 867 Significat
784 785 862 843 enim
888 783 1089 864 Evangelista,
1116 785 1235 844 Davidis

98 875 243 943 posteros
268 873 339 922 tune
364 881 399 919 ex
424 861 542 942 regibus
570 861 789 921 serrosslactos
820 881 882 920 esse
914 872 945 918 et
969 860 1087 934 exsules.
1139 861 1233 920 Porro

102 961 194 1019 quum
221 937 269 998 illa
296 939 445 1019 captivitas
467 937 608 1017 quaedam
629 950 705 997 esset
724 939 858 996 interitus
884 936 1010 1018 specics,
1035 935 1160 996 mirabili
1178 937 1236 996 Dei

101 1015 288 1096 providentia
309 1017 418 1074 factum
440 1027 493 1089 est,
515 1034 576 1073 nou
596 1015 740 1075 modout
760 1032 873 1074 rursum
886 1014 988 1074 ludaei
1009 1014 1040 1071 in
1060 1034 1149 1071 unum
1170 1034 1235 1074 cor-

99 1115 158 1176 pus
177 1091 391 1164 coalescerent,
412 1091 571 1149 sedetiam
593 1102 624 1148 ut
644 1091 755 1170 aliquae
777 1085 955 1172 principatus
976 1087 1117 1168 reliquIae
1136 1108 1235 1150 mane-

98 1180 168 1228 rent
187 1161 219 1228 in
241 1167 487 1228 familia-Davidis.
516 1167 590 1226 Nam
604 1167 653 1246 qui
665 1167 783 1227 donnum
804 1169 912 1228 reversi
933 1179 1011 1241 sunt,
1032 1166 1110 1224 ultro
1131 1186 1236 1244 parue-

97 1257 170 1306 runt
202 1247 330 1325 imperio
360 1241 536 1304 Serubabel.
581 1237 732 1304 Durarunt
758 1265 829 1325 ergo
857 1243 935 1304 huuc
961 1243 992 1302 in
1018 1242 1138 1302 modum
1164 1241 1237 1322 regii

95 1343 144 1382 sce
167 1322 208 1381 tri
229 1323 405 1403 fragmenta,
425 1339 517 1399 usque
539 1319 607 1378 dum
627 1317 738 1381 Christi
758 1320 897 1407 adventps
918 1322 1056 1392 instaret,
1076 1318 1236 1378 seeundum

95 1343 274 1458 vaticinium
295 1397 404 1469 Iaculi,
423 1397 492 1456 Non
515 1396 604 1456 exibit
622 1417 670 1457 see
693 1409 770 1456 tuom
788 1417 807 1456 e
826 1395 914 1471 Iuda,
931 1401 989 1474 ¹nec
1010 1393 1066 1457 dux
1084 1415 1103 1454 e
1124 1389 1238 1462 femore
1302 1435 1304 1438 v

96 1477 170 1548 eius,
192 1476 292 1550 donec
312 1475 410 1533 veniat
422 1471 523 1534 Schilo
544 1419 699 1551 (Gemi,
720 1479 788 1551 lll).
815 1469 913 1554 Atque
932 1474 962 1534 in
983 1474 1031 1534 illa
1052 1471 1237 1553 quantumvis

96 1554 204 1612 misera
225 1550 305 1611 tristi
329 1570 365 1610 ue
391 1549 494 1630 populi
515 1548 703 1631 dissipatione
722 1567 872 1630 nunquam
892 1563 990 1610 tamen
1013 1550 1126 1632 fulgere
1147 1548 1237 1608 desti·

97 1641 202 1688 terunt
221 1573 370 1695 scintillae
391 1627 531 1707 quaedam
557 1627 667 1708 gratiae
686 1621 753 1688 Dei.
799 1625 945 1687 Graecum
966 1633 1073 1688 nomen
1092 1629 1238 1704 'cunonen

96 1708 184 1781 otus),
206 1722 344 1786 proquo
366 1717 447 1764 vetus
467 1703 544 1763 inter
566 1725 611 1763 res
632 1705 931 1787 transmigrationem,
951 1706 1086 1765 Erasmus
1107 1702 1236 1762 exsilium

98 1783 214 1856 reddit,
241 1783 364 1862 proprie
390 1793 528 1840 mutatam
545 1727 765 1843 liabitatiosem
791 1781 943 1862 significat.
982 1775 1128 1872 Insetttptt
1152 1800 1235 1858 ergo,

97 1853 225 1994 liudaeos
249 1878 265 1918 e
286 1860 376 1940 patria
396 1859 520 1941 migrare
539 1871 659 1920 euectos
681 1859 778 1935 luisse,
800 1871 832 1920 ut
851 1855 921 1920 alibi
941 1869 1079 1939 tauquam
1100 1857 1236 1938 inquilini

119 1938 176 1996 emi
186 1947 310 1996 ⁷carent.
677 1941 678 1946 ’

151 1961 224 2079 'lm
263 2011 347 2072 desua
374 2011 424 2092 poi
453 2027 572 2073 mentun·
604 2009 741 2072 tunam.
790 2012 827 2072 In
859 2011 1038 2095 cognomine
1069 2007 1235 2070 Matthaeus

97 2089 234 2154 officium
255 2085 404 2172 designat,
423 2102 457 2148 ut
475 2091 568 2149 sciant
588 2089 730 2164 lectores,
755 2112 816 2149 non
839 2093 901 2150 esse
919 2084 998 2149 lisine
1017 2088 1159 2169 priuatum
1181 2087 1236 2147 ho·

98 2170 227 2242 minem,
251 2167 302 2226 sed
329 2178 450 2225 unctum
476 2167 615 2240 divinitus,
633 2166 668 2225 ad
688 2166 868 2246 implendum
889 2165 1096 2246 Redemptoris
1120 2161 1234 2224 munds.
1295 2187 1298 2206 ¹

100 2244 205 2319 Qualis
227 2255 323 2304 autem
345 2243 435 2300 suerit
459 2253 490 2301 et
510 2263 649 2321 quorsum
674 2243 814 2322 spectarit
833 2242 893 2300 eius
914 2243 1032 2314 unctio,
1049 2242 1183 2322 pluribus
1204 2240 1235 2300 in

19 2339 24 2351 ·
97 2320 267 2402 praesentia
287 2339 348 2380 non
370 2317 518 2378 disseram.
561 2318 609 2377 De
629 2337 702 2378 voce
727 2319 787 2398 ipsa
812 2319 852 2378 sic
879 2316 1046 2377 habendum
1068 2317 1124 2378 est:
1152 2326 1235 2396 post-

99 2419 188 2475 quam
210 2394 349 2470 aboliumt
372 2393 573 2474 luitregnum,
593 2413 647 2453 coe
669 2387 724 2453 isse
745 2393 780 2452 ad
801 2415 891 2452 unum
913 2391 993 2451 illum
1014 2389 1129 2464 relerri,
1149 2413 1235 2470 aquo

15 2499 18 2518 ι
98 2471 247 2552 speranda
274 2468 336 2528 erit
360 2469 447 2560 plena
471 2469 569 2528 salutis
588 2415 722 2559 perditae
742 2466 927 2532 instauratio.
965 2461 1066 2540 Quam
1088 2467 1137 2526 diu
1158 2468 1235 2525 esaim

97 2548 207 2609 lloruit
227 2547 256 2606 in
284 2543 390 2605 inutilia
409 2539 531 2604 Davidis
559 2543 655 2624 aliqua
681 2546 831 2619 maiestas,
856 2543 952 2626 Reges
978 2539 1077 2603 vocari
1102 2541 1237 2602 solebant

100 2623 235 2694 Christi.⁸
262 2621 355 2702 Atqui
375 2642 420 2682 ne·
436 2619 574 2680 deformis
594 2623 817 2700 vastitas,·quae
827 2633 951 2701 sequuta
963 2632 1016 2691 est,
1036 2616 1153 2700 piorum
1173 2619 1236 2678 ani-

99 2723 165 2762 mos
192 2702 222 2760 in
251 2696 488 2784 desperationem
516 2695 692 2772 coniiceret,
717 2700 805 2759 unico
825 2697 1017 2790 Redemptori
1045 2698 1101 2758 hoe
1127 2716 1237 2777 nomeu

99 2774 195 2858 aptari
208 2779 291 2838 Deus
310 2775 413 2852 voluit,
435 2774 518 2834 sicuti
540 2795 572 2834 ex
589 2769 715 2840 Daniele
736 2789 866 2868 apparet
906 2769 1038 2834 Historia
1055 2793 1126 2836 vero
1141 2773 1237 2832 Esau·

98 2855 194 2936 geliea
208 2855 312 2936 passim
328 2848 467 2925 ostendit,
485 2843 637 2944 pulgatum
649 2863 720 2914 tunc
741 2855 828 2914 luisse
848 2849 989 2934 loquendi
1002 2867 1126 2928 morem,
1146 2872 1236 2931 quum

16 3011 19 3021 A
100 2931 244 2996 exhibitus
265 2941 309 2994 est
327 2933 351 2992 F
353 2926 417 2994 ilius
436 2923 496 2991 Der
515 2929 546 2992 io
561 2926 664 2990 'carne

140 3164 224 3247 (15.)
265 3159 437 3232 MATTH.
455 3165 478 3230 1.
522 3165 571 3230 te
610 3165 713 3232 Porro
748 3161 821 3234 Iesu
852 3161 977 3234 'Christi
1011 3164 1159 3229 nativitas
1189 3162 1237 3225 sic

100 3266 222 3338 habuit.
243 3269 354 3354 Quum
377 3269 460 3330 enim
482 3275 585 3332 mater
607 3268 676 3331 eius
689 3268 796 3333 Maria
819 3268 983 3354 desponsa
1006 3253 1264 3347 esset-loseph‚‘

15 3399 17 3403 ·
102 3382 273 3459 antequam
309 3371 536 3447 convenirent,
577 3365 781 3454 deprehensa
817 3379 865 3433 est
900 3365 1031 3454 gravida
1065 3385 1083 3428 e
1115 3363 1247 3448 Spiritu-

101 3476 227 3540 sa'ncto:
251 3473 300 3537 19.
324 3465 444 3555 loseph
464 3479 569 3532 autem
590 3471 728 3566 maritus!
746 3473 816 3534 eius
839 3487 936 3556 quum
960 3477 1044 3532 esset
1066 3469 1178 3538 iustus,
1205 3472 1238 3525 ot

102 3573 206 3642 ttollet
228 3596 297 3640 eam
319 3570 500 3647 traducere,
520 3565 624 3633 voluit
640 3568 768 3636 occulte
786 3569 946 3646 dimittere
970 3592 1049 3634 eam.
1082 3569 1131 3632 20.
1148 3567 1238 3630 llaec

102 3685 205 3740 autem
229 3695 270 3740 eo
293 3675 467 3758 cogitante,
495 3689 572 3733 ecce
593 3669 738 3760 Angelus
759 3671 893 3736 Domini
921 3692 979 3757 per
1001 3670 1158 3738 somnium
1182 3687 1237 3750 up-

103 3779 207 3856 paruit
228 3763 293 3854 illi,
329 3769 474 3850 dicetis,¹
495 3772 614 3859 loseph
635 3771 832 3851 titillavit,
867 3793 909 3837 no
931 3783 1055 3836 metuas
1076 3785 1237 3832 assumere

103 3871 240 3941 Mariam
261 3896 394 3941 uxorem
415 3882 516 3938 tuam:
544 3895 619 3939 nam
648 3873 738 3960 quod
767 3876 801 3939 in
830 3895 868 3938 ea
890 3880 1082 3955 conceptum
1105 3875 1167 3942 est,
1199 3885 1237 3929 ex

104 3969 222 4060 Spiritu
244 3987 356 4041 sancto
379 3985 436 4040 est.
477 3975 796 4058 aletrannum
818 3974 938 4051 lilium,
967 3985 999 4036 et
1019 3967 1153 4035 vocabis
1179 3988 1239 4034 uo-

104 4095 175 4158 men
204 4079 274 4143 eius
300 4079 413 4142 lusum.
455 4077 485 4142 Is
519 4077 604 4142 enim
637 4075 759 4156 salvum
788 4071 886 4140 laciet
916 4057 1071 4159 populum
1099 4091 1190 4134 suum
1219 4091 1238 4132 a

104 4181 240 4258 peccatis
261 4199 382 4244 eorum.
424 4179 475 4244 22.
500 4178 604 4245 Porro
630 4187 732 4272 totum
755 4178 819 4248 hoc
840 4177 957 4241 factum
980 4167 1044 4248 est',
1070 4182 1105 4236 ut
1127 4169 1239 4258 implo-

15 4317 16 4320 ,
104 4281 189 4344 retur
210 4279 300 4367 quod
327 4279 446 4346 dietum
467 4289 516 4344 est
537 4299 556 4342 a
577 4279 722 4344 Domino
748 4299 808 4364 per
829 4275 1038 4359 Prophetam,
1067 4273 1238 4350 dicentem,

105 4374 153 4440 23.
177 4380 284 4474 Ecce,
313 4381 405 4464 virgo
436 4401 617 4468 praegnans
643 4382 720 4457 erit,
749 4385 782 4442 'et
800 4377 912 4460 'pariet
934 4373 1065 4451 filium,
1082 4377 1239 4442 et'vooa·

130 4479 354 4534 salutassemus
370 4476 609 4536 ttamenvotti
729 4477 733 4482 ’
840 4487 842 4493 ’
915 4537 919 4546 .
1014 4465 1035 4520 4
