2786 4742
221 211 281 274 m
559 183 802 262 sncr1ovr1.
839 197 1024 260 muscum
1051 219 1076 266 ,-

221 344 356 422 „hauri
364 341 423 404 Dei
432 341 580 420 virtutem
597 343 699 426 illique
717 342 886 424 impositum
905 343 993 404 fuisse
1006 361 1122 416 munus,
1141 339 1241 400 utDei
1257 361 1346 422 prae·

223 422 348 488 sentiam
373 419 519 483 miraculis
545 421 737 484 demonstret.
785 420 831 480 Ita
855 421 936 502 quod
953 419 1013 480 Dei
1040 417 1191 510 proprium
1220 430 1265 480 est
1283 442 1346 481 non

220 496 393 560 transcribit
416 497 618 577 superstitiose
636 498 669 558 in
687 496 854 573 bominem,
879 497 946 571 sed,
965 495 1036 578 quid
1055 495 1191 556 divinitus
1210 495 1249 556 sit
1266 518 1347 557 man·

221 575 324 636 datum
350 573 470 635 Christo
494 585 649 653 reputans,
676 572 742 636 solo
767 571 859 634 verbo
883 593 985 634 sanare
1009 592 1122 635 servum
1147 593 1232 633 suum
1259 594 1346 654 posse

220 650 327 714 credit.
368 649 484 730 Siquis
508 650 569 710 exci
591 653 647 728 iat,
679 649 751 710 nihil
771 669 833 710 esse
856 649 946 731 magis
970 648 1037 709 Deo
1060 649 1227 730 proprium,
1259 672 1343 729 quam

219 725 316 789 verbo
337 725 481 809 perficere
520 672 588 788 uod
599 727 641 787 illi
659 727 752 787 visum
772 738 831 798 cst,
850 747 905 787 uec
925 746 1012 806 posse
1030 747 1170 787 summum
1190 725 1270 789 istud
1289 729 1342 788 im-

218 805 338 890 perium
356 805 420 866 siue
438 747 591 896 saeriiegio
615 803 732 864 mortali
757 801 868 862 bomini
888 802 1027 879 concedi,
1058 802 1146 864 lacilis
1168 803 1276 864 iterum
1301 817 1341 864 est

218 875 408 964 responsin.'
428 881 569 956 Quamvis
582 880 728 942 Centurio
741 899 803 940 non
819 879 1014 962 distingueret
1032 891 1090 941 tam
1109 877 1265 956 subtiliter,
1283 903 1338 940 non

219 967 323 1020 tamen
341 957 417 1018 banc
440 955 602 1037 potentiam
625 955 752 1016 hominis
776 955 917 1033 mortalis,
937 955 989 1017 sed
1007 955 1065 1016 Dei
1084 955 1175 1016 verbo
1199 956 1339 1031 tribuisse,

219 1036 306 1100 euius
325 1033 489 1095 ministrum
509 1052 572 1094 esse
592 1031 741 1093 Christum
766 1045 848 1092 certo
873 1052 1024 1114 persuasus
1042 1044 1120 1112 erat:
1147 1031 1205 1092 boc
1222 1032 1266 1094 illi
1289 1035 1339 1093 mi-

219 1114 304 1174 nime
323 1109 441 1171 dubium
463 1120 533 1170 erat
571 1109 652 1192 Ergo
673 1129 763 1188 quum
783 1108 860 1189 apud
881 1107 1032 1170 Christum
1052 1107 1185 1190 deposita
1204 1123 1280 1172 esset
1297 1132 1338 1170 sa·
1387 1102 1391 1167 l

219 1188 351 1252 nationis
368 1186 472 1269 gratia,
490 1183 565 1246 hanc
585 1184 743 1246 coelestem
762 1187 899 1246 virtutem
918 1205 981 1246 esse
1000 1206 1178 1268 agnoscens,
1197 1208 1260 1256 non
1279 1185 1339 1246 slli-

217 1277 272 1350 gat
290 1263 425 1345 corporis
444 1262 641 1346 praesentiae,
669 1261 720 1322 sed
738 1262 830 1324 verbo
851 1273 1006 1324 contentus
1026 1275 1085 1337 est,
1111 1282 1145 1322 ex
1169 1285 1229 1342 quo
1253 1263 1339 1323 talen

219 1345 279 1407 vim
298 1341 421 1425 prodire
440 1338 542 1399 credit.
582 1337 762 1416 Similitudo,
779 1339 868 1420 'quarn
888 1339 1005 1402 adducit
1016 1337 1170 1416 Centurio,
1190 1362 1281 1419 quum
1300 1341 1339 1399 di-

221 1421 273 1493 cit,
292 1438 325 1479 se
345 1415 495 1476 homiuem
511 1435 577 1476 esse
597 1427 665 1494 eto,
685 1436 748 1476 non
768 1428 813 1477 est
831 1436 865 1476 ex
883 1416 947 1507 pari
964 1428 1094 1508 sumpta,
1121 1426 1154 1474 ut
1171 1416 1339 1497 loquuntur,

218 1495 272 1559 sed
291 1502 444 1572 comparat
469 1491 564 1552 minus
590 1493 792 1572 cummaiori.
829 1492 968 1554 Divinam
992 1513 1070 1552 emm
1094 1492 1245 1568 virtutem,
1270 1513 1339 1587 quae

218 1594 251 1636 se
269 1569 302 1630 in
323 1568 443 1630 Christo
462 1567 594 1649 profert,
618 1569 710 1661 pluris
729 1569 861 1630 aestimat
881 1589 967 1650 quarn
986 1569 1157 1650 imperium,
1181 1569 1262 1650 quod
1281 1591 1338 1651 ipse
1384 1580 1388 1622 t

218 1645 349 1712 babebat
366 1645 398 1704 in
418 1665 517 1709 servos
538 1658 570 1708 et
587 1646 702 1706 milites.

293 1728 343 1788 10.
379 1719 463 1782 lons
480 1719 641 1782 disemus
657 1734 706 1782 est.
744 1721 876 1782 Tametsi
894 1719 1035 1782 iuDenm
1053 1743 1114 1783 non
1132 1723 1276 1803 competit
1294 1725 1338 1786 ad·

215 1799 347 1876 miratio,
367 1800 434 1878 quia
453 1818 488 1862 ex
506 1799 594 1858 rebus
613 1795 696 1859 novis
714 1797 762 1859 vel
780 1797 938 1878 inopinatis
957 1797 1060 1874 oritur,
1079 1799 1109 1860 iu
1130 1799 1278 1862 Christum
1297 1813 1338 1862 ta·

216 1897 304 1952 meu,
329 1886 471 1956 quatenus
496 1896 555 1934 una
574 1895 640 1934 cum
660 1893 748 1934 carne
767 1885 867 1934 nostra
886 1873 1028 1936 humanos
1047 1875 1169 1937 affectus
1193 1878 1336 1954 induerat,

217 1953 325 2016 cadere
343 1951 450 2032 potuit
487 1949 551 2010 Iam
570 1949 652 2032 quod
671 1951 842 2030 pronuntiat
862 1950 1011 2029 Christus,
1039 1975 1076 2011 ne
1096 1955 1129 2011 ts
1146 1953 1257 2015 Lessa
1278 1960 1336 2036 pssi-

216 2029 283 2090 dem
300 2042 410 2090 inuam
431 2048 463 2088 se
476 2025 572 2108 fidem
593 2027 747 2102 invenisse,
780 2026 888 2087 dictum
916 2039 961 2088 est
982 2027 1141 2090 secundum
1166 2033 1252 2111 quid,
1280 2053 1335 2092 non

215 2105 399 2188 simpliciter.
447 2104 522 2165 Nam
541 2104 565 2165 si
585 2103 748 2186 colligimus
767 2124 870 2166 omues
894 2101 962 2166 fidei
986 2117 1099 2186 partes,
1132 2107 1233 2170 saltem
1250 2109 1283 2168 in
1302 2129 1333 2168 en

212 2182 391 2266 ,praecelluit
409 2181 520 2244 Mariae
539 2181 626 2256 fides,
650 2180 731 2260 quod
749 2201 781 2242 se
801 2200 835 2240 ex
854 2180 968 2262 Spiritu
986 2194 1087 2244 sancto
1110 2182 1177 2258 fore
1196 2186 1333 2268 gravidam

217 2259 359 2335 credidit,
381 2269 415 2318 ut
433 2257 457 2318 F
460 2256 539 2318 ilium
558 2255 618 2318 Dei
636 2257 819 2341 unigenitum
844 2270 975 2339 pareret:
1015 2258 1121 2320 deinde
1146 2264 1225 2340 quod
1248 2263 1331 2323 lilium

219 2359 305 2431 exuse
324 2348 425 2415 natum
445 2334 573 2427 amplexa
594 2346 638 2396 est
655 2347 793 2414 tanquam
812 2334 955 2398 factorem
966 2355 1061 2411 suum,
1081 2339 1240 2427 mundique
1250 2340 1330 2402 totius

216 2415 354 2557 {titt}
372 2411 1343 2571 {telmtt‘hltlgtltt‘taitloltttttttttl‘stt
1389 2439 1392 2462 ¹

215 2590 326 2650 nempe
351 2567 430 2647 quod
458 2585 493 2626 ex
517 2566 636 2627 modico
661 2577 693 2626 et
714 2565 796 2626 tenui
821 2564 971 2626 doctrinae
989 2579 1076 2647 gustu
1102 2577 1201 2631 tantus
1224 2589 1258 2631 ac
1279 2583 1329 2628 tan

215 2657 342 2726 repente
360 2645 474 2704 fructus
494 2662 525 2702 se
546 2641 702 2722 proferret
751 2641 856 2720 Neque
876 2642 954 2702 enirn
973 2642 1032 2704 boc
1050 2643 1096 2704 vul
1120 2667 1168 2706 are
1189 2647 1258 2723 suit,
1281 2645 1330 2705 Dei

214 2723 364 2794 virtutem,
384 2738 458 2799 quae
478 2728 592 2778 tantum
611 2717 751 2780 scintillas
770 2717 906 2798 quasdam
926 2719 1022 2780 iacere
1042 2721 1071 2780 in
1094 2664 1211 2784 Christo
1231 2743 1329 2803 coepe·

215 2810 278 2872 rat,
302 2808 360 2886 tam
383 2793 540 2886 magnifice
563 2783 742 2886 piaedicare.
773 2789 905 2884 ,licinde
925 2818 1015 2875 quum
1034 2797 1135 2859 Iudaei
1159 2799 1224 2880 plus
1244 2819 1329 2890 aequo

216 2883 343 2936 externis
366 2891 457 2953 signas
481 2882 587 2944 intents
611 2869 728 2944 sonent,
752 2869 800 2931 hac
824 2869 914 2932 bomo
940 2873 1055 2955 gentilis
1079 2875 1190 2936 nullum
1214 2874 1330 2938 renuit

212 2949 328 3014 risibile
347 2947 524 3028 symbolum,
544 2947 595 3008 sed
615 2947 726 3007 nudum
739 2947 859 3008 verbnm
879 2949 937 3011 sibi
955 2947 1090 3012 sulficere
1107 2899 1330 3014 restituebat-
1389 2977 1390 3067 p

213 3040 298 3090 turus
318 3024 353 3086 ad
375 3045 442 3084 eum
462 3034 526 3086 erat
545 3023 696 3098 Christus,
720 3045 783 3085 non
808 3025 888 3104 qnod
914 3047 987 3106 opus
1013 3039 1103 3104 esset,
1130 3031 1182 3092 sed
1206 3030 1328 3091 uthans

216 3103 278 3166 eius
302 3101 391 3162 fidem
416 3102 577 3182 probaret
609 3100 711 3175 Quare
736 3103 793 3162 bne
812 3103 982 3182 praesertim
1001 3105 1121 3166 nourine
1145 3103 1236 3187 ipsam
1256 3127 1329 3168 com-

213 3175 350 3254 mendat,
396 3173 645 3269 uod'acspuiescat
666 3177 698 3238 iu
724 3178 804 3239 nudo
824 3180 926 3240 verbo.
966 3180 1180 3256 Quid-lecisset
1200 3184 1246 3244 uel
1263 3203 1328 3244 unus

214 3275 250 3318 ex
268 3199 438 3334 Apostdiis?
457 3255 546 3331 Vens,
565 3253 706 3329 Domine,
724 3255 790 3315 vide
802 3266 841 3315 et
858 3265 958 3339 tange,
992 3259 1048 3321 Hic
1068 3279 1164 3339 neque
1184 3259 1327 3322 adventum

168 3385 171 3392 .
213 3330 410 3469 corporalem,
429 3351 526 3411 neque
544 3343 654 3392 tactum
674 3332 830 3405 desiderat,
849 3334 900 3394 sed
920 3344 1035 3416 tantum·
1044 3335 1187 3398 efficaciae
1197 3337 1327 3400 inclusum

214 3429 264 3486 ope
286 3408 347 3469 itiu
358 3406 462 3484 verbo,
481 3406 592 3469 atinde
604 3422 714 3470 certam
733 3407 832 3472 famuli
850 3409 972 3472 salutern
986 3426 1141 3549 exspectet.
1164 3415 1326 3487 anauten
1387 3485 1388 3488 Ἴ

212 3486 339 3550 honoris
354 3503 415 3545 non
426 3483 563 3562 bominis,
581 3487 632 3548 sed
642 3487 701 3548 Dei
714 3485 925 3564 verhoasserit,
945 3489 994 3568 qui
1008 3489 1032 3552 C
1056 3491 1155 3551 risturn
1166 3493 1263 3558 statuit
1273 3509 1325 3550 non

237 3563 359 3628 rivatum
380 3580 442 3622 esse
460 3560 629 3640 bominem,
648 3563 898 3642 sedPropbetam
919 3563 1054 3628 divinitus
1073 3569 1200 3630 missum.
1238 3568 1324 3646 Atque

213 3587 283 3702 iius
302 3639 372 3702 colli
394 3639 402 3698 i
422 3648 520 3718 potest
531 3639 676 3722 generalis
696 3638 813 3722 regula:
834 3642 962 3720 quamvis
976 3641 1103 3704 ‘salutem
1118 3657 1245 3707 nostram
1255 3645 1324 3704 Dens

174 3767 178 3783 .
213 3719 246 3779 in
267 3737 354 3778 earne
366 3658 475 3779 Christi
494 3717 596 3795 perfici
615 3717 758 3792 voluerit,
786 3729 816 3779 et
833 3719 1019 3781 sacramentis
1038 3719 1255 3800 quotidieobsi
1275 3730 1323 3792 net,
1386 3778 1387 3801 ,

175 3849 179 3856 .
213 3795 276 3858 eius
295 3806 394 3856 tamen
414 3792 620 3854 certitudinem
640 3815 674 3856 ex
691 3791 782 3858 verbo
803 3793 958 3873 petendam
979 3816 1049 3856 esse.
1086 3797 1150 3858 Nisi
1170 3801 1248 3865 enirn
1256 3743 1323 3858 inec

211 3869 305 3935 uerbo
326 3870 458 3932 delentur
476 3873 644 3946 auctoritas,
662 3883 696 3932 ut
713 3882 879 3946 statuamus,
897 3870 1016 3933 simulac
1035 3873 1174 3954 loquutus
1193 3889 1239 3940 est
1255 3877 1323 3936 Deus

212 3968 268 4040 per
287 3945 452 4020 ministros,
475 3946 593 4008 remissa
617 3947 704 4008 nobis
724 3967 786 4007 esse
811 3959 1086 4040 peccata,'nnsque
1106 3953 1256 4016 restitutos
1273 3968 1324 4012 esse

194 4027 245 4084 'an
263 4023 362 4100 vitam,
379 4035 444 4083 tota
462 4021 560 4084 salutis
580 4024 685 4085 fiducia
704 4021 842 4085 concidit.

291 4107 338 4166 11.
376 4099 471 4160 Mults
494 4097 532 4160 ab
554 4103 661 4161 otiante
678 4114 730 4161 ets.
771 4099 865 4162 Sicuti
884 4102 915 4160 in
933 4113 1060 4182 persona
1079 4103 1179 4166 famuli
1206 4104 1324 4170 Christus
1384 4129 1385 4142 ¹

213 4174 326 4306 pretias
349 4196 419 4236 suae
449 4175 575 4240 libamen
601 4189 632 4239 et
656 4177 736 4257 quasi
783 4177 903 4248 simitiss
931 4179 1067 4261 gentibus
1096 4183 1264 4263 proposuit,
1291 4181 1325 4240 sic

213 4246 292 4308 alius
320 4251 474 4326 dominum
499 4253 649 4335 specimen
670 4198 840 4320 assedisset
866 4256 981 4318 futurae
1006 4257 1137 4338 gentium
1163 4256 1324 4330 vocationis,

213 4326 456 4415 spargendusque
486 4353 540 4418 per
563 4342 661 4400 totum
678 4329 826 4400 ,uantum
845 4331 926 4400 {ideis
951 4352 1047 4422 neque
1074 4334 1151 4406 euim
1170 4345 1281 4404 tantum
1298 4351 1324 4398 er
