2808 4748
532 167 663 230 Onarro
684 183 719 242 rn
739 183 863 244 moure,
1167 211 1169 214 -
1198 171 1253 240 151

118 315 237 378 servent
257 314 333 396 ignis
352 303 561 394 Pergamum,
587 311 740 393 frigebant
762 323 859 375 umen
883 313 1066 376 sacerdotum
1092 323 1123 372 ct
1145 326 1251 380 mona·
1295 287 1300 292 ⁴

115 391 247 454 chorum
266 389 397 464 culinae,
423 409 543 468 quarum
569 387 742 469 ingratiam
766 399 850 450 tanto
874 388 961 451 studii
984 388 1090 469 ardore
1115 409 1171 470 pro
1195 385 1249 450 illo

114 479 298 556 pugnent(
760 523 762 535 ,
1043 477 1072 537 ᾗ
1098 523 1102 530 ,

162 675 246 759 (46.)
294 675 464 744 ΜΑΤΤΗ.
485 677 525 740 V.
567 675 783 774 273Audistis
804 675 893 762 quod
914 674 1032 740 dictum
1050 676 1149 742 fuerit
1168 680 1248 742 anti·
1316 725 1321 741 l

109 781 200 868 quis,
217 781 295 844 Non
316 779 492 844 committes
508 776 712 848 adulterium·
740 779 791 844 28.
813 773 857 843 At
876 798 938 862 ego
952 775 1138 856 dicovohis,
1158 773 1248 864 quod

111 881 306 968 quicunque
329 879 676 966 aspexeritmulierem
697 877 738 944 ad
760 875 1054 963 concupiscendum
1077 898 1159 956 eam,
1183 881 1245 942 iam

110 979 311 1049 adulterium
333 983 489 1046 commisit
510 1003 581 1045 cum
603 1002 642 1045 ea
663 983 697 1046 in
720 979 820 1058 corde
842 1000 910 1056 suo.
952 977 1004 1042 29.
1027 975 1157 1066 Quodsi
1171 997 1246 1062 ocu-

107 1081 261 1148 lustuns
291 1080 403 1146 dexter
430 1079 601 1158 obstaculo
627 1079 688 1160 tibi
708 1081 820 1159 fuerit,
847 1101 926 1147 erue
948 1077 1053 1156 illum,
1081 1088 1114 1154 et
1140 1067 1245 1155 obiice

109 1181 176 1249 abs
197 1193 245 1248 tet
268 1181 398 1268 expedit
418 1183 503 1246 enim
524 1179 598 1260 tibi,
625 1191 660 1246 ut
686 1194 799 1267 pereat
819 1203 924 1247 unum
936 1178 1154 1246 membrorum
1175 1189 1246 1244 tuo·

106 1307 200 1362 rum,
228 1305 266 1348 ac
291 1303 360 1350 non
386 1291 489 1356 totum
517 1303 638 1371 corpus
661 1292 751 1346 tuum
780 1285 970 1352 coniiciatur
996 1283 1030 1346 in
1052 1280 1243 1367 gehennam.

106 1388 166 1451 30.
189 1385 282 1449 Etsi
303 1381 624 1451 dextratuamanus
652 1379 813 1470 obstiterit
838 1383 911 1463 tihi,
940 1392 1068 1468 amputa
1098 1403 1183 1462 cam,
1211 1389 1243 1446 et

106 1486 242 1572 proiice
264 1481 385 1548 abste:
413 1482 544 1570 expedit
564 1486 650 1548 enim
670 1481 745 1563 tihi,
773 1488 808 1548 u't
833 1495 945 1571 pereat
964 1505 1065 1550 unum
1086 1480 1245 1548 membro·
1273 1553 1274 1560 χ

104 1607 185 1650 rum
208 1593 350 1662 tuorum,
376 1605 414 1648 ac
439 1589 509 1650 nori
534 1593 637 1650 totum
667 1605 785 1670 corpus
813 1591 910 1664 tuum,
924 1587 1116 1679 coniiciatur‘
1137 1585 1171 1656 iu
1190 1603 1243 1671 ge-

105 1685 263 1751 hennam.
867 1687 871 1692 '
907 1679 911 1688 ⁴
1126 1681 1145 1692 ”

192 1841 297 1904 Matth.
308 1847 356 1908 27.
394 1841 466 1904 Nost
483 1846 636 1914 committes
654 1841 837 1906 adulterium.
861 1842 978 1978 ,fugit
991 1825 1130 1910 Chtistus
1142 1841 1173 1902 in
1192 1861 1243 1916 cua

104 1918 320 1999 disputatione,
342 1919 421 1999 quod
433 1921 493 1980 Lex
503 1919 561 1990 Dei
580 1941 639 1990 non
655 1921 695 1980 sit
710 1932 823 1981 tantum
837 1939 875 2002 po
889 1921 959 1980 itico
979 1919 1069 1979 modo
1082 1920 1160 1981 vitae
1180 1937 1241 1976 rna-

105 1997 201 2080 gistra
221 1997 257 2056 ad
276 1996 446 2059 formandos
466 2009 602 2058 externos
618 2017 730 2072 mores,
749 1997 1038 2076 scd-purosquoque
1058 2007 1088 2056 ct
1106 1995 1240 2076 integros

17 2089 26 2104 ⁸
104 2073 209 2147 cordis
229 2072 351 2136 allectus
370 2075 508 2153 requirat.
547 2074 723 2141 Tenendum
743 2093 813 2136 veto
835 2073 977 2150 memoria
996 2072 1139 2152 estquod
1160 2070 1240 2150 prius

69 2165 74 2168 “
102 2150 229 2222 monui,
254 2151 383 2228 quamvis
402 2150 664 2232 celerat‚Christus
689 2149 776 2244 Legis
800 2149 905 2225 verba,
933 2159 1059 2213 cremum
1084 2157 1196 2224 tamen¹
1211 2158 1241 2210 et

103 2224 308 2288 adulterinum
327 2245 458 2300 sensum,
490 2246 577 2306 quem
601 2225 711 2285 sinistri
730 2225 1112 2302 interpretes'induxerant,
1144 2223 1180 2283 ab
1202 2241 1239 2282 eo

103 2300 299 2382 reprehendi.
336 2302 399 2360 Iam
419 2304 498 2361 enim
522 2302 532 2361 i
555 2321 586 2362 se
612 2301 757 2381 praefatus
782 2311 844 2374 est,
864 2320 895 2359 se
915 2317 977 2360 non
996 2301 1110 2360 venisse
1130 2319 1239 2359 novum

102 2375 336 2459 Legislatorem,
356 2377 516 2448 sedfidum
534 2388 726 2458 interpretem
737 2377 826 2458 Legis
846 2374 936 2453 semel
955 2375 1048 2437 datae.
1089 2375 1169 2447 Quia
1188 2395 1239 2432 au-

103 2467 171 2516 tern
194 2451 284 2512 obiici
304 2465 431 2533 poterat,
451 2452 542 2534 longo
562 2475 616 2512 usu
635 2453 811 2512 inveterasse
829 2444 904 2508 illut
916 2461 1124 2522 commentum,
1144 2448 1240 2507 nomi·

103 2527 205 2591 nntius
224 2527 255 2588 id
276 2527 384 2588 latetur
403 2528 546 2593 Christus.
585 2527 645 2588 Sed
667 2528 725 2588 hoc
744 2526 838 2586 modo
855 2525 1010 2608 anticipet,
1030 2523 1239 2606 praeiudicium

104 2627 142 2670 ex
163 2605 275 2666 erroris
294 2617 438 2666 vetustate
457 2626 519 2665 non
539 2604 649 2665 debere
668 2604 743 2672 fieti.
1269 2609 1271 2613 ’

132 2715 138 2722 ·
184 2687 234 2746 28.
276 2679 335 2766 Qui
352 2685 500 2758 aspexerit
517 2681 673 2752 molimen.
713 2679 878 2743 Consilium
900 2677 1011 2740 Christi
1032 2671 1076 2739 es't
1094 2673 1238 2760 generali·

7 2819 9 2828 ,
101 2773 154 2822 ter
174 2759 271 2822 carme
294 2759 446 2822 libidinem
470 2759 618 2823 damnare.
660 2758 742 2822 Dicit
763 2755 1038 2839 igitur‚'adulteros
1058 2775 1120 2816 esse
1139 2775 1238 2816 coram

103 2839 193 2912 Deo,
220 2855 283 2898 uon
308 2848 420 2901 tantum
441 2837 491 2916 qui
516 2836 623 2905 alienas
643 2856 747 2899 uxores
768 2834 970 2915 corruperint,
990 2832 1041 2898 sed
1064 2829 1240 2912 quioculos

22 2934 26 2938 ·
103 2913 272 2994 polluerint
299 2913 449 2995 impudico
481 2924 610 2994 aspectu.
660 2913 713 2988 Est
736 2923 836 2991 autem
859 2909 1072 2992 synecdochica
1090 2907 1237 2988 loquutio,

106 2991 177 3071 quia
198 2989 332 3053 homines
352 2989 487 3053 adulterii
506 3012 574 3057 reos
594 2989 706 3053 iaciunt
725 3009 786 3054 nou
806 2999 919 3058 tantum
940 2984 1036 3061 oculi,
1058 2985 1111 3048 scd
1130 3004 1238 3045 coccae

105 3069 196 3130 etiem
218 3067 315 3128 cordis
334 3068 473 3130 ustiones.
512 3067 586 3132 Ideo
608 3066 716 3128 Paulus
736 3065 775 3146 (Ι.
796 3064 922 3138 Cor..7,
940 3063 1003 3141 34.)
1025 3061 1186 3124 castitatem
1206 3062 1236 3140 iu

104 3160 237 3224 corpore
249 3155 281 3204 et
298 3143 402 3222 spiritu
422 3143 584 3210 constitnit.
624 3142 781 3206 Caeterum
800 3141 867 3209 satis
887 3139 987 3202 habuit
997 3139 1140 3223 Christus,
1155 3159 1237 3202 cras-

103 3242 169 3282 sum
194 3231 396 3284 commentum
440 3219 500 3284 uod
525 3219 696 3284 obtinuerat
720 3217 874 3293 refellere,
905 3217 973 3296 quia
1002 3216 1144 3298 putebant
1174 3236 1237 3274 non

104 3297 162 3357 uisi
187 3297 225 3359 ab
252 3307 373 3360 externo
400 3242 545 3362 adulterio
571 3295 740 3362 cavendum.
792 3294 871 3370 Quia
896 3306 994 3370 tamen
1021 3304 1054 3355 ut
1080 3291 1235 3372 plurimum

106 3372 186 3436 oculi
213 3373 326 3435 animos
350 3375 408 3436 suis
433 3372 588 3436 lenociniis
612 3371 784 3446 sollicitant,
814 3384 844 3432 et
869 3365 961 3432 libito
983 3369 1063 3450 quasi
1088 3390 1143 3449 per
1168 3368 1236 3435 istas

106 3449 187 3510 sores
208 3452 354 3530 penetrat,
374 3450 427 3510 hac
447 3450 588 3528 loquendi
609 3449 704 3513 forma
723 3471 789 3517 usus
810 3459 854 3508 est
874 3447 1027 3523 Christus,
1060 3468 1128 3514 uum
1148 3443 1237 3506 vellet

106 3526 376 3608 concupiscentiam
396 3526 548 3592 damnare:
567 3525 656 3604 idque
675 3545 710 3592 ex
728 3524 821 3590 verbo
841 3528 992 3599 concupisc
1047 3521 1162 3582 clacile
1182 3517 1236 3585 eli-

105 3601 193 3666 citur.
245 3602 316 3678 Quo
343 3603 428 3664 etiam
453 3603 609 3676 docemur,
638 3601 786 3671 adulteros
818 3601 931 3672 censeri
951 3622 1049 3668 coram
1068 3598 1154 3674 Deo,
1174 3615 1238 3662 non

106 3688 221 3742 tantum
235 3681 292 3776 ,qui
310 3679 366 3742 fixo
387 3699 534 3744 consensu
553 3679 765 3746 scortationem
789 3676 820 3740 in
846 3677 948 3746 animis
969 3675 1154 3754 concipiunt,
1183 3665 1236 3754 sed

108 3753 160 3832 qui
184 3757 343 3822 admittunt
362 3757 475 3836 quasvis
500 3757 684 3836 punctiones.
724 3755 827 3830 Quare
850 3753 935 3823 nimis
956 3772 1048 3814 crassa
1068 3761 1113 3810 est
1138 3758 1168 3808 et
1187 3770 1236 3810 su-

7 3893 8 3898 ,
108 3830 178 3908 pina
195 3833 378 3912 Papistaruus
400 3833 647 3925 hypocrisis„qul
666 3831 932 3913 concupiscentiam
954 3837 1065 3910 negant
1082 3835 1237 3906 peccalum

7 3911 8 3954 l
108 3925 182 3982 ⁸⁸⁸0,
202 3907 299 3971 donec
312 3922 418 3974 totum.
434 3932 487 3972 cor
505 3922 686 3978 assentiatur.
725 3909 784 3970 Sed
805 3907 877 3972 nihil
895 3907 1002 3976 mirum
1022 3915 1076 3978 est,
1095 3902 1137 3962 ita
1157 3913 1238 3964 exte-

105 3985 194 4072 nuari
213 3983 250 4050 ala
269 3984 327 4050 illis
343 3999 522 4067 peccatum,
548 3987 666 4066 quando
690 3985 830 4076 morde?
856 3995 886 4049 tl
901 4001 1023 4074 210?ssss
1047 3977 1236 4068 st¹¹llld⁰⁸.l.¹¹

108 4064 268 4200 tristatum
294 4063 461 4146 reputandis
487 4083 549 4128 csse
575 4074 710 4144 oportet,
740 4063 791 4143 qui
816 4061 955 4130 iustitiam
979 4077 1102 4138 Operum
1125 4066 1238 4128 mtrlllt

108 4153 173 4294 Cim
188 4152 309 4279 Quot&
327 4215 426 4286 ocultis
442 4231 509 4283 tuam
519 4185 581 4281 etc-¹
597 4217 676 4292 Quia
695 4216 725 4279 in
742 4177 798 4288 ,lsac
812 4213 948 4280 caruisti
967 4199 1088 4282 nature&
1105 4207 1239 4288 imbsscll?

91 4279 193 4354 ‘lutee
212 4291 304 4360 videti
319 4293 802 4380 ‚pontattlluistusninicscrcrc
822 4311 929 4381 urgere
948 4287 1093 4384 hominen
1112 4296 1238 4370 occului
