2824 4756
94 689 98 694 ’
130 671 321 743 indefinitae,

417 177 574 294 'ss-ao.
593 163 926 299 tristissumum.)
1046 227 1049 237 ·
1167 227 1171 240 ’
1210 227 1280 294 aa.

125 371 159 428 in
187 365 357 444 Scriptura:
381 377 487 440 nempe
510 358 578 418 dum
603 359 734 442 generali
758 360 891 421 doctrina
914 365 1040 445 speciem
1065 385 1152 427 uuam
1176 387 1249 446 pro.

125 439 291 504 missionis⁴
306 436 467 500 confirmat.
522 437 630 526 Atque*
658 436 704 496 hic
735 450 893 498 verus'.est
919 455 1075 522 rectusque
1104 444 1248 525 generalis

127 521 285 580 doctrinae
303 536 386 587 usus,
405 514 472 572 dum
491 513 698 591 promissiones
722 511 782 574 illio
802 535 910 592 sparsas
931 518 965 576 ad
984 539 1046 578 rem
1064 533 1248 599 praesentem

128 591 324 677 applicamus,
343 591 456 725 guoties
475 589 548 648 anxii
561 611 657 660 sumus
674 601 704 648 et
722 587 865 668 perplexi:
886 613 969 670 quam
984 594 1031 652 din
1044 597 1118 655 enim
1129 611 1250 659 manent
1286 629 1290 635 ·

355 668 463 749 rigent.
495 667 596 725 'Porro
622 687 682 724 non
703 666 808 724 milum
830 679 888 740 est,
914 670 992 746 quod
1012 671 1068 728 Dei
1088 677 1249 752 potentiam

129 750 246 808 Mariae
268 744 396 824 Angelus
421 743 582 822 praedicat,
611 743 689 802 cuius
721 742 883 802 diffidentia
905 744 992 818 fidem
1015 750 1250 825 promissionibus

132 824 343 904 utplurimum
363 819 495 880 detrahit.
522 819 636 884 fVerbo
657 817 911 880 latentur'omnes·
934 823 1251 901 omnipotentem'esse

129 903 251 960 Deum:
271 897 422 961 iuterea‘si
455 895 503 954 uid
516 895 661 974 promittit
672 896 815 974 opinione
834 907 934 975 nostra
953 899 1055 972 maius,
1071 898 1250 964 haesitamus.

136 978 229 1036 Unde
243 976 358 1048 ,inubi
372 918 453 1052 quod
471 972 563 1031 nihilo
585 972 648 1050 plus
667 971 709 1032 illi
730 971 1062 1054 tribuimuspotentiae,
1082 997 1167 1056 quam
1185 997 1255 1037 sen·
1328 1019 1331 1026 «

135 1075 188 1114 sus
212 1051 302 1112 nostri
326 1048 463 1132 capiunt?
502 1049 574 1109 Ideo
594 1046 698 1108 Paulus
723 1049 758 1108 ad
778 1048 864 1107 Rom.
883 1057 919 1124 4,
944 1055 990 1114 20.
1014 1051 1102 1110 fidem
1120 1052 1256 1124 Abrahae

134 1129 273 1204 laudans,
305 1128 376 1202 dicit
405 1125 487 1184 illum
517 1124 629 1183 dedisse
653 1124 774 1205 gloriam
797 1125 876 1199 Deo,
908 1127 988 1206 quod
1013 1127 1134 1212 implere
1157 1141 1257 1208 posset

133 1263 135 1266 .
156 1205 278 1284 uiequid
297 1200 480 1284 promiserat.
519 1200 662 1275 Et'alibis
677 1223 765 1279 quum
786 1201 821 1260 de
841 1222 892 1282 spe
902 1207 977 1264 vitae
996 1216 1131 1264 aeternae
1151 1205 1257 1286 agitur,

168 1282 196 1341 ei
215 1281 379 1362 potentiam
397 1277 454 1338 sibi
471 1277 629 1364 proponit,
656 1277 741 1350 Scio,
765 1277 875 1356 inquit,
901 1281 1156 1351 cni'crediderim‚
1177 1281 1258 1359 quod

90 1373 92 1378 '
134 1369 245 1440 poten's
275 1359 318 1418 sit⁴
344 1355 508 1446 deppsitum
533 1354 628 1414 meitm
655 1355 769 1413 serrare
800 1354 854 1431 (ll.
875 1357 951 1416 Tim.
971 1363 1003 1432 1,
1023 1359 1095 1436 th).
1111 1419 1113 1426 ,
1132 1359 1259 1442 Videtur
1286 1366 1307 1392 '¹

136 1435 257 1515 quidem
274 1431 469 1512 haecertgua
489 1449 551 1489 esse
570 1429 639 1488 fidei
657 1429 769 1509 portio,
788 1432 865 1508 quod
881 1453 979 1504 nemo,
999 1436 1184 1512 quantumvis
1202 1435 1259 1515 ἰτα-λ

136 1513 214 1592 pius,
233 1511 301 1571 Deo
321 1508 416 1600 palam
436 1506 644 1598 omnipotentis
663 1505 779 1566 titulum
796 1509 926 1600 derpge't.
964 1511 1074 1600 Yerum
1115 1513 1143 1570 ui
1163 1511 1260 1592 probe

137 1600 170 1646 et
189 1589 313 1667 penitus·
325 1585 438 1644 mfiram
457 1583 597 1642 mcorde
616 1603 669 1643 suo
691 1582 779 1642 habet
796 1584 855 1643 Dei
873 1598 1042 1665 potentiam,
1060 1587 1171 1667 rehqua
1191 1587 1261 1648 fidei

137 1665 349 1743 impedimenta
375 1659 459 1719 lacile
481 1660 639 1738 superabit.
689 1659 860 1720 Notandum
887 1677 984 1722 tamen
1010 1675 1068 1736 est.
1087 1666 1261 1744 :potentiam
1351 1701 1354 1710 ·

137 1741 199 1800 Dei
210 1759 278 1800 vera
298 1739 355 1798 lide
375 1735 568 1810 ellectualem,
587 1747 620 1796 ut
640 1736 680 1796 ita
698 1735 812 1816 loquar,
832 1739 1020 1818 apprehendi.
1058 1741 1168 1802 Potens
1181 1743 1261 1800 enim

141 1830 191 1878 est
208 1829 295 1896 atque
303 1815 433 1950 ggnos'ci
451 1811 612 1894 inlinens,
632 1825 666 1872 ut
684 1813 748 1894 ipso
769 1834 859 1896 opere
878 1836 1009 1876 veracem
1027 1834 1058 1888 se
1071 1818 1260 1880 demonstret.

205 1898 284 1957 38.,
334 1913 380 1950 coe
403 1889 512 1949 nnoilln
536 1891 668 1950 Domini.
712 1891 948 1970 Non‘perlnittit
971 1893 1026 1953 sibi
1051 1895 1260 1976 sanctauirgo

139 1969 218 2029 ultra
237 1970 399 2048 disputare:
425 1986 480 2028 nec
498 1978 595 2026 tamen
616 1967 736 2026 dubium
757 1979 815 2040 est,
859 1970 910 2028 uin
931 1969 1075 2051 obrepere
1095 1970 1185 2031 multa
1206 1991 1264 2050 pn·¹

140 2047 268 2120 tuerint,
313 2065 367 2104 uae
387 2057 531 2104 remoram
549 2042 704 2102 iniicerent
732 2043 809 2104 illius
838 1989 1010 2120 hdei,.imo
1043 2047 1103 2107 eius
1134 2047 1263 2126 animum

139 2143 267 2204 prorsus
291 2067 327 2180 dh
352 2119 471 2200 Angeli'
491 2139 627 2184 sermone
657 2130 830 2179 averterent.
853 2154 857 2164 ν
880 2123 940 2181 Sed
970 2117 1066 2182 ansa‘m
1091 2124 1263 2205 praecidens
1341 2148 1343 2154 ’

144 2197 297 2263 contrariis
330 2195 492 2254 rationibus
523 2213 554 2254 se
576 2195 667 2272 ipsam
690 2196 720 2252 in
746 2195 918 2274 obsequium
944 2199 1033 2280 cogit.
1073 2199 1170 2279 Atque
1190 2200 1264 2260 haee

141 2296 215 2337 vera
232 2285 278 2333 est
295 2273 365 2331 fidei
389 2269 543 2349 probatio,
567 2269 635 2328 dum
661 2269 830 2330 cohibemus
855 2285 968 2332 mentes
995 2286 1109 2334 nostras
1136 2288 1165 2334 et
1183 2277 1265 2333 velut

143 2351 273 2429 captivas
292 2361 442 2418 tenemus,
463 2365 500 2404 ne
518 2345 575 2404 hoc
594 2344 641 2404 uel
660 2345 730 2421 illud
750 2346 817 2405 Deo
838 2349 1150 2438 opponeteaudeant,
1180 2350 1266 2408 sicuti
1328 2361 1331 2370 “

39 2481 42 2502 ‚
141 2445 260 2496 rursum
292 2417 469 2481 infidelitatis
498 2430 592 2478 mater
621 2431 664 2478 est
688 2421 867 2499 disceptanda
891 2423 1015 2481 licentia.
1057 2425 1120 2482 Nec
1139 2423 1202 2483 leve
1222 2423 1266 2484 his

142 2500 243 2564 verbis
263 2499 340 2558 inest
358 2495 489 2576 pondus,
512 2496 590 2553 Ecce
614 2495 717 2554 ancilla
735 2496 873 2556 Domini:
899 2519 930 2557 se
953 2499 1033 2556 enim
1056 2508 1150 2558 totam
1176 2497 1268 2560 ollert

142 2581 214 2639 Deo
236 2588 266 2636 et
285 2573 409 2647 addicit,
440 2581 482 2632 ut
497 2571 546 2630 ille
571 2571 634 2630 iure
659 2591 712 2632 suo
738 2570 830 2631 libere
849 2584 956 2632 utatur.
996 2572 1268 2634 Subducunt'enim

144 2677 178 2720 se
196 2649 340 2712 increduli
358 2650 394 2710 ab
416 2649 477 2728 eius
496 2668 598 2720 manu,
623 2659 652 2706 et
672 2659 811 2727 quantum
834 2651 865 2709 in
884 2671 924 2718 se¹
937 2662 979 2710 est
998 2672 1073 2731 opus
1091 2651 1152 2711 eius
1172 2653 1268 2732 impe-

146 2733 238 2793 diunt.
278 2727 363 2786 Fides
383 2737 478 2785 autem
498 2724 737 2799 nos-sinuum,
756 2736 789 2783 nt
807 2739 923 2807 praesto
937 2729 1023 2788 simus
1044 2728 1078 2787 ad
1099 2729 1268 2808 parandum.

147 2805 264 2883 Quodsi
280 2805 349 2863 ideo
371 2801 474 2862 ancilla
488 2800 607 2863 Domini
619 2803 682 2862 luit
700 2814 797 2862 sancta
815 2804 909 2885 virgo,
929 2805 1002 2884 quis
1015 2805 1189 2866 obedienter
1205 2806 1268 2865 eius

146 2884 275 2962 imperio
291 2879 476 2952 sesubiecit,
497 2878 574 2937 nulla
594 2878 724 2940 deterior
743 2884 922 2941 contumacia
944 2894 987 2941 est
1006 2900 1092 2960 quam
1113 2881 1266 2962 fugitando

145 2960 190 3019 illi
210 2977 327 3039 negare,
347 2956 427 3046 quod
447 2965 576 3014 meretur
595 2977 628 3016 ac
648 2956 777 3036 postulat
792 2957 974 3037 obsequium.
1012 2959 1148 3048 Denique
1162 2971 1195 3017 ut
1205 2957 1268 3017 sola

137 3037 218 3116 ‘fides
238 3055 292 3094 nos
311 3051 474 3111 morigeros
493 3032 560 3092 Deo
584 3053 683 3093 servos
701 3032 813 3108 reddit.
841 3047 869 3094 et
893 3035 982 3094 tradit
1007 3037 1036 3094 in
1058 3053 1118 3094 etus
1138 3046 1269 3112 potesta-

149 3126 222 3185 tem,
242 3114 280 3170 ita
291 3109 443 3169 infidelitas
454 3107 578 3167 rebelles
592 3120 621 3169 et
640 3109 802 3190 transfugas
813 3109 903 3170 facit..
927 3111 998 3169 Fica
1015 3108 1093 3170 inihi.
1131 3111 1270 3170 Bilariam

149 3187 379 3267 exponipotest
405 3185 462 3244 hoc
490 3185 670 3260 membrum,
701 3185 747 3244 rel
772 3187 852 3264 quod
876 3199 974 3247 sancta
997 3190 1080 3268 virgo
1105 3189 1201 3247 statim
1232 3187 1271 3246 ad
1370 3221 1373 3236 .

146 3275 217 3328 ,vota
243 3275 272 3322 et
297 3281 397 3342 preces
421 3280 452 3319 se
477 3273 643 3335 convertat,
669 3253 815 3340 vd'quod
839 3285 899 3324 uno
920 3275 1058 3324 contextu
1083 3283 1113 3322 se
1133 3265 1200 3323 Deo
1222 3282 1270 3322 re·

132 3343 264 3421 ‘signare
284 3359 317 3397 ac
336 3338 452 3396 tradere
472 3350 582 3472 pergat.
605 3325 692 3420 ‘Ego
718 3339 887 3425 simpliciter
910 3335 1106 3420 interpretor,
1129 3339 1209 3418 quod
1235 3339 1272 3398 de
1298 3375 1300 3380 ι

147 3418 257 3478 uirtute
275 3413 333 3472 Dei
353 3431 504 3494 persuasa,
541 3414 716 3494 ibenterque
740 3435 865 3490 sequens
891 3437 949 3495 quo
969 3429 1071 3489 vocnt,
1096 3415 1179 3476 simul
1199 3437 1273 3496 pro-

148 3490 281 3553 missioni
301 3490 362 3550 sius
382 3489 552 3562 subscrlbit‚
577 3503 665 3570 atque
690 3495 729 3552 ita
754 3492 894 3552 eflectum
919 3512 981 3554 non
1003 3493 1093 3554 modo
1116 3495 1273 3574 exspectat,

148 3568 309 3632 sedetiam
330 3567 433 3646 cupide
455 3567 579 3644 expetit⁴¹
657 3614 662 3630 .
1091 3589 1095 3600 ι
1266 3597 1267 3604 ,

125 3727 127 3734 ,
194 3724 253 3804 (Β.)
294 3721 397 3806 LUg,
419 3721 441 3784 1,
483 3723 532 3812 39.
555 3721 736 3808 Exsurgens
757 3733 862 3787 autem
881 3723 988 3816 Maria
1009 3728 1043 3789 in
1066 3721 1180 3788 diebus
1200 3687 1274 3798 illis,

125 4470 130 4500 l

150 3821 229 3889 abiit
250 3824 283 3887 in
304 3831 457 3888 montana
479 3828 549 3886 oum
572 3822 777 3887 festinatione
798 3826 831 3887 in
854 3826 1011 3890 civitatem
1035 3824 1129 3900 Iuda,
1163 3822 1212 3883 40.
1232 3819 1275 3882 Et

148 3928 280 4002 intravit
304 3927 339 3987 in
364 3921 691 3988 domum'Zachariae
721 3945 758 3987 ao
779 3924 927 3990 salutavit
946 3923 1129 4000 Elisabeth,
1162 3919 1213 3986 41.
1233 3919 1276 3988 Et

149 4027 268 4091 foetum
291 4033 355 4100 est,
387 4033 424 4086 nt
449 4021 572 4087 audivit
590 4021 758 4088 Elisabeth
774 4023 1003 4101 salutationem
1024 4024 1164 4121 illaria&
1192 4019 1276 4087 saliit

150 4127 258 4192 inians
278 4127 314 4188 in
335 4134 428 4188 utero
451 4122 546 4200 illius,
568 4121 744 4209 etneplsn
766 4135 814 4188 est
835 4126 957 4212 Spiritu
977 4133 1088 4187 sancto
1100 4118 1277 4200 Elisabeth,

150 4229 202 4295 42.
223 4224 484 4310 Exclamavilque
505 4245 586 4290 voce
608 4245 737 4308 magua,
762 4235 794 4294 et
816 4223 910 4298 dixit,
938 4221 1119 4287 Benedicta
1138 4231 1173 4310 tu
1193 4225 1278 4288 inter
1349 4291 1350 4296 ,

153 4325 367 4416 mulieres-et
386 4324 577 4403 benedictus
597 4323 720 4393 fruetus
734 4325 856 4392 ventris
874 4322 960 4387 tut:
974 4321 1026 4390 43.
1044 4323 1087 4394 Et
1106 4323 1194 4398 undo
1215 4324 1279 4390 boo

542 4593 546 4621 l
