2824 4756
386 206 545 322 'tra-13.
564 237 719 302 cassasse
738 227 919 325 proptera.)
960 271 962 280 ·
1178 245 1215 318 1¹1

88 407 159 447 non
180 397 224 448 εει
240 385 441 478 participium:
461 406 528 445 nam
545 405 648 468 graece
668 397 712 456 est
731 385 858 457 ἀνατοιὴ,
874 389 931 450 hoc
946 403 999 470 est,
1012 413 1044 453 re
1067 393 1095 453 io
1116 395 1216 456 orien-

89 465 180 538 talis,
201 486 249 524 cm
269 462 396 522 Occasus
416 463 591 542 opponitur..
623 461 660 522 Iu
680 465 737 522 hoc
757 463 869 522 extollit
886 467 1032 531 Zacharias
1083 471 1109 530 ei
1128 474 1217 533 mise-

88 540 273 612 ricordiam,
294 538 373 618 quod
395 538 526 598 discussis
548 539 651 599 mortis
669 537 800 598 tenebris
820 538 867 598 lux
884 543 958 601 vitae
977 547 1065 607 fuerit
1083 551 1216 612 restituta

11 621 25 660 f
88 616 212 696 populo
232 615 300 674 Dei.
348 614 384 674 In
404 615 634 692 huncmodum,
667 613 781 694 quoties
812 614 849 673 de
875 616 964 678 salute
987 636 1084 683 nostra
1107 627 1215 706 agitur,

88 705 213 751 mentes
240 692 281 750 ad.
298 691 356 749 Dei
379 692 605 750 misericordiam
634 694 675 750 eri
700 711 748 752 ere
775 693 922 750 convenit.
969 695 1091 758 Videtur
1119 717 1215 764 autem

90 769 285 829 allusioesse
306 769 338 826 ad
354 787 420 846 cap.
441 775 469 832 d,
487 789 514 827 v.
533 774 561 833 2.
587 712 760 841 Malachiae,
789 767 841 828 ubi
864 769 996 830 Christus
1017 774 1068 833 Sol
1093 776 1215 839 iustitiae

89 857 237 920 vocatur,
257 844 405 905 sanitatem
426 845 456 904 in
477 843 543 917 alis,
566 843 623 916 hoc
644 857 697 919 est,
716 844 803 904 radiis
821 844 879 904 suis
899 859 1028 924 portans.
1068 850 1218 924 Quantum

94 923 136 981 ad
159 920 247 982 lucau
264 935 290 978 et
307 917 450 992 ammam,
470 919 577 980 similes
597 931 665 980 sunt
684 921 870 1000 loquutiones
891 921 967 1002 apud
987 923 1218 1007 Iesaiam9,1.‚

93 997 242 1134 Populus,
262 999 313 1076 qui
330 996 497 1060 ambulabat
517 997 549 1055 in'
567 997 814 1072 tenebris,'ridit·
828 996 923 1057 lucem
942 1019 1093 1084 magnam,
1113 1004 1216 1066 incolis

93 1097 147 1136 una

91 1151 194 1210 verbis
214 1151 370 1222 docemur,
401 1149 473 1208 nihil
498 1169 560 1210 esse
588 1149 643 1210 viui
666 1150 812 1214 coaluus
836 1149 872 1210 iu
892 1151 1005 1214 mundo
1032 1165 1110 1214 extra
1132 1155 1219 1216 Chri-

91 1239 189 1302 stum,
209 1227 258 1289 sed
280 1225 378 1284 omnia
398 1225 532 1286 horribili
552 1227 655 1286 mortis
674 1227 796 1308 caligine
817 1229 970 1310 occupari:
996 1229 1063 1289 ideo
1084 1230 1152 1290 alibi
1164 1231 1220 1305 ’,Ιε-Ι

92 1305 169 1364 saias
189 1303 364 1362 beneficium
384 1301 441 1361 hoc
461 1302 515 1361 soli
534 1301 682 1362 Ecclesiae
705 1324 759 1382 pro
784 1303 856 1362 rium
882 1323 943 1364 esse
967 1303 1107 1382 testatur,
1131 1305 1220 1384 Ecce,

92 1381 204 1460 inquit,
223 1379 365 1438 tenebrae
384 1379 521 1457 operient
538 1389 661 1452 terram,
687 1392 717 1438 et
735 1324 828 1458 caligo
847 1381 987 1470 populos:
1013 1403 1102 1462 super
1118 1397 1149 1445 te
1168 1407 1221 1445 au-

92 1470 158 1516 tem
180 1454 474 1530 orieturtllominus,
495 1468 527 1516 et
542 1455 636 1594 gloria
657 1456 717 1518 eius
735 1457 767 1516 in
785 1469 815 1515 te
834 1457 981 1523 videbitur
993 1464 1077 1539 (cap.
1097 1466 1145 1534 60,
1164 1463 1220 1540 1.).

97 1533 264 1608 Quaeritur
287 1545 401 1609 tamen,
431 1554 538 1614 quomo

95 1708 180 1766 pios,
212 1687 263 1766 qui
289 1687 442 1768 sub‘Lege
460 1690 607 1760 vixerunt,
637 1705 725 1768 quum
746 1685 875 1764 undique
895 1687 982 1748 ciuefi
1002 1702 1097 1750 essent
1116 1692 1221 1752 mortis

91 1763 243 1839 tenebris,
272 1763 365 1828 luceru
392 1766 421 1824 in
444 1765 553 1838 Christi
576 1767 701 1828 adventu
724 1761 828 1845 procul
855 1764 996 1838 intuitos,
1023 1787 1079 1845 qua
1098 1765 1227 1828 fuerunt.

95 1842 239 1919 recreati,
264 1861 302 1900 ne
322 1842 467 1925 praesenti
486 1855 581 1902 morte
608 1841 813 1902 obruerentur.
857 1841 935 1900 Fieri
956 1841 1039 1901 etiam
1059 1856 1167 1924 potest,
1187 1855 1220 1904 ut
1268 1854 1270 1859 '

97 1917 250 1976 Zacharias
283 1917 318 1976 ad
347 1917 648 1998 miserum'temporis
674 1920 718 1980 sui
745 1930 850 1978 statum
875 1919 1041 1997 respexerit.
1082 1919 1220 1980 Sed'hoc

97 1993 276 2073 generaliter
298 2015 400 2056 verum
421 2008 480 2067 est,
511 1996 621 2056 Christi
645 1996 769 2055 adventu
796 1994 889 2054 lucem
909 1997 964 2075 piis
990 1996 1142 2070 omnibus,
1168 1995 1220 2076 qui

97 2070 179 2146 prius
199 2070 314 2130 fuerant
332 2083 363 2130 et
382 2071 487 2130 deinde
507 2072 598 2132 futuri
619 2085 716 2146 eraut,
737 2092 797 2131 esse
819 2084 961 2146 exortam,
983 2094 1057 2152 quae
1078 2093 1129 2134 eos
1149 2074 1221 2132 vivi-

97 2147 181 2205 ficet:
208 2147 274 2226 quia
293 2147 379 2208 vitam
401 2148 429 2206 in
455 2161 730 2226 mortuos-quoque
751 2146 878 2208 diffudit.
920 2145 1026 2226 Sedere
1048 2149 1221 2211 tantundem

97 2221 216 2285 valetao
227 2224 331 2282 iacere.
350 2223 423 2282 Ideo
434 2223 538 2282 Iesaias
549 2223 706 2282 Ecclesiam
719 2244 838 2304 surgere
850 2221 940 2299 iubet,
953 2225 1003 2283 ubi
1016 2225 1139 2305 affulget
1151 2225 1222 2288 dies.

175 2305 223 2363 79.
246 2297 328 2358 Ad-
346 2297 510 2372 detegendos
528 2297 626 2372 pedes.
678 2301 740 2358 Hae
772 2297 1029 2378 particula'docet
1060 2302 1222 2376 Zacharias,

6 2443 7 2450 ,
96 2374 315 2457 perfectionem
346 2375 439 2434 omnis
471 2375 544 2434 honi
576 2386 605 2432 ει
629 2373 773 2439 felicitatis
797 2395 936 2435 summam
960 2376 990 2432 in
1017 2375 1081 2436 solo
1103 2376 1222 2436 Christo

97 2471 173 2512 esse.
213 2449 318 2510 Posset
337 2450 455 2530 quidem
479 2450 511 2510 in
535 2451 658 2584 proprio
683 2455 769 2510 sensu
795 2449 887 2526 accipi
908 2469 1016 2508 nomen
1036 2451 1136 2524 Pacis,
1167 2471 1223 2512 nec

96 2527 176 2588 male
200 2525 388 2586 conveniret:
417 2526 483 2604 quia
514 2525 533 2583 il
547 2526 685 2583 umrnatio
707 2523 818 2606 Christi
843 2525 879 2582 ad
904 2525 1046 2603 pacandas
1071 2525 1223 2590 hominum

96 2614 214 2665 mentes
241 2602 327 2662 valet.
378 2601 437 2661 Sed
463 2601 529 2680 quia
550 2600 692 2660 Hebraeis
711 2621 782 2676 praa:
814 2599 931 2660 beatum
963 2601 1093 2662 omnium
1125 2615 1223 2663 rerum

98 2685 266 2742 successum
285 2676 442 2760 significat,
468 2699 529 2738 non
554 2676 655 2737 dubito
678 2679 747 2756 quin
767 2676 918 2738 Zacharias
939 2677 1086 2740 Christum
1111 2678 1159 2740 hic
1179 2679 1235 2742 faa

100 2777 167 2817 cere
187 2756 259 2817 velit
277 2755 425 2835 perfectae
446 2753 632 2816 beatitudinis
652 2767 816 2829 auctorem,
841 2775 878 2814 ne
919 2775 985 2814 uam
1009 2755 1083 2816 boni
1108 2768 1222 2836 partem

100 2833 170 2894 alibi
191 2837 376 2913 quaeramus,
404 2832 453 2892 sed
479 2833 560 2891 omni
582 2851 615 2889 ex
639 2842 721 2922 parte
747 2853 779 2890 ac
799 2830 892 2891 solide
935 2843 1014 2892 eatos
1035 2853 1096 2891 esse
1117 2854 1170 2893 nos
1190 2832 1236 2893 in*

102 2911 221 2970 Christo
241 2909 369 3046 persuasi
394 2909 425 2967 in
451 2928 486 2967 eo
510 2908 573 2968 solo
594 2928 818 2987 acquiescamus.
858 2907 930 2982 Quo
950 2919 1084 2988 spectant
1103 2908 1153 2968 illa
1172 2908 1223 2968 Ie-

100 2987 174 3046 saiae
192 3006 243 3047 ver
266 3007 293 3057 a,
311 2987 379 3044 Non
399 2984 511 3047 lucebit
530 2984 584 3046 tibi
604 2983 724 3062 amplius
740 2984 785 3044 sol
804 2984 943 3059 interdiu,
964 3005 1060 3120 neque
1080 2985 1148 3046 luna
1168 3005 1235 3066 per>

100 3075 231 3124 noctem:
252 3061 302 3124 sed
323 3063 380 3120 erit
397 3061 453 3122 tibi
473 3063 617 3121 Dominus
637 3062 668 3121 in
689 3061 782 3125 lucem
803 3073 973 3152 perpetuam
994 3064 1007 3140 (
1026 3063 1224 3138 es.·6tt,1'9.),

102 3137 216 3213 Quodsi
227 3138 376 3200 Zacharias
389 3136 452 3197 solo
473 3137 525 3196 filii
538 3137 582 3196 sui
593 3137 685 3197 ¹adhuc
705 3137 825 3196 infantis
836 3147 995 3216 conspectu
1009 3137 1142 3198 inductus
1155 3137 1222 3214 fuit,
1237 3179 1239 3188 ι

101 3229 135 3274 ut
148 3215 183 3274 de
198 3215 413 3294 Christigratia
433 3215 589 3287 etvirtute,
609 3215 774 3294 priusquam
795 3225 972 3287 nasceretur,
991 3225 1049 3272 tam
1069 3215 1224 3296 magnifice

102 3292 266 3365 dissereret,
286 3312 321 3348 an
337 3309 398 3348 non
419 3302 475 3350 ter.
489 3302 518 3348 et
539 3302 641 3368 quater
659 3291 769 3371 ingrati
788 3301 872 3364 sunt,
894 3290 943 3368 qui
963 3289 999 3354 de
1011 3289 1129 3351 Christo
1141 3302 1224 3371 post,

103 3389 186 3448 quam
206 3378 338 3448 mortuus
359 3377 412 3438 est,
432 3368 597 3438 resurrexit,
617 3378 648 3426 et
667 3366 796 3426 ascendit
814 3365 845 3426 in
867 3365 993 3439 coelum,
1013 3377 1046 3424 ut
1066 3367 1102 3426 ad
1123 3368 1223 3430 dexte*

102 3467 161 3506 ram
193 3444 286 3502 Patris
316 3442 431 3512 sedeat,
460 3443 553 3502 minus
584 3442 746 3502 honorifice
776 3429 907 3502 sentiunt
934 3464 967 3501 ac
998 3443 1058 3503 eius
1086 3442 1224 3506 virtutem

103 3532 274 3594 extenuant,
300 3519 378 3577 cuius
400 3518 497 3599 elogio
518 3531 636 3578 ornatus
659 3519 713 3576 fuit
732 3539 748 3576 a
770 3518 882 3597 Spiritu
907 3517 1000 3579 adhuc
1020 3525 1105 3579 ut'ero
1126 3521 1225 3578 matris

102 3595 245 3657 inclusus?
285 3595 460 3654 Tenendum
481 3595 557 3653 enim
578 3595 717 3654 memoria
738 3605 781 3653 est
800 3594 880 3672 quod
899 3595 978 3673 prius
998 3597 1100 3676 attigi,
1126 3616 1187 3654 non
1208 3613 1226 3656 a

103 3695 133 3735 se
157 3673 220 3754 ipso
246 3673 400 3752 loquutum
427 3691 489 3732 esse
508 3669 692 3748 Zachariam,
721 3671 773 3731 sed
793 3671 906 3750 Spiritu
924 3672 984 3731 Ilei
1008 3672 1137 3754 linguam
1164 3669 1234 3730 eius·

102 3747 292 3832 gubernante.

176 3831 223 3890 80.
250 3826 343 3884 *Puer
360 3837 454 3884 autern
473 3821 620 3884 crescebat.
659 3821 728 3883 Hoc
753 3823 787 3882 ad
809 3821 964 3886 texendum
985 3821 1123 3886 historiae
1144 3819 1227 3880 filum

104 3903 211 3965 addidit
235 3901 335 3964 Lucas.
379 3901 479 3960 Primo
506 3913 603 3962 narrat
628 3900 799 3960 roboratum
826 3900 913 3960 fuisse
930 3901 1081 3962 tomum
1102 3895 1228 3978 Spiritu,

104 4001 160 4054 quo
177 3979 331 4062 significat,
352 3999 445 4038 raram
467 3979 500 4035 et*
516 3977 660 4037 insolitam
673 3977 811 4036 exstitisse
831 3977 861 4035 in
881 3997 973 4056 puero
988 3974 1129 4048 indolem,
1151 3977 1236 4050 quae·

104 4059 217 4136 signum
238 4067 312 4115 esset
333 4053 539 4128 habitantisin
561 4073 603 4136 eo,
618 4053 751 4112 coelestis
765 4053 907 4133 Spiritus:
926 4051 1010 4112 simul
1029 4063 1126 4139 tamen
1146 4047 1227 4124 dicit,

104 4133 222 4270 ιιιιὲιειίεθεδει
232 4153 312 4288 qqqq
322 4129 484 4265 ignobilem
504 4127 534 4188 iu
553 4129 673 4190 desertis
692 4149 783 4209 usque
804 4129 839 4188 ad
856 4130 932 4188 mem
952 4138 1127 4187 ostensionis
1147 4144 1230 4201 suae,

224 4251 233 4282 i

13 4330 14 4338 ι
105 4285 259 4359 Ioannem,
288 4285 343 4344 etsi
362 4283 527 4344 vocationis
551 4301 619 4342 suae
639 4281 740 4422 ίῙηοιιε
766 4281 899 4340 conscius
925 4291 1003 4353 erat,
1031 4277 1104 4341 nihil
1128 4291 1228 4340 tamen
1312 4323 1317 4330 -

108 4371 171 4423 aute
191 4373 307 4444 tempus
327 4379 493 4442 aggressum
513 4379 588 4436 esse,
606 4377 637 4421 se
677 4358 874 4438 obsequutum
895 4375 958 4418 esse
976 4357 1043 4420 Deo
1062 4357 1191 4423 uocanti,

173 1093 220 1137 rae
237 1074 339 1134 mortis
359 1073 407 1134 lux
427 1086 492 1138 orta
512 1084 569 1136 esta
597 1073 777 1209 e‘tjplurihus
796 1072 857 1134 aliis
877 1072 959 1135 locis.
998 1076 1157 1140 Caeterum
1174 1081 1226 1142 his·
1270 1095 1274 1109 ¹

562 1555 580 1591 o
605 1531 728 1594 sederint
755 1536 785 1591 in
817 1528 918 1592 umbro
942 1539 1040 1594 anoctis
1060 1536 1228 1613 Israelitae,

95 1631 225 1700 quorum
246 1607 385 1670 cordibus
408 1613 522 1690 semper
540 1611 684 1670 Dominus
710 1629 764 1690 per
787 1607 872 1668 fidem
892 1609 1008 1671 illuxit.⁴
1029 1611 1220 1692 Respondeo,
1294 1611 1297 1619 ¹

361 4209 474 4266 ominus
495 4226 562 4265 eum
582 4205 745 4286 producere
757 4215 905 4266 statuerat.
943 4203 1032 4262 Unde
1052 4200 1248 4286 colligimus,¹
