2816 4746
302 169 314 198 h

480 275 483 278 ·
540 215 848 332 sustentauit.
1164 261 1168 270 '
1231 279 1251 340 a
1314 361 1323 374 ἱ

117 417 255 507 itemque
281 413 412 476 Coraldo
431 403 637 497 Augustiniani
663 413 775 477 ordinis
799 413 933 498 [essert
946 413 1045 478 noua
1060 429 1090 478 st
1109 417 1246 500 Gomuss,

115 513 172 584 qur
193 499 289 583 unum·
305 503 335 584 et
353 491 476 583 alterum
495 493 681 584 ianuannum
706 492 807 554 favore
825 493 1009 556 Navarrenae
1034 493 1137 560 adiuti»
1150 515 1245 582 nego-

112 579 194 628 tium
216 567 326 628 Christi
350 589 381 628 m
398 568 475 628 urhe
493 569 649 648 plurumum
669 582 896 650 promoverant,
916 590 979 631 non
1001 572 1093 633 modo
1120 591 1155 632 ex
1177 571 1245 654 pul-

114 657 189 780 prto
208 644 381 721 deturbatis,
400 645 452 706 sed
472 647 560 706 etiam
580 647 611 706 io
631 665 779 708 carcerem
799 647 955 706 coniectis:
981 660 1012 708 et
1036 669 1167 732 eousque
1195 649 1244 710 iu-

144 733 266 781 ammata
287 721 416 782 fascinati
427 723 574 783 Francisci
593 724 671 816 regis
690 723 734 782 ira
754 721 793 783 ob
814 722 934 783 schedas
974 725 1089 786 uasdam
1107 727 1243 790 adversus

117 800 239 858 Missam
258 818 311 878 per
329 798 433 877 urbem
453 821 563 880 sparsas
589 801 736 892 ipsiusque
760 799 834 881 regii
855 743 984 860 cubiculi
1002 801 1113 862 foribus
1134 803 1242 878 affixas,

118 886 156 933 ut
178 873 287 952 publica
311 875 429 936 decreta
452 898 505 957 sup
525 877 681 952 litatione,
710 876 758 936 cui
778 897 836 936 uua
856 897 922 936 eum
946 875 1049 938 liberis
1067 879 1124 940 suis
1147 879 1242 940 tribus

119 951 202 1010 nudo
223 953 315 1032 capite
334 954 486 1012 ardentem
509 897 601 1013 lacem
621 952 701 1034 quasi
719 953 783 1034 exp'
815 953 894 1014 ionis
912 975 997 1014 causa
1015 965 1129 1034 gestans
1148 956 1241 1016 inter-

118 1027 186 1101 suis,
205 1040 332 1106 quatuor
349 1027 431 1089 urbis
441 1028 651 1091 celebrioribus
670 1029 744 1090 locis
762 1051 800 1090 oc
815 1050 890 1091 ortos
910 1043 1053 1112 martyres
1063 1029 1142 1092 rivos
1159 1043 1241 1092 ustu-

112 1101 169 1164 lari
187 1103 316 1179 iuberet,
336 1117 424 1185 atque
435 1107 509 1167 adeo
519 1106 646 1168 sollenui
664 1106 852 1168 iureiurando
871 1117 1039 1183 testaretur,
1059 1127 1091 1168 se
1110 1107 1241 1168 nelibe-
1266 1151 1272 1168 ι

111 1181 153 1239 ris
175 1182 294 1260 quidem
313 1183 371 1243 suis
392 1203 553 1262 parsurum,
572 1185 596 1244 si
616 1183 695 1244 forte
711 1183 869 1244 teterrimis
888 1183 955 1261 illis,
976 1196 1008 1245 ut
1018 1182 1154 1257 vocabat,
1173 1183 1241 1244 hae·

109 1257 228 1318 resihus
253 1271 351 1318 esseut
372 1259 484 1320 infecti.
528 1259 680 1326 Eiusmodi
706 1280 804 1320 rerum
826 1271 932 1321 statum
956 1261 1075 1322 intuens
1095 1259 1243 1335 Caluinus,

135 1334 204 1393 aulo
224 1348 380 1416 postquam
398 1335 537 1398 Aureliae
560 1337 614 1397 insi
658 1357 705 1396 em
722 1337 804 1396 illum
825 1336 956 1398 libellum
977 1337 1128 1408 edidisset,
1153 1355 1240 1418 quem

109 1353 416 1502 Bs'ychopaonychian
435 1414 582 1494 inscripsit
600 1435 614 1474 a
638 1433 738 1476 versus
753 1413 870 1476 illorum
890 1434 1031 1488 errorem,
1051 1414 1102 1494 qui
1112 1413 1241 1474 dormire
1270 1427 1280 1478 ¹.

111 1499 260 1547 seiunctas
274 1499 304 1548 ι’
317 1490 492 1568 corporibus
512 1491 620 1552 animas
641 1510 743 1551 errore
763 1511 777 1549 a
796 1490 993 1562 vetustissimis
1018 1509 1111 1571 usque
1135 1509 1238 1551 saccu-

105 1563 150 1623 lis
172 1564 302 1644 repetito
328 1565 485 1641 docebant,
508 1566 647 1628 secedere
671 1587 705 1626 er
730 1565 826 1628 Gallia
847 1568 963 1642 statuit,
992 1586 1088 1648 eoque
1113 1565 1239 1629 consilio

110 1654 257 1700 unacum*
268 1641 332 1715 illo,
352 1643 468 1722 quicum
488 1664 555 1706 eum
573 1646 651 1726 apud
667 1644 830 1705 Sanctouas
849 1643 1028 1726 aliquamdiu
1046 1645 1146 1706 vixisse
1158 1643 1238 1704 dixi-

110 1739 187 1792 mus,
207 1718 265 1777 iter
284 1719 425 1780 Basileam
438 1741 543 1782 ,versus
563 1727 616 1802 per
634 1719 857 1804 Lotharingiam
876 1721 1036 1804 ingressus,
1051 1741 1113 1781 nou
1133 1717 1239 1802 procul

110 1793 187 1854 urbe
207 1795 333 1855 Meteosi
352 1797 382 1855 in
402 1799 552 1858 maximam
572 1799 778 1861 diffirutmem
802 1797 924 1874 incidit,-
946 1797 1064 1858 alterius
1090 1794 1238 1858 exsertis

109 1871 235 1952 perfidia
259 1871 386 1950 pecunia
408 1875 525 1955 utrique
548 1888 696 1958 surrepta,
725 1875 776 1954 qui
805 1873 899 1936 altero
929 1895 963 1935 cx
991 1874 1072 1954 equis
1097 1873 1239 1935 validiore

110 1959 203 2007 strato
222 1959 282 2008 tam
307 1963 430 2029 repente
448 1972 479 2011 sc
500 1951 531 2010 in
550 1952 767 2036 fogamdedit,
793 1963 826 2012 ut
846 1952 1027 2034 deprehendi
1046 1951 1129 2011 nullo
1149 1960 1236 2030 pacto

110 2024 266 2103 potuerit,
282 2025 433 2106 „herisque‘
456 2029 526 2108 ipsis
550 2030 586 2089 ab
617 2031 700 2090 omni
730 2030 835 2092 viatico
862 2029 971 2090 relictis
998 2025 1237 2119 imparatissimis,

110 2100 188 2162 adeo
208 2113 241 2162 ut
260 2102 296 2162 ab
317 2104 410 2164 altero
430 2105 547 2165 demum
563 2107 683 2174 'servulo
704 2106 805 2168 decem
823 2117 927 2166 mutuo
947 2117 1068 2184 sumptus
1087 2114 1236 2165 coronam

23 2230 26 2240 .
108 2178 158 2236 vix
177 2178 387 2260 Argentiuam,
417 2180 547 2262 indeque
565 2182 708 2242 basileam
739 2183 937 2263 pervenerint.
990 2181 1038 2242 Ibi
1062 2181 1235 2261 praecipuos

108 2253 214 2314 hahuit
242 2259 358 2317 anricus
383 2279 511 2318 summos
540 2260 607 2320 illos
643 2259 776 2321 homines
806 2260 961 2322 Simonem
989 2258 1177 2350 Grqmaeum,
1207 2265 1238 2314 st

108 2331 333 2413 Wolfgangum
352 2333 540 2414 Capitonem,
559 2355 681 2414 seseque
696 2337 841 2398 hebraicis
860 2335 955 2395 literis
974 2335 1068 2394 dedita
1088 2345 1118 2392 et
1135 2352 1236 2410 quam·

106 2411 153 2467 vis
173 2407 265 2466 latere
289 2409 385 2468 modis
409 2410 546 2470 omnihus
569 2413 718 2486 studeret,
749 2411 780 2470 id
805 2411 884 2490 quod
910 2429 945 2468 ex
968 2409 1091 2488 epistola
1111 2406 1236 2485 quadam
1304 2446 1309 2454 ι

104 2485 218 2542 Buceri
237 2483 273 2543 ad
293 2503 360 2543 emn
380 2485 473 2544 altero
492 2497 562 2562 post
580 2506 659 2545 anno
672 2487 746 2547 >data
765 2487 872 2564 liquet,
890 2497 990 2542 umen
1010 2484 1100 2542 edere
1119 2492 1237 2543 coactus

107 2571 155 2620 est
167 2559 352 2620 Christianae
364 2558 528 2640 Religionis
539 2560 770 2638 Institutiouem,
792 2581 877 2642 quam
892 2561 1015 2635 vocavit,
1035 2558 1132 2638 operis
1146 2557 1235 2638 longe

105 2636 224 2698 maximi
242 2635 448 2695 rudimentum.
490 2633 589 2710 Quum
619 2638 696 2697 enim
719 2637 798 2699 illam
817 2637 965 2696 Francisci
989 2637 1066 2720 regis
1089 2634 1235 2696 carnifici-

108 2735 175 2774 nam
196 2732 285 2794 aegre
305 2713 418 2772 ferrent
430 2711 572 2773 Germani
581 2715 747 2796 Principes,
767 2715 817 2797 qui
832 2713 993 2797 Evangelio
1013 2733 1123 2773 nomeu
1144 2711 1233 2772 dede·

106 2785 183 2868 raht,
204 2802 234 2850 et
253 2809 379 2870 quorum
399 2789 449 2850 ille
469 2802 530 2850 tum
550 2792 704 2852 amicitiam
715 2792 871 2868 ambiebat,
891 2790 949 2852 boc
961 2813 1052 2852 unam
1071 2790 1121 2850 ille
1140 2787 1235 2862 σοφὸν

108 2865 400 2942 φάρμακοιιιιιιῑοιι
420 2866 584 2930 Guilielmo
610 2868 722 2930 Bellaio
741 2869 882 2952 Langaeo
914 2880 1080 2948 repererat,
1113 2879 1147 2927 ut
1166 2885 1233 2927 sese

107 2943 227 3004 nonnisi
243 2943 275 3002 io
292 2943 514 3024 Anabaptistas‚
539 2967 594 3026 pro
614 2945 706 3008 verbo
728 2945 826 3008 divino
851 2967 936 3007 suum
953 2956 1068 3006 tautum
1090 2943 1232 3023 Spiritum

106 3021 262 3096 iactantes,
292 3033 322 3080 et
351 3023 483 3082 omnium
506 3022 725 3104 magistratuum
749 3034 971 3103 contemptores
995 3020 1232 3082 animadvertisse

108 3097 227 3157 diceret.
276 3097 345 3157 Hoc
363 3117 434 3159 vero
464 3098 590 3160 dedecus
615 3121 700 3160 verae
730 3099 870 3182 religioni
896 3100 1024 3158 inustum
1047 3119 1112 3158 ιιοιι
1135 3096 1233 3156 ferens

109 3173 246 3236 Calvinus
275 3175 336 3235 eius
360 3175 467 3235 edendi
493 3176 562 3236 libri
588 3177 774 3238 occasionem
793 3177 933 3257 arripuit,
960 3196 1028 3236 meo
1048 3173 1167 3254 quidem
1187 3173 1232 3232 iu·

107 3251 184 3310 dicio
204 3251 454 3331 incomparabilis:
474 3253 569 3312 addita
582 3255 742 3314 excellente
754 3253 789 3312 ad
808 3273 909 3334 regem
930 3253 938 3310 i
959 3273 1024 3312 ¹suna
1034 3250 1231 3332 praelatione,

107 3349 193 3408 quam
213 3329 235 3390 si
256 3329 334 3389 sorte
353 3328 470 3410 legisset
488 3329 618 3404 illc,.aut
637 3350 694 3412 ego
704 3331 895 3392 vehementer
913 3271 1010 3402 fallor,
1030 3339 1232 3416 autmagnum

108 3416 183 3466 esset
201 3405 244 3466 illi
263 3407 409 3466 meretrici
419 3406 618 3486 babylonicae
636 3408 695 3468 iam
712 3419 776 3467 tum
790 3407 894 3466 vulnus
912 3405 1034 3468 illatum.
1070 3403 1231 3464 Eratemm
1287 3443 1291 3452 ‹

106 3481 156 3541 ille
175 3502 227 3542 rex
245 3503 307 3543 nou
327 3483 427 3562 quales
452 3502 518 3543 cum
543 3495 613 3543 suut
637 3485 813 3565 consequuti
841 3495 959 3564 postea,
989 3481 1042 3544 sed
1072 3481 1230 3542 acerrimus

107 3579 203 3620 rerum
224 3561 402 3634 aestimator,
421 3559 521 3620 iudicii
541 3560 577 3620 ad
597 3559 826 3642 dignoscendum
845 3582 945 3621 rerum
964 3579 1027 3620 non
1046 3558 1142 3638 parvi,
1162 3577 1230 3616 eru·

108 3635 234 3696 diturum
257 3637 372 3711 fautor,
402 3656 500 3716 neque
524 3657 579 3718 per
603 3658 635 3698 se
659 3659 676 3697 a
700 3637 787 3698 nobis
807 3638 927 3698 alienus.
977 3637 1037 3701 sed
1055 3636 1137 3697 illum
1159 3634 1230 3693 haec

107 3714 222 3788 audire,
248 3713 355 3774 nedum
376 3713 491 3795 legere,
521 3722 619 3794 neque
638 3714 742 3810 populi
761 3713 887 3790 Gallici,
915 3708 1011 3793 uequ'e
1030 3714 1120 3793 ipsius
1139 3711 1228 3788 Regis

127 3803 224 3852 cecata
244 3813 325 3872 passa
343 3803 423 3865 sunt,
442 3792 547 3871 quibus
566 3793 609 3854 ira
627 3793 761 3854 Der'iam
779 3803 842 3852 tum
861 3810 916 3874 pro
940 3793 1028 3871 inqua
1047 3787 1228 3877 imminebat.

106 3813 193 3927 hatto
214 3867 271 3928 hoc
291 3864 369 3929 libro
388 3889 498 3948 suaque
516 3867 607 3930 veluti
625 3871 763 3950 praestita
803 3871 894 3930 atriae
913 3814 987 3942 lde,
1012 3865 1228 3954 calviacum-.-

106 3945 414 4006 sendaeFerrariensis
426 3945 575 4018 Bucissae,
593 3947 735 4008 hudovici
753 3890 821 4006 xll.
840 3949 1023 4008 Francorum
1032 3944 1122 4024 Regis
1142 3936 1228 4013 filiae,

108 4023 186 4082 cuius
205 4033 266 4080 tum
285 4023 378 4114 pietas
399 4021 611 4098 celebrabatur,
630 4024 777 4108 simulque
796 4025 898 4087 Italiae
916 4022 1008 4086 veluti
1026 4014 1132 4100 procul
1151 4013 1227 4076 salua

105 4098 210 4159 'tandae
231 4099 407 4160 desiderium
427 4101 553 4162 incessit.
597 4100 684 4160 Illam
704 4101 796 4184 igitur
814 4097 1065 4175 statariumque
1085 4104 1228 4185 'quantum

107 4175 137 4235 id
165 4175 247 4236 illum
276 4175 540 4258 iacere‘pracsens
565 4197 662 4238 rerum
694 4191 789 4238 status
807 4178 938 4251 sinebat,
961 4177 990 4236 iu
1016 4192 1088 4231 vero
1134 4183 1228 4234 retatus

107 4252 202 4314 studio
223 4253 434 4327 confirmavit,
451 4267 485 4313 ut
511 4273 581 4313 eum·
600 4267 703 4334 postea
727 4255 822 4316 viram
842 4273 959 4334 semper
976 4252 1063 4311 unice
1083 4192 1227 4322 dilexerit,

108 4349 138 4391 ac
158 4351 236 4394 nunc
290 4351 368 4410 oque
387 4339 532 4410 superstes
552 4347 650 4414 gastae
666 4333 885 4392 indcsuuctum
904 4327 1229 4410 memoriaespscimen

108 4407 171 4473 edat
188 4351 380 4475 luculhntum
407 4429 412 4441 ·’
421 4408 579 4499 Caeterum
592 4426 637 4478 'ea
651 4409 801 4483 tactim-tu
823 4407 909 4472 cuius·
919 4405 1227 4482 tressaingrsssun
