2816 4746
683 226 791 288 VITA.
890 227 893 232 ’
1223 233 1263 294 lii
1326 177 1336 198 ¹

133 385 207 456 peto
228 373 267 436 ab
289 391 327 432 eo
346 364 465 452 eiusque
483 369 553 436 fidei
572 370 741 448 committo,
763 383 798 432 nt
816 391 850 434 ea
868 373 926 436 suis
945 371 1062 447 liberis,
1083 391 1172 453 quum
1191 393 1258 434 mo-

133 453 246 524 rietur,
265 449 407 523 restituat
449 447 497 508 Ab
524 448 630 508 eodem
654 449 744 509 fratre
764 461 793 506 et
817 448 941 510 haerede
960 471 1028 512 meo
1052 449 1122 532 lego
1143 447 1261 510 sebolae

132 527 244 608 pne'rili
265 527 364 586 decem
387 545 491 586 aureos
514 535 643 587 scutatos
650 547 658 608 ι
684 523 858 586 tantundem
882 528 1055 608 pauperibus
1080 525 1260 608 peregrinis:

78 615 79 618 ’
123 603 312 682 ιιειιιιιιιιάιιιι
335 603 444 682 pariter
466 603 597 662 loannae
622 600 726 663 Caroli
743 601 867 662 Costani
891 613 921 661 et
946 605 1038 665 affinis
1066 623 1150 664 mene
1174 603 1260 664 filiae.

137 679 270 740 Samueli
287 698 356 740 vero
385 689 415 738 et
432 679 539 738 loanni
564 679 691 742 eiusdem
723 677 819 738 fratris
838 679 896 736 mei
915 679 979 740 filiis
998 681 1110 742 restitui
1128 679 1197 742 volo
1223 678 1261 740 ab

135 755 266 816 haerede
284 776 361 828 meo,
382 775 471 834 quum
491 755 642 829 morietur,
661 754 865 834 quadragenos
885 769 1138 818 aureosscutatos:
1156 757 1262 816 ,lunae

137 853 212 895 vero
234 843 262 890 ct
280 832 430 891 Susannae
450 843 479 890 et
498 832 691 906 Dorotbeae,
712 833 841 890 eiusdem
867 831 980 892 filiabus
1006 853 1108 894 aureos
1133 843 1261 896 scutatos

139 909 283 970 tricenos:
307 908 414 969 Davidi
438 908 568 987 ipsorum
593 909 676 968 fratri
702 909 738 968 ad
762 920 863 968 notam
889 908 1012 968 levitatis
1033 919 1063 966 et
1084 909 1261 988 petulantiae

139 985 272 1046 iuvenilis
308 996 437 1045 scutatos
469 1003 572 1044 amcos
610 985 740 1065 quinne
772 985 939 1066 etriginti.
983 985 1065 1046 Haec
1090 1005 1196 1046 summa
1217 990 1284 1046 est'

139 1062 269 1130 omnium
289 1061 475 1136 facultatum,
501 1082 571 1140 quas
597 1061 667 1121 mibi
718 1081 767 1121 eus
787 1063 818 1122 in
838 1061 924 1126 terris
943 1059 1065 1142 largitus
1086 1071 1146 1134 est,
1169 1061 1262 1141 quan-

134 1151 199 1198 tum
210 1139 329 1229 quidem
342 1147 491 1197 autumare
504 1159 633 1216 possum,
654 1157 688 1197 ex
705 1136 904 1198 bibliothecae
925 1149 955 1198 et
973 1136 1128 1198 mobilium
1148 1149 1178 1196 et
1195 1137 1263 1198 nni-

133 1214 211 1278 versi
222 1214 410 1277 anstrumenti
422 1214 582 1287 domestici,
599 1234 755 1293 rerumque
768 1236 801 1274 ae
813 1214 982 1276 facultatum
993 1232 1122 1274 mearum
1132 1212 1264 1274 omnium

133 1291 350 1352 aestimatione.
401 1290 518 1366 Quodsi
538 1290 607 1369 quid
627 1290 706 1349 forte
724 1291 844 1371 amplius
864 1291 1042 1370 reperiatur,
1068 1288 1138 1352 volo
1158 1289 1188 1348 id
1228 1309 1262 1349 ro

91 1414 95 1423 .
133 1380 199 1427 rata
217 1366 274 1428 illis
295 1363 432 1426 omnibus
451 1365 547 1428 fratris
567 1366 624 1428 mei
643 1365 708 1426 filiis
728 1387 761 1426 ae
780 1363 892 1428 filiabus
913 1367 1183 1446 distribui,.neque
1233 1386 1264 1426 a·
1338 1373 1342 1378 “

133 1444 232 1504 videm
257 1441 342 1503 illum
367 1442 506 1518 epcludo,
536 1442 561 1502 si
589 1464 644 1523 pro
665 1442 723 1502 Dei
746 1443 928 1525 benignitate
953 1445 990 1504 ad
1015 1444 1124 1504 bonam
1147 1442 1263 1524 frugem

132 1520 267 1582 redierit.
307 1518 367 1580 Sed
387 1518 412 1578 si
432 1519 501 1598 quid
522 1520 592 1594 erit,
612 1519 692 1599 quod
716 1521 938 1600 suprascriptam
956 1541 1097 1582 summam
1116 1529 1264 1594 excurret,

134 1596 232 1664 credo
247 1616 310 1656 non
329 1616 465 1676 magnum
484 1599 514 1655 in
536 1614 572 1656 eo
591 1595 744 1678 negotium
764 1596 911 1672 futurum,
935 1595 1105 1678 praesertim
1129 1594 1181 1656 ubi
1203 1595 1266 1655 aeri

135 1673 234 1735 alieno
266 1671 442 1733 satisfactum
475 1673 550 1748 erit,
582 1673 663 1734 cuins
692 1671 736 1732 rei
763 1672 917 1754 negotium
949 1672 1103 1755 diligenter
1131 1670 1265 1734 mandavi

135 1751 233 1810 eidem
258 1749 341 1809 fratri
365 1768 447 1824 meo,
482 1750 562 1810 cuius
586 1747 654 1809 fidei
685 1761 716 1810 et
741 1747 964 1812 benevolentiae
984 1748 1117 1809 conlido:
1150 1747 1264 1828 quade

135 1847 222 1886 causa
241 1825 323 1886 illum
343 1845 404 1886 esse
415 1825 485 1887 volo
498 1848 531 1886 ac
550 1837 647 1886 statuo
668 1825 752 1886 buius
771 1827 830 1888 mei
848 1826 1017 1886 testamenti
1030 1838 1263 1905 exsequutorem,

133 1923 253 1982 unaque
272 1923 337 1962 enm
362 1902 426 1982 ipso
450 1903 613 1983 spec'tatum
633 1903 725 1963 virum
745 1903 939 1964 Laurentium
955 1903 1182 1977 Norrnanditun,
1205 1922 1265 1994 po·

133 1978 345 2039 tes'tatem‘illis
365 1980 537 2060 permittens
556 1979 732 2040 conficiendi
751 1979 902 2041 bonorum.
918 1999 1052 2042 meorum
1071 1979 1265 2042 inventarium

133 2055 198 2116 sine
217 2057 398 2116 accuratiore
424 2057 535 2118 forensi
555 2056 706 2138 diligentia
734 2077 767 2118 ae
786 2057 986 2118 sollennitate:
1017 2056 1156 2136 permitto
1177 2055 1265 2116 etiam

133 2132 205 2212 ipsis
227 2133 354 2193 vendere
377 2153 443 2196 mea
466 2132 600 2207 mobilia,
631 2145 665 2192 ut
689 2153 723 2192 cu
746 2133 871 2213 pecunia
894 2133 1012 2194 redacta
1040 2131 1183 2212 suprascri
1205 2142 1265 2190 tarn

133 2229 230 2287 meam
244 2207 429 2270 ,voluntatem
450 2229 514 2269 exse
537 2221 654 2285 uantur,
695 2231 761 2269 nam
781 2210 902 2290 exposui
920 2222 951 2270 et
971 2209 1075 2269 dictavi
1095 2208 1153 2268 boc
1199 2267 1201 2274 ,
1227 2208 1265 2265 V.

134 2285 246 2365 Aprilis
266 2285 330 2358 die,
348 2286 438 2348 Anno
458 2232 629 2346 MDlXIV.
669 2231 864 2364 fosteaquam
884 2298 981 2345 antem
1002 2305 1059 2364 ego
1085 2283 1266 2364 supradictus

41 2407 44 2414 .
133 2363 267 2421 notarius
297 2363 429 2440 superius
457 2373 662 2422 testamentum
693 2362 811 2440 senipsi,
844 2361 989 2422 continuo
1021 2359 1103 2418 idem
1126 2359 1264 2426 Calvinus

135 2437 242 2496 usitata
261 2435 371 2496 subseri
393 2439 477 2495 tione
496 2457 546 2496 sua
567 2447 597 2494 et
616 2436 813 2516 chirographo
833 2435 905 2494 illud
918 2433 1108 2496 confirmavit.
1138 2435 1264 2500 Postero

136 2511 197 2585 die,
217 2512 267 2591 qni
287 2511 342 2571 fuit
359 2459 468 2573 liXVI.
487 2511 596 2589 Aprilis
618 2512 748 2572 eiusdem
767 2511 853 2585 anni,
871 2510 948 2568 idem
968 2520 1112 2589 spectatus
1131 2511 1175 2570 vir
1195 2505 1264 2569 cal-

133 2588 220 2649 vinus
240 2587 287 2646 me
307 2587 343 2648 ad
362 2608 394 2648 se
413 2587 513 2646 vocari
531 2586 629 2660 iussit,
654 2607 771 2665 unaque
794 2605 908 2647 meeum
929 2585 1127 2648 Theodorum,
1146 2586 1264 2662 Bezam,

133 2663 341 2746 liaymundum
363 2662 531 2739 Calvetum,
561 2661 734 2724 Michaelem
755 2664 890 2743 (lopun,
914 2662 1096 2723 Ludovicum
1115 2663 1263 2741 Enocum,

132 2741 290 2802 Nicolaum
312 2740 528 2812 Celadonium,
553 2739 694 2800 Iacobum
713 2731 903 2815 liordesium,
922 2740 1071 2800 ministros
1092 2749 1122 2801 e't
1141 2739 1264 2802 concio-

132 2831 253 2878 natores
272 2817 356 2878 verbi
374 2817 499 2877 Domini
519 2817 550 2876 in
577 2816 629 2878 bac
650 2817 770 2878 ecelesia
791 2816 975 2892 Genevensi,
999 2817 1129 2896 itemque
1148 2829 1264 2898 specta,-

131 2907 196 2954 tum
215 2896 308 2954 virum
327 2893 489 2954 Henricum
510 2894 708 2974 Scrimgerum
744 2894 931 2958 rofessorem
958 2894 1079 2968 artium,
1104 2894 1182 2954 cives
1201 2893 1265 2966 Ge,-

132 2991 285 3046 nerenses,
306 2983 443 3032 etcoram
463 2971 496 3032 iis
517 2973 653 3034 omnibus
673 2916 821 3052 ppofessus
842 2992 875 3031 ae
894 2983 1015 3031 testatus
1037 2982 1090 3044 est,
1109 2990 1172 3030 sese
1191 2969 1264 3029 mibi

132 3039 339 3108 testame'ntum
371 3047 445 3107 illud
472 3070 554 3108 sunm
586 3049 620 3107 ea
645 3049 757 3122 forma,
789 3070 844 3128 qua
873 3069 958 3128 supra
984 3046 1180 3127 conscriptum
1207 3059 1261 3122 est,

135 3114 432 3203 dictasse,⁸simulque
452 3146 501 3182 me
519 3124 610 3199 iussit,
630 3125 702 3184 illud
723 3124 999 3204 ipsis⁸audientibus‚
1020 3135 1052 3182 et·
1069 3143 1103 3187 ea
1123 3121 1264 3183 de‘causa

132 3198 280 3260 advocatis
299 3201 437 3276 recitare,
464 3201 545 3280 qnod
567 3221 615 3260 me
635 3202 710 3269 clara
728 3221 803 3262 voce
831 3211 860 3258 et
879 3200 1030 3260 articulate
1049 3199 1151 3262 fecisse
1171 3199 1266 3278 profi·

132 3287 214 3338 teor:
241 3286 415 3356 postquam
437 3277 643 3338 recitationem
665 3289 786 3338 testatus
808 3288 852 3336 est
870 3299 904 3336 uc
923 3275 1090 3356 professus,
1117 3297 1182 3338 eam
1200 3295 1263 3336 esse

99 3408 103 3414 .
134 3375 215 3414 suam
234 3353 364 3413 ultimam
383 3353 579 3428 voluntatem,
606 3375 692 3434 quam
717 3367 809 3414 ratam
837 3373 899 3412 esse
924 3353 1040 3431 cupiat,
1066 3351 1096 3410 in
1118 3353 1199 3414 euius
1219 3351 1264 3411 rei

132 3431 334 3490 testimonium
360 3440 390 3488 et
410 3429 664 3494 confirmationem
684 3431 779 3510 petiit¹
796 3430 831 3490 ab
852 3429 912 3489 illis.
928 3427 1083 3505 omnibus,
1109 3441 1148 3492 ut,
1168 3429 1263 3498 eidem

133 3516 310 3570 testamento
329 3513 425 3566 manu·
438 3527 489 3566 sua
507 3507 736 3582 subscriberent,
756 3507 836 3586 quod
857 3506 999 3566 continuo
1018 3505 1054 3565 ab
1076 3505 1133 3566 illis
1153 3505 1262 3566 factum

133 3593 178 3642 est
198 3604 276 3644 anno
299 3593 330 3642 et
346 3602 446 3642 mense
470 3605 503 3642 su
525 3584 673 3663 raseriptis
695 3581 834 3645 Genevae
854 3583 883 3641 in
904 3582 969 3655 vino
990 3581 1078 3676 vulgo
1100 3583 1185 3643 dicto
1203 3580 1264 3642 Ca-

132 3660 321 3734 nonicorum,
341 3669 371 3718 et
389 3659 422 3718 in
440 3659 500 3719 eius
536 3681 568 3721 ,ιιι
587 3660 737 3720 testatoris
756 3658 915 3720 domicilio.
954 3657 990 3718 In
1011 3681 1093 3722 curus
1113 3661 1156 3718 rei
1174 3654 1263 3716 fidem
1324 3721 1325 3730 χ

135 3746 165 3794 et
187 3735 390 3798 testimonium
419 3737 621 3817 supradictum,
644 3747 853 3797 testamentum
876 3735 1004 3815 scripsi,
1029 3749 1059 3796 et
1084 3754 1173 3794 manu
1196 3751 1262 3804 anea

134 3812 329 3894 subscriptum
348 3813 572 3895 unitate-sigillo
593 3813 722 3898 supremi
741 3815 927 3897 Magistratus
948 3812 1044 3880 nostri
1062 3808 1222 3893 obsignavi.

784 3967 919 4028 Petrus
941 3963 1173 4052 Ghenplutuec
1258 3953 1269 4031 ,¹

209 4120 279 4180 Hoc
297 4119 418 4184 condito
437 4128 618 4179 testamento
635 4119 721 4195 misit,
741 4121 792 4200 qui
806 4129 931 4198 quatuor
942 4114 1077 4198 Syndicis
1088 4111 1275 4198 cunctisquea

133 4195 327 4260 senatoribus
345 4196 559 4278 significarent,
583 4214 691 4275 cupere
710 4217 757 4268 se,
783 4208 940 4272 antequam
965 4214 981 4252 e
1005 4192 1075 4253 vivis
1086 4191 1260 4272 excederet,
1318 4243 1321 4259 ,

132 4273 227 4334 adbuc
245 4273 337 4334 semel
357 4293 407 4334 eos
427 4293 529 4334 ornnes
548 4273 580 4330 in
601 4271 681 4331 curia
699 4293 768 4332 com,
789 4269 891 4344 allate,
918 4290 977 4349 quo
997 4267 1138 4351 postridie
1157 4291 1189 4334 se
1209 4271 1261 4330 de-

132 4350 310 4432 portandum
322 4362 466 4430 speraret.
510 4347 739 4434 Responderunt
758 4293 934 4422 genetores,
958 4367 991 4408 se
1013 4349 1110 4426 potius
1134 4348 1259 4410 adeum
