<?xml version="1.0" encoding="UTF-8"?>
<!DOCTYPE html PUBLIC "-//W3C//DTD XHTML 1.0 Transitional//EN"
    "http://www.w3.org/TR/xhtml1/DTD/xhtml1-transitional.dtd">
<html xmlns="http://www.w3.org/1999/xhtml" xml:lang="en" lang="en">
 <head>
  <title>
</title>
<meta http-equiv="Content-Type" content="text/html;charset=utf-8" />
  <meta name='ocr-system' content='tesseract 3.04.00' />
  <meta name='ocr-capabilities' content='ocr_page ocr_carea ocr_par ocr_line ocrx_word'/>
</head>
<body>
  <div class='ocr_page' id='page_1' title='image "./innovumtestamen01tholgoog_0219.png"; bbox 0 0 2808 4748; ppageno 0'>
   <div class='ocr_carea' id='block_1_1' title="bbox 178 179 880 292">
    <p class='ocr_par' dir='ltr' id='par_1_1' title="bbox 178 179 880 292">
     <span class='ocr_line' id='line_1_1' title="bbox 178 179 880 292; baseline -0.013 -12"><span class='ocrx_word' id='word_1_1' title='bbox 178 179 275 292; x_wconf 55' lang='lat'>⁸133,</span> <span class='ocrx_word' id='word_1_2' title='bbox 652 211 806 276; x_wconf 88' lang='lat' dir='ltr'>sncrro</span> <span class='ocrx_word' id='word_1_3' title='bbox 828 213 880 274; x_wconf 85' lang='lat' dir='ltr'>vx.</span> 
     </span>
    </p>
   </div>
   <div class='ocr_carea' id='block_1_2' title="bbox 198 354 1338 880">
    <p class='ocr_par' dir='ltr' id='par_1_2' title="bbox 198 354 1338 880">
     <span class='ocr_line' id='line_1_2' title="bbox 200 354 1338 448; baseline -0.012 -18"><span class='ocrx_word' id='word_1_4' title='bbox 200 363 295 430; x_wconf 86' lang='lat' dir='ltr'>securi</span> <span class='ocrx_word' id='word_1_5' title='bbox 314 359 408 444; x_wconf 88' lang='lat' dir='ltr'>quieti</span> <span class='ocrx_word' id='word_1_6' title='bbox 427 377 496 422; x_wconf 81' lang='lat' dir='ltr'>tuae</span> <span class='ocrx_word' id='word_1_7' title='bbox 516 355 687 420; x_wconf 84' lang='lat' dir='ltr'>consulunt:</span> <span class='ocrx_word' id='word_1_8' title='bbox 709 356 842 420; x_wconf 86' lang='lat' dir='ltr'>Christos</span> <span class='ocrx_word' id='word_1_9' title='bbox 862 369 960 420; x_wconf 87' lang='lat' dir='ltr'>autem</span> <span class='ocrx_word' id='word_1_10' title='bbox 978 354 1026 418; x_wconf 93' lang='lat' dir='ltr'>blc</span> <span class='ocrx_word' id='word_1_11' title='bbox 1045 355 1148 420; x_wconf 86' lang='lat' dir='ltr'>beatos</span> <span class='ocrx_word' id='word_1_12' title='bbox 1168 355 1259 433; x_wconf 87' lang='lat' dir='ltr'>dicit,</span> <span class='ocrx_word' id='word_1_13' title='bbox 1280 358 1338 448; x_wconf 81' lang='lat' dir='ltr'>qui</span> 
     </span>
     <span class='ocr_line' id='line_1_3' title="bbox 199 425 1336 516; baseline -0.007 -12"><span class='ocrx_word' id='word_1_14' title='bbox 199 461 263 505; x_wconf 89' lang='lat' dir='ltr'>non</span> <span class='ocrx_word' id='word_1_15' title='bbox 281 437 373 500; x_wconf 90' lang='lat' dir='ltr'>modo</span> <span class='ocrx_word' id='word_1_16' title='bbox 394 425 522 498; x_wconf 81' lang='lat' dir='ltr'>serendis</span> <span class='ocrx_word' id='word_1_17' title='bbox 542 435 670 516; x_wconf 89' lang='lat' dir='ltr'>propriis</span> <span class='ocrx_word' id='word_1_18' title='bbox 688 434 771 495; x_wconf 85' lang='lat' dir='ltr'>malis</span> <span class='ocrx_word' id='word_1_19' title='bbox 790 436 883 516; x_wconf 87' lang='lat' dir='ltr'>parati</span> <span class='ocrx_word' id='word_1_20' title='bbox 903 445 986 510; x_wconf 85' lang='lat' dir='ltr'>sunt,</span> <span class='ocrx_word' id='word_1_21' title='bbox 1005 435 1057 496; x_wconf 89' lang='lat' dir='ltr'>sed</span> <span class='ocrx_word' id='word_1_22' title='bbox 1077 433 1170 496; x_wconf 82' lang='lat' dir='ltr'>aliena</span> <span class='ocrx_word' id='word_1_23' title='bbox 1189 433 1278 498; x_wconf 75' lang='lat' dir='ltr'>edam</span> <span class='ocrx_word' id='word_1_24' title='bbox 1300 456 1336 496; x_wconf 91' lang='grc' dir='ltr'>ιιι</span> 
     </span>
     <span class='ocr_line' id='line_1_4' title="bbox 199 509 1336 647; baseline -0.01 -68"><span class='ocrx_word' id='word_1_25' title='bbox 199 539 232 580; x_wconf 90' lang='lat' dir='ltr'>se</span> <span class='ocrx_word' id='word_1_26' title='bbox 250 515 430 597; x_wconf 85' lang='lat' dir='ltr'>suscipiunt,</span> <span class='ocrx_word' id='word_1_27' title='bbox 450 525 484 574; x_wconf 95' lang='lat' dir='ltr'>ut</span> <span class='ocrx_word' id='word_1_28' title='bbox 502 512 613 574; x_wconf 87' lang='lat' dir='ltr'>miseris</span> <span class='ocrx_word' id='word_1_29' title='bbox 637 523 825 585; x_wconf 80' lang='lat' dir='ltr'><strong>succurrant,</strong></span> <span class='ocrx_word' id='word_1_30' title='bbox 850 523 957 647; x_wconf 78' lang='lat' dir='ltr'>sponte</span> <span class='ocrx_word' id='word_1_31' title='bbox 983 509 1184 572; x_wconf 80' lang='lat' dir='ltr'><strong>laborantibus</strong></span> <span class='ocrx_word' id='word_1_32' title='bbox 1203 530 1235 572; x_wconf 91' lang='lat' dir='ltr'>se</span> <span class='ocrx_word' id='word_1_33' title='bbox 1255 531 1336 570; x_wconf 88' lang='lat' dir='ltr'>con-</span> 
     </span>
     <span class='ocr_line' id='line_1_5' title="bbox 198 587 1334 676; baseline -0.009 -21"><span class='ocrx_word' id='word_1_34' title='bbox 198 595 342 676; x_wconf 81' lang='lat' dir='ltr'>iungunt,</span> <span class='ocrx_word' id='word_1_35' title='bbox 372 602 404 652; x_wconf 87' lang='lat' dir='ltr'>ct</span> <span class='ocrx_word' id='word_1_36' title='bbox 428 588 652 670; x_wconf 87' lang='lat' dir='ltr'>quasi.eosdem</span> <span class='ocrx_word' id='word_1_37' title='bbox 675 588 803 648; x_wconf 90' lang='lat' dir='ltr'>induunt</span> <span class='ocrx_word' id='word_1_38' title='bbox 828 588 967 663; x_wconf 82' lang='lat' dir='ltr'>alectus,</span> <span class='ocrx_word' id='word_1_39' title='bbox 993 608 1053 667; x_wconf 95' lang='lat' dir='ltr'>quo</span> <span class='ocrx_word' id='word_1_40' title='bbox 1077 608 1109 650; x_wconf 85' lang='lat' dir='ltr'>se</span> <span class='ocrx_word' id='word_1_41' title='bbox 1133 587 1273 647; x_wconf 87' lang='lat' dir='ltr'>libentius</span> <span class='ocrx_word' id='word_1_42' title='bbox 1295 587 1334 646; x_wconf 89' lang='lat' dir='ltr'>ad</span> 
     </span>
     <span class='ocr_line' id='line_1_6' title="bbox 199 663 1332 744; baseline -0.009 -12"><span class='ocrx_word' id='word_1_43' title='bbox 199 669 266 732; x_wconf 89' lang='lat' dir='ltr'>illos</span> <span class='ocrx_word' id='word_1_44' title='bbox 285 666 426 730; x_wconf 85' lang='lat' dir='ltr'>iuvandos</span> <span class='ocrx_word' id='word_1_45' title='bbox 445 667 486 726; x_wconf 87' lang='lat' dir='ltr'>im</span> <span class='ocrx_word' id='word_1_46' title='bbox 509 665 626 727; x_wconf 87' lang='lat' dir='ltr'>cudant.</span> <span class='ocrx_word' id='word_1_47' title='bbox 667 663 768 740; x_wconf 80' lang='lat' dir='ltr'><strong>Addit,</strong></span> <span class='ocrx_word' id='word_1_48' title='bbox 781 667 851 744; x_wconf 76' lang='lat' dir='ltr'>puio</span> <span class='ocrx_word' id='word_1_49' title='bbox 868 663 1094 725; x_wconf 64' lang='lat' dir='ltr'>mesericordiam</span> <span class='ocrx_word' id='word_1_50' title='bbox 1112 677 1332 744; x_wconf 74' lang='lat' dir='ltr'>cooseqrmunr,</span> 
     </span>
     <span class='ocr_line' id='line_1_7' title="bbox 200 689 1331 880; baseline -0.009 -72"><span class='ocrx_word' id='word_1_51' title='bbox 200 768 263 808; x_wconf 92' lang='lat' dir='ltr'>non</span> <span class='ocrx_word' id='word_1_52' title='bbox 283 745 373 807; x_wconf 88' lang='lat' dir='ltr'>modo</span> <span class='ocrx_word' id='word_1_53' title='bbox 399 689 595 880; x_wconf 65' lang='lat' dir='ltr'>spuriarum</span> <span class='ocrx_word' id='word_1_54' title='bbox 618 740 746 816; x_wconf 83' lang='lat' dir='ltr'>scilicet,</span> <span class='ocrx_word' id='word_1_55' title='bbox 769 741 820 801; x_wconf 85' lang='lat' dir='ltr'>sed</span> <span class='ocrx_word' id='word_1_56' title='bbox 848 739 1023 832; x_wconf 74' lang='lat' dir='ltr'>interipsos</span> <span class='ocrx_word' id='word_1_57' title='bbox 1043 761 1162 822; x_wconf 91' lang='lat' dir='ltr'>quoque</span> <span class='ocrx_word' id='word_1_58' title='bbox 1181 739 1331 812; x_wconf 86' lang='lat' dir='ltr'>homines,</span> 
     </span>
    </p>
   </div>
   <div class='ocr_carea' id='block_1_3' title="bbox 490 803 496 818">
    <p class='ocr_par' dir='ltr' id='par_1_3' title="bbox 490 803 496 818">
     <span class='ocr_line' id='line_1_8' title="bbox 490 803 496 818; baseline 0 0"><span class='ocrx_word' id='word_1_59' title='bbox 490 803 496 818; x_wconf 70' lang='lat'>0</span> 
     </span>
    </p>
   </div>
   <div class='ocr_carea' id='block_1_4' title="bbox 201 815 1330 904">
    <p class='ocr_par' dir='ltr' id='par_1_4' title="bbox 201 815 1330 904">
     <span class='ocr_line' id='line_1_9' title="bbox 201 815 1330 904; baseline -0.009 -21"><span class='ocrx_word' id='word_1_60' title='bbox 201 843 327 904; x_wconf 89' lang='lat' dir='ltr'>quorum</span> <span class='ocrx_word' id='word_1_61' title='bbox 359 820 396 880; x_wconf 89' lang='lat' dir='ltr'>ad</span> <span class='ocrx_word' id='word_1_62' title='bbox 441 820 629 883; x_wconf 89' lang='lat' dir='ltr'>umanitatem</span> <span class='ocrx_word' id='word_1_63' title='bbox 652 815 733 878; x_wconf 87' lang='lat' dir='ltr'>Deus</span> <span class='ocrx_word' id='word_1_64' title='bbox 763 816 867 880; x_wconf 88' lang='lat' dir='ltr'>flectet</span> <span class='ocrx_word' id='word_1_65' title='bbox 896 817 1038 878; x_wconf 77' lang='lat' dir='ltr'>ammos&#39;</span> <span class='ocrx_word' id='word_1_66' title='bbox 1058 817 1199 894; x_wconf 86' lang='lat' dir='ltr'>Quamvis</span> <span class='ocrx_word' id='word_1_67' title='bbox 1229 828 1330 876; x_wconf 91' lang='lat' dir='ltr'>autem</span> 
     </span>
    </p>
   </div>
   <div class='ocr_carea' id='block_1_5' title="bbox 197 891 1331 1192">
    <p class='ocr_par' dir='ltr' id='par_1_5' title="bbox 197 891 1331 1192">
     <span class='ocr_line' id='line_1_10' title="bbox 199 891 1331 976; baseline -0.016 -15"><span class='ocrx_word' id='word_1_68' title='bbox 199 899 347 962; x_wconf 88' lang='lat' dir='ltr'>interdum</span> <span class='ocrx_word' id='word_1_69' title='bbox 366 907 447 958; x_wconf 86' lang='lat' dir='ltr'>totus</span> <span class='ocrx_word' id='word_1_70' title='bbox 466 895 591 956; x_wconf 87' lang='lat' dir='ltr'>mundus</span> <span class='ocrx_word' id='word_1_71' title='bbox 611 892 742 976; x_wconf 89' lang='lat' dir='ltr'>ingratus</span> <span class='ocrx_word' id='word_1_72' title='bbox 761 893 809 968; x_wconf 81' lang='lat' dir='ltr'>sit,</span> <span class='ocrx_word' id='word_1_73' title='bbox 829 906 860 954; x_wconf 86' lang='lat' dir='ltr'>et</span> <span class='ocrx_word' id='word_1_74' title='bbox 878 895 1029 976; x_wconf 84' lang='lat' dir='ltr'>pessimam</span> <span class='ocrx_word' id='word_1_75' title='bbox 1050 894 1128 955; x_wconf 81' lang='lat' dir='ltr'>bene</span> <span class='ocrx_word' id='word_1_76' title='bbox 1147 891 1331 954; x_wconf 76' lang='lat' dir='ltr'>merentibus</span> 
     </span>
     <span class='ocr_line' id='line_1_11' title="bbox 199 967 1331 1064; baseline -0.01 -27"><span class='ocrx_word' id='word_1_77' title='bbox 199 976 366 1036; x_wconf 84' lang='lat' dir='ltr'>mercedem</span> <span class='ocrx_word' id='word_1_78' title='bbox 385 972 541 1054; x_wconf 76' lang='lat' dir='ltr'><strong>rependat,</strong></span> <span class='ocrx_word' id='word_1_79' title='bbox 559 969 694 1033; x_wconf 84' lang='lat' dir='ltr'>sulficere</span> <span class='ocrx_word' id='word_1_80' title='bbox 715 967 815 1045; x_wconf 79' lang='lat' dir='ltr'>debet,</span> <span class='ocrx_word' id='word_1_81' title='bbox 835 971 916 1064; x_wconf 91' lang='lat' dir='ltr'>quod</span> <span class='ocrx_word' id='word_1_82' title='bbox 936 972 1012 1052; x_wconf 89' lang='lat' dir='ltr'>apud</span> <span class='ocrx_word' id='word_1_83' title='bbox 1024 971 1123 1032; x_wconf 89' lang='lat' dir='ltr'>Deum</span> <span class='ocrx_word' id='word_1_84' title='bbox 1143 970 1271 1050; x_wconf 85' lang='lat' dir='ltr'>reposita</span> <span class='ocrx_word' id='word_1_85' title='bbox 1293 971 1331 1028; x_wconf 89' lang='lat' dir='ltr'>sit</span> 
     </span>
     <span class='ocr_line' id='line_1_12' title="bbox 197 1045 1329 1130; baseline -0.009 -16"><span class='ocrx_word' id='word_1_86' title='bbox 197 1047 434 1114; x_wconf 80' lang='lat' dir='ltr'>misericordibus</span> <span class='ocrx_word' id='word_1_87' title='bbox 454 1059 485 1110; x_wconf 88' lang='lat' dir='ltr'>et</span> <span class='ocrx_word' id='word_1_88' title='bbox 505 1047 637 1108; x_wconf 87' lang='lat' dir='ltr'>humanis</span> <span class='ocrx_word' id='word_1_89' title='bbox 655 1045 765 1130; x_wconf 87' lang='lat' dir='ltr'>gratia,</span> <span class='ocrx_word' id='word_1_90' title='bbox 787 1058 823 1110; x_wconf 87' lang='lat' dir='ltr'>ut</span> <span class='ocrx_word' id='word_1_91' title='bbox 844 1047 927 1110; x_wconf 79' lang='lat' dir='ltr'>illum</span> <span class='ocrx_word' id='word_1_92' title='bbox 945 1048 1069 1110; x_wconf 75' lang='lat' dir='ltr'>vicissim</span> <span class='ocrx_word' id='word_1_93' title='bbox 1089 1047 1146 1112; x_wconf 85' lang='lat' dir='ltr'>sibi</span> <span class='ocrx_word' id='word_1_94' title='bbox 1165 1047 1329 1130; x_wconf 90' lang='lat' dir='ltr'>propitium</span> 
     </span>
     <span class='ocr_line' id='line_1_13' title="bbox 197 1123 623 1192; baseline -0.026 1"><span class='ocrx_word' id='word_1_95' title='bbox 197 1141 229 1192; x_wconf 86' lang='lat' dir='ltr'>et</span> <span class='ocrx_word' id='word_1_96' title='bbox 247 1126 469 1190; x_wconf 82' lang='lat' dir='ltr'>misericordem</span> <span class='ocrx_word' id='word_1_97' title='bbox 487 1123 623 1184; x_wconf 84' lang='lat' dir='ltr'>babeant.</span> 
     </span>
    </p>
   </div>
   <div class='ocr_carea' id='block_1_6' title="bbox 198 1195 1328 1422">
    <p class='ocr_par' dir='ltr' id='par_1_6' title="bbox 198 1195 1328 1422">
     <span class='ocr_line' id='line_1_14' title="bbox 274 1195 1328 1274; baseline -0.005 -12"><span class='ocrx_word' id='word_1_98' title='bbox 274 1210 306 1271; x_wconf 50' lang='lat'>8³</span> <span class='ocrx_word' id='word_1_99' title='bbox 339 1202 429 1264; x_wconf 74' lang='lat' dir='ltr'>Remi</span> <span class='ocrx_word' id='word_1_100' title='bbox 450 1199 556 1261; x_wconf 80' lang='lat' dir='ltr'>mundo</span> <span class='ocrx_word' id='word_1_101' title='bbox 579 1195 676 1260; x_wconf 67' lang='lat' dir='ltr'>corde.</span> <span class='ocrx_word' id='word_1_102' title='bbox 713 1197 843 1264; x_wconf 78' lang='lat' dir='ltr'>¹Videtur</span> <span class='ocrx_word' id='word_1_103' title='bbox 867 1199 915 1260; x_wconf 90' lang='lat' dir='ltr'>bic</span> <span class='ocrx_word' id='word_1_104' title='bbox 944 1199 1017 1260; x_wconf 90' lang='lat' dir='ltr'>nibil</span> <span class='ocrx_word' id='word_1_105' title='bbox 1048 1201 1155 1262; x_wconf 81' lang='lat' dir='ltr'>efferre</span> <span class='ocrx_word' id='word_1_106' title='bbox 1181 1198 1328 1274; x_wconf 79' lang='lat' dir='ltr'>Christus,</span> 
     </span>
     <span class='ocr_line' id='line_1_15' title="bbox 198 1275 1328 1422; baseline -0.009 -76"><span class='ocrx_word' id='word_1_107' title='bbox 198 1283 279 1422; x_wconf 78' lang='lat' dir='ltr'>quod</span> <span class='ocrx_word' id='word_1_108' title='bbox 305 1300 369 1341; x_wconf 90' lang='lat' dir='ltr'>non</span> <span class='ocrx_word' id='word_1_109' title='bbox 394 1280 432 1340; x_wconf 91' lang='lat' dir='ltr'>sit</span> <span class='ocrx_word' id='word_1_110' title='bbox 456 1276 724 1342; x_wconf 83' lang='lat' dir='ltr'>omnium-iudicio</span> <span class='ocrx_word' id='word_1_111' title='bbox 747 1287 983 1338; x_wconf 89' lang='lat' dir='ltr'>consentaneum.</span> <span class='ocrx_word' id='word_1_112' title='bbox 1026 1277 1201 1338; x_wconf 90' lang='lat' dir='ltr'>Munditiem</span> <span class='ocrx_word' id='word_1_113' title='bbox 1230 1275 1328 1338; x_wconf 90' lang='lat' dir='ltr'>cordis</span> 
     </span>
    </p>
   </div>
   <div class='ocr_carea' id='block_1_7' title="bbox 92 1352 1390 4440">
    <p class='ocr_par' dir='ltr' id='par_1_7' title="bbox 92 1352 1390 2199">
     <span class='ocr_line' id='line_1_16' title="bbox 212 1352 1328 1432; baseline -0.006 -12"><span class='ocrx_word' id='word_1_114' title='bbox 212 1370 330 1421; x_wconf 88' lang='lat' dir='ltr'>atentur</span> <span class='ocrx_word' id='word_1_115' title='bbox 356 1374 458 1416; x_wconf 90' lang='lat' dir='ltr'>omnes</span> <span class='ocrx_word' id='word_1_116' title='bbox 489 1366 614 1414; x_wconf 88' lang='lat' dir='ltr'>matrem</span> <span class='ocrx_word' id='word_1_117' title='bbox 639 1373 701 1414; x_wconf 89' lang='lat' dir='ltr'>csse</span> <span class='ocrx_word' id='word_1_118' title='bbox 727 1353 858 1414; x_wconf 90' lang='lat' dir='ltr'>omnium</span> <span class='ocrx_word' id='word_1_119' title='bbox 882 1354 1039 1432; x_wconf 82' lang='lat' dir='ltr'>virtutum,</span> <span class='ocrx_word' id='word_1_120' title='bbox 1068 1355 1119 1416; x_wconf 91' lang='lat' dir='ltr'>sed</span> <span class='ocrx_word' id='word_1_121' title='bbox 1145 1355 1257 1414; x_wconf 89' lang='lat' dir='ltr'>interea</span> <span class='ocrx_word' id='word_1_122' title='bbox 1280 1352 1328 1414; x_wconf 79' lang='lat' dir='ltr'>vix</span> 
     </span>
     <span class='ocr_line' id='line_1_17' title="bbox 199 1429 1325 1511; baseline -0.009 -13"><span class='ocrx_word' id='word_1_123' title='bbox 199 1437 375 1498; x_wconf 88' lang='lat' dir='ltr'>centesimus</span> <span class='ocrx_word' id='word_1_124' title='bbox 396 1431 519 1511; x_wconf 80' lang='lat' dir='ltr'>quisue</span> <span class='ocrx_word' id='word_1_125' title='bbox 545 1443 605 1504; x_wconf 84' lang='lat' dir='ltr'>est,</span> <span class='ocrx_word' id='word_1_126' title='bbox 628 1429 679 1510; x_wconf 85' lang='lat' dir='ltr'>qui</span> <span class='ocrx_word' id='word_1_127' title='bbox 703 1450 766 1490; x_wconf 88' lang='lat' dir='ltr'>non</span> <span class='ocrx_word' id='word_1_128' title='bbox 785 1430 929 1490; x_wconf 78' lang='lat' dir='ltr'>vafritiem</span> <span class='ocrx_word' id='word_1_129' title='bbox 953 1429 1022 1492; x_wconf 90' lang='lat' dir='ltr'>loco</span> <span class='ocrx_word' id='word_1_130' title='bbox 1048 1431 1187 1491; x_wconf 87' lang='lat' dir='ltr'>maximae</span> <span class='ocrx_word' id='word_1_131' title='bbox 1210 1429 1325 1491; x_wconf 88' lang='lat' dir='ltr'>virtutis</span> 
     </span>
     <span class='ocr_line' id='line_1_18' title="bbox 196 1451 1325 1590; baseline -0.008 -18"><span class='ocrx_word' id='word_1_132' title='bbox 196 1511 314 1574; x_wconf 88' lang='lat' dir='ltr'>habeat.</span> <span class='ocrx_word' id='word_1_133' title='bbox 352 1507 433 1568; x_wconf 85' lang='lat' dir='ltr'>Hinc</span> <span class='ocrx_word' id='word_1_134' title='bbox 456 1451 491 1568; x_wconf 68' lang='lat' dir='ltr'>dt</span> <span class='ocrx_word' id='word_1_135' title='bbox 520 1519 554 1568; x_wconf 91' lang='lat' dir='ltr'>ut</span> <span class='ocrx_word' id='word_1_136' title='bbox 578 1506 657 1566; x_wconf 88' lang='lat' dir='ltr'>beati</span> <span class='ocrx_word' id='word_1_137' title='bbox 681 1505 770 1590; x_wconf 85' lang='lat' dir='ltr'>vulgo</span> <span class='ocrx_word' id='word_1_138' title='bbox 794 1517 950 1586; x_wconf 87' lang='lat' dir='ltr'>putentur,</span> <span class='ocrx_word' id='word_1_139' title='bbox 967 1509 1027 1589; x_wconf 90' lang='lat' dir='ltr'>qui</span> <span class='ocrx_word' id='word_1_140' title='bbox 1051 1510 1151 1570; x_wconf 83' lang='lat' dir='ltr'>dextre</span> <span class='ocrx_word' id='word_1_141' title='bbox 1173 1505 1325 1568; x_wconf 83' lang='lat' dir='ltr'>nectendis</span> 
     </span>
     <span class='ocr_line' id='line_1_19' title="bbox 197 1581 1323 1667; baseline -0.009 -17"><span class='ocrx_word' id='word_1_142' title='bbox 197 1588 272 1650; x_wconf 90' lang='lat' dir='ltr'>dolis</span> <span class='ocrx_word' id='word_1_143' title='bbox 296 1583 444 1667; x_wconf 79' lang='lat' dir='ltr'>ingeniosi</span> <span class='ocrx_word' id='word_1_144' title='bbox 468 1595 552 1660; x_wconf 83' lang='lat' dir='ltr'>sunt,</span> <span class='ocrx_word' id='word_1_145' title='bbox 582 1583 633 1663; x_wconf 91' lang='lat' dir='ltr'>qui</span> <span class='ocrx_word' id='word_1_146' title='bbox 660 1581 721 1644; x_wconf 91' lang='lat' dir='ltr'>obli</span> <span class='ocrx_word' id='word_1_147' title='bbox 744 1582 788 1644; x_wconf 87' lang='lat' dir='ltr'>uis</span> <span class='ocrx_word' id='word_1_148' title='bbox 820 1583 930 1664; x_wconf 69' lang='lat' dir='ltr'>artibus</span> <span class='ocrx_word' id='word_1_149' title='bbox 957 1597 1051 1646; x_wconf 85' lang='lat' dir='ltr'>astute</span> <span class='ocrx_word' id='word_1_150' title='bbox 1081 1583 1323 1658; x_wconf 79' lang='lat' dir='ltr'>circumveniunt,</span> 
     </span>
     <span class='ocr_line' id='line_1_20' title="bbox 217 1605 1323 1742; baseline -0.006 -18"><span class='ocrx_word' id='word_1_151' title='bbox 217 1663 368 1724; x_wconf 90' lang='lat' dir='ltr'>uibuscum</span> <span class='ocrx_word' id='word_1_152' title='bbox 389 1661 498 1722; x_wconf 90' lang='lat' dir='ltr'>babent</span> <span class='ocrx_word' id='word_1_153' title='bbox 517 1661 680 1742; x_wconf 86' lang='lat' dir='ltr'>negotium.</span> <span class='ocrx_word' id='word_1_154' title='bbox 720 1605 825 1722; x_wconf 56' lang='lat' dir='ltr'>barnis</span> <span class='ocrx_word' id='word_1_155' title='bbox 845 1679 917 1740; x_wconf 87' lang='lat' dir='ltr'>ergo</span> <span class='ocrx_word' id='word_1_156' title='bbox 935 1661 1046 1724; x_wconf 89' lang='lat' dir='ltr'>rationi</span> <span class='ocrx_word' id='word_1_157' title='bbox 1065 1661 1184 1722; x_wconf 89' lang='lat' dir='ltr'>minime</span> <span class='ocrx_word' id='word_1_158' title='bbox 1196 1658 1323 1722; x_wconf 90' lang='lat' dir='ltr'>subscri-</span> 
     </span>
     <span class='ocr_line' id='line_1_21' title="bbox 194 1686 1323 1815; baseline -0.008 -13"><span class='ocrx_word' id='word_1_159' title='bbox 194 1686 241 1802; x_wconf 79' lang='lat' dir='ltr'>iit</span> <span class='ocrx_word' id='word_1_160' title='bbox 260 1738 504 1815; x_wconf 86' lang='lat' dir='ltr'>Christus‚&#39;dum</span> <span class='ocrx_word' id='word_1_161' title='bbox 524 1737 628 1798; x_wconf 90' lang='lat' dir='ltr'>beatos</span> <span class='ocrx_word' id='word_1_162' title='bbox 646 1747 748 1810; x_wconf 86' lang='lat' dir='ltr'>vocat,</span> <span class='ocrx_word' id='word_1_163' title='bbox 765 1736 824 1815; x_wconf 61' lang='lat' dir='ltr'>‚qui</span> <span class='ocrx_word' id='word_1_164' title='bbox 842 1755 906 1798; x_wconf 86' lang='lat' dir='ltr'>non</span> <span class='ocrx_word' id='word_1_165' title='bbox 926 1736 1108 1800; x_wconf 85' lang='lat' dir='ltr'>delectantur</span> <span class='ocrx_word' id='word_1_166' title='bbox 1126 1737 1246 1815; x_wconf 84' lang='lat' dir='ltr'>astutia,</span> <span class='ocrx_word' id='word_1_167' title='bbox 1271 1733 1323 1796; x_wconf 89' lang='lat' dir='ltr'>sed</span> 
     </span>
     <span class='ocr_line' id='line_1_22' title="bbox 193 1811 1323 1894; baseline -0.009 -14"><span class='ocrx_word' id='word_1_168' title='bbox 193 1818 309 1880; x_wconf 88' lang='lat' dir='ltr'>sincere</span> <span class='ocrx_word' id='word_1_169' title='bbox 328 1827 480 1880; x_wconf 84' lang='lat' dir='ltr'>versantur</span> <span class='ocrx_word' id='word_1_170' title='bbox 498 1813 578 1874; x_wconf 90' lang='lat' dir='ltr'>inter</span> <span class='ocrx_word' id='word_1_171' title='bbox 601 1811 753 1884; x_wconf 83' lang='lat' dir='ltr'>homines,</span> <span class='ocrx_word' id='word_1_172' title='bbox 780 1830 836 1872; x_wconf 85' lang='lat' dir='ltr'>nec</span> <span class='ocrx_word' id='word_1_173' title='bbox 858 1811 939 1880; x_wconf 21' lang='lat' dir='ltr'>&#39;aliud</span> <span class='ocrx_word' id='word_1_174' title='bbox 957 1814 1053 1876; x_wconf 88' lang='lat' dir='ltr'>verbis</span> <span class='ocrx_word' id='word_1_175' title='bbox 1077 1826 1129 1878; x_wconf 89' lang='lat' dir='ltr'>aut</span> <span class='ocrx_word' id='word_1_176' title='bbox 1146 1813 1228 1876; x_wconf 81' lang='lat' dir='ltr'>uultu</span> <span class='ocrx_word' id='word_1_177' title='bbox 1253 1831 1323 1894; x_wconf 90' lang='lat' dir='ltr'>prae</span> 
     </span>
     <span class='ocr_line' id='line_1_23' title="bbox 193 1887 1390 2030; baseline -0.008 -74"><span class='ocrx_word' id='word_1_178' title='bbox 193 1914 226 1956; x_wconf 90' lang='lat' dir='ltr'>se</span> <span class='ocrx_word' id='word_1_179' title='bbox 246 1893 357 1968; x_wconf 76' lang='lat' dir='ltr'>ierunt,</span> <span class='ocrx_word' id='word_1_180' title='bbox 376 1911 464 1985; x_wconf 86' lang='lat' dir='ltr'>quam</span> <span class='ocrx_word' id='word_1_181' title='bbox 482 1888 597 1972; x_wconf 77' lang='lat' dir='ltr'>agitent</span> <span class='ocrx_word' id='word_1_182' title='bbox 614 1888 646 1950; x_wconf 88' lang='lat' dir='ltr'>in</span> <span class='ocrx_word' id='word_1_183' title='bbox 666 1888 766 1949; x_wconf 88' lang='lat' dir='ltr'>corde.</span> <span class='ocrx_word' id='word_1_184' title='bbox 806 1887 886 1961; x_wconf 76' lang='lat' dir='ltr'>QnIa</span> <span class='ocrx_word' id='word_1_185' title='bbox 906 1901 1003 1951; x_wconf 88' lang='lat' dir='ltr'>autem</span> <span class='ocrx_word' id='word_1_186' title='bbox 1021 1890 1166 2030; x_wconf 57' lang='lat' dir='ltr'>simpilices</span> <span class='ocrx_word' id='word_1_187' title='bbox 1184 1903 1322 1982; x_wconf 82' lang='lat' dir='ltr'>tanquam</span> <span class='ocrx_word' id='word_1_188' title='bbox 1388 1957 1390 1962; x_wconf 23' lang='grc' dir='ltr'>Ι</span> 
     </span>
     <span class='ocr_line' id='line_1_24' title="bbox 192 1965 1322 2049; baseline -0.006 -18"><span class='ocrx_word' id='word_1_189' title='bbox 192 1970 290 2032; x_wconf 89' lang='lat' dir='ltr'>minus</span> <span class='ocrx_word' id='word_1_190' title='bbox 322 1981 400 2031; x_wconf 79' lang='lat' dir='ltr'>cauti</span> <span class='ocrx_word' id='word_1_191' title='bbox 429 1967 578 2040; x_wconf 83' lang='lat' dir='ltr'>ridentur,</span> <span class='ocrx_word' id='word_1_192' title='bbox 609 1976 640 2027; x_wconf 90' lang='lat' dir='ltr'>et</span> <span class='ocrx_word' id='word_1_193' title='bbox 670 1965 738 2043; x_wconf 88' lang='lat' dir='ltr'>quia</span> <span class='ocrx_word' id='word_1_194' title='bbox 766 1966 921 2026; x_wconf 84' lang='lat' dir='ltr'>nonsatis</span> <span class='ocrx_word' id='word_1_195' title='bbox 945 1977 1030 2028; x_wconf 90' lang='lat' dir='ltr'>acute</span> <span class='ocrx_word' id='word_1_196' title='bbox 1052 1969 1077 2030; x_wconf 92' lang='lat' dir='ltr'>si</span> <span class='ocrx_word' id='word_1_197' title='bbox 1101 1969 1108 1984; x_wconf 88' lang='lat'>&#39;</span> <span class='ocrx_word' id='word_1_198' title='bbox 1131 1968 1322 2049; x_wconf 81' lang='lat' dir='ltr'>prospiciunt,</span> 
     </span>
     <span class='ocr_line' id='line_1_25' title="bbox 194 2041 1321 2121; baseline -0.008 -9"><span class='ocrx_word' id='word_1_199' title='bbox 194 2047 329 2112; x_wconf 87' lang='lat' dir='ltr'>Christus</span> <span class='ocrx_word' id='word_1_200' title='bbox 341 2045 434 2107; x_wconf 65' lang='lat' dir='ltr'>¹altius</span> <span class='ocrx_word' id='word_1_201' title='bbox 454 2064 505 2103; x_wconf 89' lang='lat' dir='ltr'>eos</span> <span class='ocrx_word' id='word_1_202' title='bbox 525 2052 658 2104; x_wconf 84' lang='lat' dir='ltr'>revocat:</span> <span class='ocrx_word' id='word_1_203' title='bbox 678 2041 783 2121; x_wconf 88' lang='lat' dir='ltr'>quodsi</span> <span class='ocrx_word' id='word_1_204' title='bbox 801 2061 868 2120; x_wconf 87' lang='lat' dir='ltr'>pers</span> <span class='ocrx_word' id='word_1_205' title='bbox 891 2043 984 2105; x_wconf 88' lang='lat' dir='ltr'>icaces</span> <span class='ocrx_word' id='word_1_206' title='bbox 995 2066 1057 2107; x_wconf 92' lang='lat' dir='ltr'>non</span> <span class='ocrx_word' id='word_1_207' title='bbox 1076 2057 1144 2110; x_wconf 90' lang='lat' dir='ltr'>sunt</span> <span class='ocrx_word' id='word_1_208' title='bbox 1162 2046 1199 2106; x_wconf 90' lang='lat' dir='ltr'>ad</span> <span class='ocrx_word' id='word_1_209' title='bbox 1217 2043 1321 2104; x_wconf 81' lang='lat' dir='ltr'>fallen-</span> 
     </span>
     <span class='ocr_line' id='line_1_26' title="bbox 92 2063 1009 2199; baseline -0.005 -12"><span class='ocrx_word' id='word_1_210' title='bbox 92 2110 98 2129; x_wconf 74' lang='lat'>&#39;</span> <span class='ocrx_word' id='word_1_211' title='bbox 193 2125 262 2186; x_wconf 89' lang='lat' dir='ltr'>dum</span> <span class='ocrx_word' id='word_1_212' title='bbox 281 2123 312 2185; x_wconf 90' lang='lat' dir='ltr'>in</span> <span class='ocrx_word' id='word_1_213' title='bbox 331 2134 426 2196; x_wconf 79' lang='lat' dir='ltr'>terra,</span> <span class='ocrx_word' id='word_1_214' title='bbox 445 2119 505 2180; x_wconf 92' lang='lat' dir='ltr'>Dei</span> <span class='ocrx_word' id='word_1_215' title='bbox 524 2128 684 2199; x_wconf 88' lang='lat' dir='ltr'>conspectu</span> <span class='ocrx_word' id='word_1_216' title='bbox 704 2116 736 2178; x_wconf 92' lang='lat' dir='ltr'>in</span> <span class='ocrx_word' id='word_1_217' title='bbox 756 2119 846 2180; x_wconf 90' lang='lat' dir='ltr'>coelis</span> <span class='ocrx_word' id='word_1_218' title='bbox 864 2063 1009 2182; x_wconf 74' lang='lat' dir='ltr'>licentur.</span> 
     </span>
    </p>

    <p class='ocr_par' dir='ltr' id='par_1_8' title="bbox 188 2193 1388 2818">
     <span class='ocr_line' id='line_1_27' title="bbox 267 2193 1320 2286; baseline 0 -28"><span class='ocrx_word' id='word_1_219' title='bbox 267 2208 296 2268; x_wconf 85' lang='lat'>9.</span> <span class='ocrx_word' id='word_1_220' title='bbox 334 2199 425 2260; x_wconf 79' lang='lat' dir='ltr'>Beati</span> <span class='ocrx_word' id='word_1_221' title='bbox 436 2197 568 2276; x_wconf 79' lang='lat' dir='ltr'>pacifici.</span> <span class='ocrx_word' id='word_1_222' title='bbox 606 2195 667 2256; x_wconf 87' lang='lat' dir='ltr'>Eos</span> <span class='ocrx_word' id='word_1_223' title='bbox 686 2193 837 2286; x_wconf 75' lang='lat' dir='ltr'>intelligit,</span> <span class='ocrx_word' id='word_1_224' title='bbox 856 2196 907 2276; x_wconf 79' lang='lat' dir='ltr'>qui</span> <span class='ocrx_word' id='word_1_225' title='bbox 925 2218 988 2260; x_wconf 90' lang='lat' dir='ltr'>non</span> <span class='ocrx_word' id='word_1_226' title='bbox 1007 2199 1098 2264; x_wconf 90' lang='lat' dir='ltr'>modo</span> <span class='ocrx_word' id='word_1_227' title='bbox 1118 2198 1181 2280; x_wconf 87' lang='lat' dir='ltr'>paci</span> <span class='ocrx_word' id='word_1_228' title='bbox 1192 2197 1320 2272; x_wconf 85' lang='lat' dir='ltr'>student,</span> 
     </span>
     <span class='ocr_line' id='line_1_28' title="bbox 191 2274 1318 2352; baseline -0.005 -12"><span class='ocrx_word' id='word_1_229' title='bbox 191 2290 223 2340; x_wconf 89' lang='lat' dir='ltr'>et</span> <span class='ocrx_word' id='word_1_230' title='bbox 241 2277 405 2339; x_wconf 87' lang='lat' dir='ltr'>abhorrent</span> <span class='ocrx_word' id='word_1_231' title='bbox 423 2296 440 2335; x_wconf 90' lang='lat' dir='ltr'>a</span> <span class='ocrx_word' id='word_1_232' title='bbox 459 2275 526 2336; x_wconf 86' lang='lat' dir='ltr'>rixis</span> <span class='ocrx_word' id='word_1_233' title='bbox 546 2282 688 2352; x_wconf 86' lang='lat' dir='ltr'>qnantum</span> <span class='ocrx_word' id='word_1_234' title='bbox 707 2293 739 2330; x_wconf 86' lang='lat' dir='ltr'>m</span> <span class='ocrx_word' id='word_1_235' title='bbox 764 2292 796 2334; x_wconf 83' lang='lat' dir='ltr'>se</span> <span class='ocrx_word' id='word_1_236' title='bbox 822 2285 882 2348; x_wconf 87' lang='lat' dir='ltr'>est,</span> <span class='ocrx_word' id='word_1_237' title='bbox 906 2274 1068 2346; x_wconf 85' lang='lat' dir='ltr'>sedetiam</span> <span class='ocrx_word' id='word_1_238' title='bbox 1086 2276 1188 2339; x_wconf 87' lang='lat' dir='ltr'>scdulo</span> <span class='ocrx_word' id='word_1_239' title='bbox 1209 2275 1318 2336; x_wconf 90' lang='lat' dir='ltr'>dissen-</span> 
     </span>
     <span class='ocr_line' id='line_1_29' title="bbox 190 2350 1317 2434; baseline -0.009 -15"><span class='ocrx_word' id='word_1_240' title='bbox 190 2357 290 2420; x_wconf 85' lang='lat' dir='ltr'>siones</span> <span class='ocrx_word' id='word_1_241' title='bbox 310 2357 388 2415; x_wconf 90' lang='lat' dir='ltr'>inter</span> <span class='ocrx_word' id='word_1_242' title='bbox 406 2351 481 2414; x_wconf 89' lang='lat' dir='ltr'>alios</span> <span class='ocrx_word' id='word_1_243' title='bbox 500 2362 594 2411; x_wconf 87' lang='lat' dir='ltr'>motas</span> <span class='ocrx_word' id='word_1_244' title='bbox 614 2360 815 2430; x_wconf 88' lang='lat' dir='ltr'>componunt,</span> <span class='ocrx_word' id='word_1_245' title='bbox 835 2350 972 2413; x_wconf 91' lang='lat' dir='ltr'>omnibus</span> <span class='ocrx_word' id='word_1_246' title='bbox 990 2365 1059 2413; x_wconf 84' lang='lat' dir='ltr'>sunt</span> <span class='ocrx_word' id='word_1_247' title='bbox 1077 2353 1156 2434; x_wconf 84' lang='lat' dir='ltr'>pacis</span> <span class='ocrx_word' id='word_1_248' title='bbox 1175 2364 1317 2426; x_wconf 83' lang='lat' dir='ltr'>auctores,</span> 
     </span>
     <span class='ocr_line' id='line_1_30' title="bbox 191 2423 1316 2508; baseline -0.006 -13"><span class='ocrx_word' id='word_1_249' title='bbox 191 2433 268 2495; x_wconf 89' lang='lat' dir='ltr'>odiis</span> <span class='ocrx_word' id='word_1_250' title='bbox 288 2444 319 2492; x_wconf 90' lang='lat' dir='ltr'>et</span> <span class='ocrx_word' id='word_1_251' title='bbox 336 2427 532 2494; x_wconf 81' lang='lat' dir='ltr'>simultatibus</span> <span class='ocrx_word' id='word_1_252' title='bbox 551 2423 649 2487; x_wconf 80' lang='lat' dir='ltr'>ansam</span> <span class='ocrx_word' id='word_1_253' title='bbox 669 2425 850 2508; x_wconf 86' lang='lat' dir='ltr'>praecidunt.</span> <span class='ocrx_word' id='word_1_254' title='bbox 888 2428 993 2508; x_wconf 90' lang='lat' dir='ltr'>Neque</span> <span class='ocrx_word' id='word_1_255' title='bbox 1008 2429 1066 2490; x_wconf 84' lang='lat' dir='ltr'>boc</span> <span class='ocrx_word' id='word_1_256' title='bbox 1078 2442 1190 2490; x_wconf 88' lang='lat' dir='ltr'>temere</span> <span class='ocrx_word' id='word_1_257' title='bbox 1210 2429 1316 2492; x_wconf 90' lang='lat' dir='ltr'>dictum</span> 
     </span>
     <span class='ocr_line' id='line_1_31' title="bbox 190 2503 1316 2600; baseline -0.007 -29"><span class='ocrx_word' id='word_1_258' title='bbox 190 2521 250 2572; x_wconf 88' lang='lat' dir='ltr'>est:</span> <span class='ocrx_word' id='word_1_259' title='bbox 271 2531 337 2570; x_wconf 88' lang='lat' dir='ltr'>nam</span> <span class='ocrx_word' id='word_1_260' title='bbox 350 2528 440 2600; x_wconf 89' lang='lat' dir='ltr'>quum</span> <span class='ocrx_word' id='word_1_261' title='bbox 460 2504 607 2566; x_wconf 87' lang='lat' dir='ltr'>laboriosa</span> <span class='ocrx_word' id='word_1_262' title='bbox 625 2523 672 2564; x_wconf 92' lang='lat' dir='ltr'>res</span> <span class='ocrx_word' id='word_1_263' title='bbox 692 2503 729 2564; x_wconf 90' lang='lat' dir='ltr'>sit</span> <span class='ocrx_word' id='word_1_264' title='bbox 749 2513 779 2564; x_wconf 85' lang='lat' dir='ltr'>et</span> <span class='ocrx_word' id='word_1_265' title='bbox 797 2503 931 2578; x_wconf 86' lang='lat' dir='ltr'>molesta,</span> <span class='ocrx_word' id='word_1_266' title='bbox 943 2506 1094 2586; x_wconf 86' lang='lat' dir='ltr'>pacificare</span> <span class='ocrx_word' id='word_1_267' title='bbox 1106 2527 1167 2580; x_wconf 87' lang='lat' dir='ltr'>eos,</span> <span class='ocrx_word' id='word_1_268' title='bbox 1180 2506 1230 2587; x_wconf 92' lang='lat' dir='ltr'>qui</span> <span class='ocrx_word' id='word_1_269' title='bbox 1241 2506 1316 2564; x_wconf 88' lang='lat' dir='ltr'>inter</span> 
     </span>
     <span class='ocr_line' id='line_1_32' title="bbox 189 2581 1316 2662; baseline -0.006 -13"><span class='ocrx_word' id='word_1_270' title='bbox 189 2605 222 2649; x_wconf 86' lang='lat' dir='ltr'>se</span> <span class='ocrx_word' id='word_1_271' title='bbox 242 2586 427 2657; x_wconf 73' lang='lat' dir='ltr'>dissentiunt,</span> <span class='ocrx_word' id='word_1_272' title='bbox 445 2581 522 2642; x_wconf 91' lang='lat' dir='ltr'>banc</span> <span class='ocrx_word' id='word_1_273' title='bbox 540 2581 747 2662; x_wconf 88' lang='lat' dir='ltr'>indignitatem</span> <span class='ocrx_word' id='word_1_274' title='bbox 762 2593 910 2662; x_wconf 86' lang='lat' dir='ltr'>coguntur</span> <span class='ocrx_word' id='word_1_275' title='bbox 923 2581 1001 2642; x_wconf 87' lang='lat' dir='ltr'>lerre</span> <span class='ocrx_word' id='word_1_276' title='bbox 1012 2582 1156 2644; x_wconf 89' lang='lat' dir='ltr'>moderati</span> <span class='ocrx_word' id='word_1_277' title='bbox 1175 2581 1316 2657; x_wconf 81' lang='lat' dir='ltr'>homines,</span> 
     </span>
     <span class='ocr_line' id='line_1_33' title="bbox 190 2657 1388 2744; baseline -0.005 -22"><span class='ocrx_word' id='word_1_278' title='bbox 190 2663 242 2744; x_wconf 90' lang='lat' dir='ltr'>qui</span> <span class='ocrx_word' id='word_1_279' title='bbox 260 2663 326 2741; x_wconf 87' lang='lat' dir='ltr'>paci</span> <span class='ocrx_word' id='word_1_280' title='bbox 346 2659 490 2721; x_wconf 85' lang='lat' dir='ltr'>fovendae</span> <span class='ocrx_word' id='word_1_281' title='bbox 509 2657 644 2728; x_wconf 80' lang='lat' dir='ltr'>student,</span> <span class='ocrx_word' id='word_1_282' title='bbox 669 2657 750 2736; x_wconf 94' lang='lat' dir='ltr'>quod</span> <span class='ocrx_word' id='word_1_283' title='bbox 769 2659 908 2737; x_wconf 87' lang='lat' dir='ltr'>utrinque</span> <span class='ocrx_word' id='word_1_284' title='bbox 926 2659 1053 2738; x_wconf 77' lang='lat' dir='ltr'>probra,</span> <span class='ocrx_word' id='word_1_285' title='bbox 1072 2659 1269 2739; x_wconf 85' lang='lat' dir='ltr'>querimonias</span> <span class='ocrx_word' id='word_1_286' title='bbox 1288 2671 1316 2718; x_wconf 89' lang='lat' dir='ltr'>et</span> <span class='ocrx_word' id='word_1_287' title='bbox 1387 2669 1388 2672; x_wconf 76' lang='grc'>’</span> 
     </span>
     <span class='ocr_line' id='line_1_34' title="bbox 188 2731 1315 2818; baseline -0.006 -17"><span class='ocrx_word' id='word_1_288' title='bbox 188 2737 436 2818; x_wconf 83' lang='lat' dir='ltr'>expostulationes</span> <span class='ocrx_word' id='word_1_289' title='bbox 450 2733 581 2794; x_wconf 87' lang='lat' dir='ltr'>audiunt</span> <span class='ocrx_word' id='word_1_290' title='bbox 621 2731 714 2806; x_wconf 89' lang='lat' dir='ltr'>Quod</span> <span class='ocrx_word' id='word_1_291' title='bbox 733 2731 803 2792; x_wconf 89' lang='lat' dir='ltr'>inde</span> <span class='ocrx_word' id='word_1_292' title='bbox 822 2736 960 2815; x_wconf 82' lang='lat' dir='ltr'>nascitur,</span> <span class='ocrx_word' id='word_1_293' title='bbox 980 2736 1060 2816; x_wconf 89' lang='lat' dir='ltr'>quod</span> <span class='ocrx_word' id='word_1_294' title='bbox 1077 2755 1165 2797; x_wconf 90' lang='lat' dir='ltr'>nemo</span> <span class='ocrx_word' id='word_1_295' title='bbox 1185 2758 1247 2798; x_wconf 88' lang='lat' dir='ltr'>non</span> <span class='ocrx_word' id='word_1_296' title='bbox 1266 2758 1315 2795; x_wconf 90' lang='lat' dir='ltr'>cu-</span> 
     </span>
    </p>

    <p class='ocr_par' dir='ltr' id='par_1_9' title="bbox 140 2809 1316 3194">
     <span class='ocr_line' id='line_1_35' title="bbox 140 2809 1316 2896; baseline 0.002 -28"><span class='ocrx_word' id='word_1_297' title='bbox 140 2859 147 2868; x_wconf 97' lang='lat'>.</span> <span class='ocrx_word' id='word_1_298' title='bbox 188 2824 275 2896; x_wconf 88' lang='lat' dir='ltr'>peret</span> <span class='ocrx_word' id='word_1_299' title='bbox 294 2831 397 2874; x_wconf 87' lang='lat' dir='ltr'>omnes</span> <span class='ocrx_word' id='word_1_300' title='bbox 416 2809 526 2871; x_wconf 87' lang='lat' dir='ltr'>habere</span> <span class='ocrx_word' id='word_1_301' title='bbox 547 2819 698 2888; x_wconf 87' lang='lat' dir='ltr'>patronos,</span> <span class='ocrx_word' id='word_1_302' title='bbox 718 2809 769 2888; x_wconf 91' lang='lat' dir='ltr'>qui</span> <span class='ocrx_word' id='word_1_303' title='bbox 787 2829 804 2869; x_wconf 83' lang='lat' dir='ltr'>a</span> <span class='ocrx_word' id='word_1_304' title='bbox 823 2824 907 2890; x_wconf 89' lang='lat' dir='ltr'>parte</span> <span class='ocrx_word' id='word_1_305' title='bbox 926 2834 978 2876; x_wconf 89' lang='lat' dir='ltr'>sua</span> <span class='ocrx_word' id='word_1_306' title='bbox 997 2813 1143 2874; x_wconf 85' lang='lat' dir='ltr'>dimicent.</span> <span class='ocrx_word' id='word_1_307' title='bbox 1168 2813 1260 2895; x_wconf 86' lang='lat' dir='ltr'>Ergo,</span> <span class='ocrx_word' id='word_1_308' title='bbox 1278 2832 1316 2870; x_wconf 92' lang='lat' dir='ltr'>ne</span> 
     </span>
     <span class='ocr_line' id='line_1_36' title="bbox 187 2883 1314 2974; baseline -0.002 -25"><span class='ocrx_word' id='word_1_309' title='bbox 187 2889 369 2974; x_wconf 84' lang='lat' dir='ltr'>pendeamus</span> <span class='ocrx_word' id='word_1_310' title='bbox 388 2885 425 2950; x_wconf 86' lang='lat' dir='ltr'>ab</span> <span class='ocrx_word' id='word_1_311' title='bbox 446 2885 599 2948; x_wconf 89' lang='lat' dir='ltr'>bominum</span> <span class='ocrx_word' id='word_1_312' title='bbox 619 2883 730 2959; x_wconf 87' lang='lat' dir='ltr'>lavore,</span> <span class='ocrx_word' id='word_1_313' title='bbox 748 2885 831 2948; x_wconf 89' lang='lat' dir='ltr'>iubet</span> <span class='ocrx_word' id='word_1_314' title='bbox 850 2909 905 2950; x_wconf 88' lang='lat' dir='ltr'>nos</span> <span class='ocrx_word' id='word_1_315' title='bbox 927 2889 1059 2953; x_wconf 87' lang='lat' dir='ltr'>Christus</span> <span class='ocrx_word' id='word_1_316' title='bbox 1077 2890 1224 2971; x_wconf 87' lang='lat' dir='ltr'>respicere</span> <span class='ocrx_word' id='word_1_317' title='bbox 1242 2888 1314 2954; x_wconf 88' lang='lat' dir='ltr'>iudi·</span> 
     </span>
     <span class='ocr_line' id='line_1_37' title="bbox 189 2959 1316 3044; baseline -0.001 -17"><span class='ocrx_word' id='word_1_318' title='bbox 189 2967 266 3028; x_wconf 89' lang='lat' dir='ltr'>cium</span> <span class='ocrx_word' id='word_1_319' title='bbox 285 2965 381 3026; x_wconf 88' lang='lat' dir='ltr'>Patris</span> <span class='ocrx_word' id='word_1_320' title='bbox 400 2964 455 3041; x_wconf 83' lang='lat' dir='ltr'>sni,</span> <span class='ocrx_word' id='word_1_321' title='bbox 475 2962 537 3042; x_wconf 81' lang='lat' dir='ltr'>qui,</span> <span class='ocrx_word' id='word_1_322' title='bbox 557 2982 646 3041; x_wconf 84' lang='lat' dir='ltr'>quum</span> <span class='ocrx_word' id='word_1_323' title='bbox 658 2959 739 3021; x_wconf 89' lang='lat' dir='ltr'>Deus</span> <span class='ocrx_word' id='word_1_324' title='bbox 754 2960 792 3022; x_wconf 93' lang='lat' dir='ltr'>sit</span> <span class='ocrx_word' id='word_1_325' title='bbox 810 2965 900 3044; x_wconf 81' lang='lat' dir='ltr'>pacis,</span> <span class='ocrx_word' id='word_1_326' title='bbox 919 2987 974 3029; x_wconf 91' lang='lat' dir='ltr'>nos</span> <span class='ocrx_word' id='word_1_327' title='bbox 994 2968 1023 3027; x_wconf 91' lang='lat' dir='ltr'>in</span> <span class='ocrx_word' id='word_1_328' title='bbox 1044 2967 1109 3028; x_wconf 89' lang='lat' dir='ltr'>filiis</span> <span class='ocrx_word' id='word_1_329' title='bbox 1129 2970 1186 3028; x_wconf 87' lang='lat' dir='ltr'>suis</span> <span class='ocrx_word' id='word_1_330' title='bbox 1207 2978 1316 3039; x_wconf 76' lang='lat' dir='ltr'>censet,</span> 
     </span>
     <span class='ocr_line' id='line_1_38' title="bbox 189 3038 1315 3124; baseline 0 -21"><span class='ocrx_word' id='word_1_331' title='bbox 189 3043 259 3103; x_wconf 91' lang='lat' dir='ltr'>dum</span> <span class='ocrx_word' id='word_1_332' title='bbox 278 3062 381 3124; x_wconf 87' lang='lat' dir='ltr'>pacem</span> <span class='ocrx_word' id='word_1_333' title='bbox 400 3041 545 3111; x_wconf 84' lang='lat' dir='ltr'>fovemus,</span> <span class='ocrx_word' id='word_1_334' title='bbox 564 3038 676 3098; x_wconf 85' lang='lat' dir='ltr'>etiamsi</span> <span class='ocrx_word' id='word_1_335' title='bbox 694 3049 828 3101; x_wconf 90' lang='lat' dir='ltr'>nostrum</span> <span class='ocrx_word' id='word_1_336' title='bbox 846 3043 974 3105; x_wconf 88' lang='lat' dir='ltr'>studium</span> <span class='ocrx_word' id='word_1_337' title='bbox 993 3042 1160 3107; x_wconf 89' lang='lat' dir='ltr'>hominibus</span> <span class='ocrx_word' id='word_1_338' title='bbox 1179 3065 1242 3106; x_wconf 86' lang='lat' dir='ltr'>non</span> <span class='ocrx_word' id='word_1_339' title='bbox 1253 3044 1315 3124; x_wconf 92' lang='lat' dir='ltr'>pla-</span> 
     </span>
     <span class='ocr_line' id='line_1_39' title="bbox 188 3115 927 3194; baseline 0 -14"><span class='ocrx_word' id='word_1_340' title='bbox 188 3130 268 3181; x_wconf 85' lang='lat' dir='ltr'>ceat:</span> <span class='ocrx_word' id='word_1_341' title='bbox 286 3122 386 3180; x_wconf 77' lang='lat' dir='ltr'>vocari</span> <span class='ocrx_word' id='word_1_342' title='bbox 404 3117 484 3177; x_wconf 90' lang='lat' dir='ltr'>enirn</span> <span class='ocrx_word' id='word_1_343' title='bbox 503 3116 583 3182; x_wconf 86' lang='lat' dir='ltr'>idem</span> <span class='ocrx_word' id='word_1_344' title='bbox 602 3115 679 3177; x_wconf 80' lang='lat' dir='ltr'>valet</span> <span class='ocrx_word' id='word_1_345' title='bbox 697 3126 785 3194; x_wconf 88' lang='lat' dir='ltr'>atquc</span> <span class='ocrx_word' id='word_1_346' title='bbox 805 3120 927 3180; x_wconf 88' lang='lat' dir='ltr'>censeri.</span> 
     </span>
    </p>

    <p class='ocr_par' dir='ltr' id='par_1_10' title="bbox 161 3194 1313 3271">
     <span class='ocr_line' id='line_1_40' title="bbox 161 3194 1313 3271; baseline -0.004 -10"><span class='ocrx_word' id='word_1_347' title='bbox 161 3209 162 3220; x_wconf 60' lang='lat'>¹</span> <span class='ocrx_word' id='word_1_348' title='bbox 264 3203 312 3261; x_wconf 84' lang='lat' dir='ltr'>to.</span> <span class='ocrx_word' id='word_1_349' title='bbox 342 3195 431 3255; x_wconf 76' lang='lat' dir='ltr'>Beati</span> <span class='ocrx_word' id='word_1_350' title='bbox 487 3195 499 3250; x_wconf 83' lang='grc' dir='ltr'><strong><em>ἰ</em></strong></span> <span class='ocrx_word' id='word_1_351' title='bbox 511 3194 760 3270; x_wconf 66' lang='lat' dir='ltr'>persequutionem</span> <span class='ocrx_word' id='word_1_352' title='bbox 773 3195 936 3271; x_wconf 62' lang='lat' dir='ltr'>patentur.</span> <span class='ocrx_word' id='word_1_353' title='bbox 960 3200 1023 3260; x_wconf 87' lang='lat' dir='ltr'>Hac</span> <span class='ocrx_word' id='word_1_354' title='bbox 1043 3199 1176 3260; x_wconf 89' lang='lat' dir='ltr'>doctrina</span> <span class='ocrx_word' id='word_1_355' title='bbox 1194 3198 1313 3258; x_wconf 82' lang='lat' dir='ltr'>maxime</span> 
     </span>
    </p>

    <p class='ocr_par' dir='ltr' id='par_1_11' title="bbox 136 3269 1312 3410">
     <span class='ocr_line' id='line_1_41' title="bbox 136 3269 1312 3410; baseline 0 -76"><span class='ocrx_word' id='word_1_356' title='bbox 136 3295 140 3305; x_wconf 88' lang='lat'><strong>·</strong></span> <span class='ocrx_word' id='word_1_357' title='bbox 187 3292 262 3351; x_wconf 90' lang='lat' dir='ltr'>opus</span> <span class='ocrx_word' id='word_1_358' title='bbox 293 3271 406 3346; x_wconf 85' lang='lat' dir='ltr'>habent</span> <span class='ocrx_word' id='word_1_359' title='bbox 459 3269 542 3330; x_wconf 85' lang='lat' dir='ltr'>bristi</span> <span class='ocrx_word' id='word_1_360' title='bbox 565 3269 729 3350; x_wconf 85' lang='lat' dir='ltr'>discipuli,l</span> <span class='ocrx_word' id='word_1_361' title='bbox 747 3284 779 3333; x_wconf 91' lang='lat' dir='ltr'>et</span> <span class='ocrx_word' id='word_1_362' title='bbox 802 3293 862 3410; x_wconf 83' lang='lat' dir='ltr'>quo</span> <span class='ocrx_word' id='word_1_363' title='bbox 889 3274 1034 3336; x_wconf 80' lang='lat' dir='ltr'>difficilius</span> <span class='ocrx_word' id='word_1_364' title='bbox 1059 3288 1088 3337; x_wconf 90' lang='lat' dir='ltr'>et</span> <span class='ocrx_word' id='word_1_365' title='bbox 1111 3276 1202 3358; x_wconf 80' lang='lat' dir='ltr'>magis</span> <span class='ocrx_word' id='word_1_366' title='bbox 1227 3295 1312 3356; x_wconf 89' lang='lat' dir='ltr'>aegre</span> 
     </span>
    </p>

    <p class='ocr_par' dir='ltr' id='par_1_12' title="bbox 186 3348 1313 3433">
     <span class='ocr_line' id='line_1_42' title="bbox 186 3348 1313 3433; baseline 0.002 -23"><span class='ocrx_word' id='word_1_367' title='bbox 186 3370 252 3410; x_wconf 89' lang='lat' dir='ltr'>eam</span> <span class='ocrx_word' id='word_1_368' title='bbox 289 3349 402 3410; x_wconf 87' lang='lat' dir='ltr'>dmittit</span> <span class='ocrx_word' id='word_1_369' title='bbox 419 3367 506 3424; x_wconf 86' lang='lat' dir='ltr'>caro,</span> <span class='ocrx_word' id='word_1_370' title='bbox 532 3365 569 3407; x_wconf 88' lang='lat' dir='ltr'>eo</span> <span class='ocrx_word' id='word_1_371' title='bbox 594 3348 734 3408; x_wconf 81' lang='lat' dir='ltr'>attentius</span> <span class='ocrx_word' id='word_1_372' title='bbox 753 3369 800 3410; x_wconf 88' lang='lat' dir='ltr'>me</span> <span class='ocrx_word' id='word_1_373' title='bbox 822 3350 921 3427; x_wconf 86' lang='lat' dir='ltr'>itanda</span> <span class='ocrx_word' id='word_1_374' title='bbox 939 3363 991 3414; x_wconf 83' lang='lat' dir='ltr'>est.</span> <span class='ocrx_word' id='word_1_375' title='bbox 1029 3353 1135 3433; x_wconf 82' lang='lat' dir='ltr'>Neque</span> <span class='ocrx_word' id='word_1_376' title='bbox 1162 3352 1240 3412; x_wconf 89' lang='lat' dir='ltr'>enim</span> <span class='ocrx_word' id='word_1_377' title='bbox 1260 3353 1313 3412; x_wconf 88' lang='lat' dir='ltr'>alia</span> 
     </span>
    </p>

    <p class='ocr_par' dir='ltr' id='par_1_13' title="bbox 184 3371 1313 3892">
     <span class='ocr_line' id='line_1_43' title="bbox 185 3371 1313 3510; baseline 0 -22"><span class='ocrx_word' id='word_1_378' title='bbox 185 3428 252 3510; x_wconf 88' lang='lat' dir='ltr'>lege</span> <span class='ocrx_word' id='word_1_379' title='bbox 266 3371 385 3488; x_wconf 71' lang='lat' dir='ltr'>libristo</span> <span class='ocrx_word' id='word_1_380' title='bbox 404 3425 531 3484; x_wconf 90' lang='lat' dir='ltr'>militare</span> <span class='ocrx_word' id='word_1_381' title='bbox 549 3443 713 3502; x_wconf 84' lang='lat' dir='ltr'>possumus,</span> <span class='ocrx_word' id='word_1_382' title='bbox 733 3448 819 3506; x_wconf 85' lang='lat' dir='ltr'>quam</span> <span class='ocrx_word' id='word_1_383' title='bbox 839 3439 873 3490; x_wconf 90' lang='lat' dir='ltr'>ut</span> <span class='ocrx_word' id='word_1_384' title='bbox 890 3431 986 3490; x_wconf 86' lang='lat' dir='ltr'>maior</span> <span class='ocrx_word' id='word_1_385' title='bbox 1004 3449 1070 3509; x_wconf 85' lang='lat' dir='ltr'>pars</span> <span class='ocrx_word' id='word_1_386' title='bbox 1089 3429 1191 3494; x_wconf 86' lang='lat' dir='ltr'>mundi</span> <span class='ocrx_word' id='word_1_387' title='bbox 1209 3428 1313 3490; x_wconf 81' lang='lat' dir='ltr'>inlecta</span> 
     </span>
     <span class='ocr_line' id='line_1_44' title="bbox 185 3505 1311 3638; baseline -0.002 -72"><span class='ocrx_word' id='word_1_388' title='bbox 185 3506 219 3566; x_wconf 91' lang='lat' dir='ltr'>in</span> <span class='ocrx_word' id='word_1_389' title='bbox 238 3525 293 3566; x_wconf 91' lang='lat' dir='ltr'>nos</span> <span class='ocrx_word' id='word_1_390' title='bbox 313 3513 481 3584; x_wconf 79' lang='lat' dir='ltr'>consurgat,</span> <span class='ocrx_word' id='word_1_391' title='bbox 500 3521 534 3562; x_wconf 91' lang='lat' dir='ltr'>ac</span> <span class='ocrx_word' id='word_1_392' title='bbox 543 3514 745 3638; x_wconf 60' lang='lat' dir='ltr'>persequatur</span> <span class='ocrx_word' id='word_1_393' title='bbox 764 3525 856 3584; x_wconf 88' lang='lat' dir='ltr'>usque</span> <span class='ocrx_word' id='word_1_394' title='bbox 876 3507 913 3568; x_wconf 89' lang='lat' dir='ltr'>ad</span> <span class='ocrx_word' id='word_1_395' title='bbox 932 3519 1066 3568; x_wconf 61' lang='lat' dir='ltr'>mortem,</span> <span class='ocrx_word' id='word_1_396' title='bbox 1091 3505 1141 3568; x_wconf 89' lang='lat' dir='ltr'>Sic</span> <span class='ocrx_word' id='word_1_397' title='bbox 1153 3525 1200 3566; x_wconf 88' lang='lat' dir='ltr'>res</span> <span class='ocrx_word' id='word_1_398' title='bbox 1214 3505 1311 3581; x_wconf 87' lang='lat' dir='ltr'>babet,</span> 
     </span>
     <span class='ocr_line' id='line_1_45' title="bbox 187 3579 1312 3660; baseline -0.001 -17"><span class='ocrx_word' id='word_1_399' title='bbox 187 3583 281 3644; x_wconf 89' lang='lat' dir='ltr'>Satan</span> <span class='ocrx_word' id='word_1_400' title='bbox 303 3579 440 3660; x_wconf 88' lang='lat' dir='ltr'>princeps</span> <span class='ocrx_word' id='word_1_401' title='bbox 469 3599 539 3642; x_wconf 85' lang='lat' dir='ltr'>mun</span> <span class='ocrx_word' id='word_1_402' title='bbox 564 3579 571 3592; x_wconf 84' lang='lat'>&#39;</span> <span class='ocrx_word' id='word_1_403' title='bbox 597 3599 746 3658; x_wconf 87' lang='lat' dir='ltr'>nunquam</span> <span class='ocrx_word' id='word_1_404' title='bbox 776 3580 899 3644; x_wconf 89' lang='lat' dir='ltr'>desinet&#39;</span> <span class='ocrx_word' id='word_1_405' title='bbox 918 3603 986 3646; x_wconf 89' lang='lat' dir='ltr'>suos</span> <span class='ocrx_word' id='word_1_406' title='bbox 1015 3581 1096 3644; x_wconf 87' lang='lat' dir='ltr'>rabie</span> <span class='ocrx_word' id='word_1_407' title='bbox 1122 3602 1252 3659; x_wconf 85' lang='lat' dir='ltr'>armare,</span> <span class='ocrx_word' id='word_1_408' title='bbox 1279 3594 1312 3642; x_wconf 86' lang='lat' dir='ltr'>ut</span> 
     </span>
     <span class='ocr_line' id='line_1_46' title="bbox 187 3653 1309 3751; baseline 0 -33"><span class='ocrx_word' id='word_1_409' title='bbox 187 3658 299 3725; x_wconf 82' lang='lat' dir='ltr'>Christi</span> <span class='ocrx_word' id='word_1_410' title='bbox 317 3654 456 3716; x_wconf 86' lang='lat' dir='ltr'>membris</span> <span class='ocrx_word' id='word_1_411' title='bbox 474 3653 630 3716; x_wconf 80' lang='lat' dir='ltr'>insultent:</span> <span class='ocrx_word' id='word_1_412' title='bbox 651 3668 695 3717; x_wconf 90' lang='lat' dir='ltr'>est</span> <span class='ocrx_word' id='word_1_413' title='bbox 706 3657 824 3736; x_wconf 89' lang='lat' dir='ltr'>quidem</span> <span class='ocrx_word' id='word_1_414' title='bbox 835 3659 893 3720; x_wconf 91' lang='lat' dir='ltr'>hoc</span> <span class='ocrx_word' id='word_1_415' title='bbox 909 3672 1043 3722; x_wconf 87' lang='lat' dir='ltr'>monstro</span> <span class='ocrx_word' id='word_1_416' title='bbox 1062 3658 1155 3720; x_wconf 88' lang='lat' dir='ltr'>simile</span> <span class='ocrx_word' id='word_1_417' title='bbox 1176 3672 1207 3721; x_wconf 90' lang='lat' dir='ltr'>et</span> <span class='ocrx_word' id='word_1_418' title='bbox 1228 3679 1309 3751; x_wconf 90' lang='lat' dir='ltr'>prae-</span> 
     </span>
     <span class='ocr_line' id='line_1_47' title="bbox 184 3733 1310 3824; baseline -0.001 -27"><span class='ocrx_word' id='word_1_419' title='bbox 184 3749 233 3798; x_wconf 88' lang='lat' dir='ltr'>ter</span> <span class='ocrx_word' id='word_1_420' title='bbox 251 3747 398 3807; x_wconf 87' lang='lat' dir='ltr'>naturam,</span> <span class='ocrx_word' id='word_1_421' title='bbox 418 3742 452 3791; x_wconf 91' lang='lat' dir='ltr'>ut</span> <span class='ocrx_word' id='word_1_422' title='bbox 470 3744 588 3824; x_wconf 88' lang='lat' dir='ltr'>praeter</span> <span class='ocrx_word' id='word_1_423' title='bbox 610 3734 747 3795; x_wconf 89' lang='lat' dir='ltr'>meritum</span> <span class='ocrx_word' id='word_1_424' title='bbox 766 3733 913 3796; x_wconf 83' lang='lat' dir='ltr'>hostiliter</span> <span class='ocrx_word' id='word_1_425' title='bbox 930 3749 1086 3809; x_wconf 82' lang='lat' dir='ltr'>vexentur,</span> <span class='ocrx_word' id='word_1_426' title='bbox 1106 3735 1158 3816; x_wconf 90' lang='lat' dir='ltr'>qui</span> <span class='ocrx_word' id='word_1_427' title='bbox 1176 3735 1310 3798; x_wconf 80' lang='lat' dir='ltr'>iustitiam</span> 
     </span>
     <span class='ocr_line' id='line_1_48' title="bbox 186 3808 1309 3892; baseline -0.004 -16"><span class='ocrx_word' id='word_1_428' title='bbox 186 3814 297 3880; x_wconf 82' lang='lat' dir='ltr'>colunt</span> <span class='ocrx_word' id='word_1_429' title='bbox 335 3809 409 3870; x_wconf 91' lang='lat' dir='ltr'>Ideo</span> <span class='ocrx_word' id='word_1_430' title='bbox 430 3808 499 3869; x_wconf 85' lang='lat' dir='ltr'>dicrt</span> <span class='ocrx_word' id='word_1_431' title='bbox 518 3809 623 3871; x_wconf 85' lang='lat' dir='ltr'>Petrus</span> <span class='ocrx_word' id='word_1_432' title='bbox 642 3811 682 3890; x_wconf 87' lang='lat' dir='ltr'>(l.</span> <span class='ocrx_word' id='word_1_433' title='bbox 702 3811 783 3871; x_wconf 76' lang='lat' dir='ltr'>Petr-</span> <span class='ocrx_word' id='word_1_434' title='bbox 802 3818 831 3888; x_wconf 81' lang='lat'>3,</span> <span class='ocrx_word' id='word_1_435' title='bbox 851 3816 920 3888; x_wconf 83' lang='grc'>13.),</span> <span class='ocrx_word' id='word_1_436' title='bbox 937 3813 1096 3892; x_wconf 69' lang='lat' dir='ltr'>straveris</span> <span class='ocrx_word' id='word_1_437' title='bbox 1115 3835 1131 3874; x_wconf 89' lang='lat' dir='ltr'>a</span> <span class='ocrx_word' id='word_1_438' title='bbox 1152 3813 1309 3889; x_wconf 86' lang='lat' dir='ltr'>maleficiis,</span> 
     </span>
    </p>

    <p class='ocr_par' dir='ltr' id='par_1_14' title="bbox 157 3885 1382 4440">
     <span class='ocr_line' id='line_1_49' title="bbox 157 3885 1311 3970; baseline -0.002 -18"><span class='ocrx_word' id='word_1_439' title='bbox 157 3930 161 3952; x_wconf 86' lang='lat'>.</span> <span class='ocrx_word' id='word_1_440' title='bbox 187 3892 251 3970; x_wconf 90' lang='lat' dir='ltr'>quis</span> <span class='ocrx_word' id='word_1_441' title='bbox 270 3899 315 3950; x_wconf 90' lang='lat' dir='ltr'>est</span> <span class='ocrx_word' id='word_1_442' title='bbox 335 3886 385 3967; x_wconf 91' lang='lat' dir='ltr'>qui</span> <span class='ocrx_word' id='word_1_443' title='bbox 402 3885 487 3948; x_wconf 87' lang='lat' dir='ltr'>vobis</span> <span class='ocrx_word' id='word_1_444' title='bbox 508 3887 631 3948; x_wconf 79' lang='lat' dir='ltr'>noceat?</span> <span class='ocrx_word' id='word_1_445' title='bbox 652 3887 712 3948; x_wconf 90' lang='lat' dir='ltr'>Sed</span> <span class='ocrx_word' id='word_1_446' title='bbox 732 3888 762 3949; x_wconf 93' lang='lat' dir='ltr'>in</span> <span class='ocrx_word' id='word_1_447' title='bbox 782 3901 841 3949; x_wconf 89' lang='lat' dir='ltr'>tam</span> <span class='ocrx_word' id='word_1_448' title='bbox 862 3890 971 3950; x_wconf 84' lang='lat' dir='ltr'>eslreni</span> <span class='ocrx_word' id='word_1_449' title='bbox 986 3891 1088 3952; x_wconf 89' lang='lat' dir='ltr'>mundi</span> <span class='ocrx_word' id='word_1_450' title='bbox 1128 3892 1248 3952; x_wconf 82' lang='lat' dir='ltr'>raritate</span> <span class='ocrx_word' id='word_1_451' title='bbox 1267 3890 1311 3950; x_wconf 90' lang='lat' dir='ltr'>ni·</span> 
     </span>
     <span class='ocr_line' id='line_1_50' title="bbox 185 3911 1310 4046; baseline -0.001 -19"><span class='ocrx_word' id='word_1_452' title='bbox 185 3965 240 4028; x_wconf 85' lang='lat' dir='ltr'>rnis</span> <span class='ocrx_word' id='word_1_453' title='bbox 260 3985 347 4046; x_wconf 89' lang='lat' dir='ltr'>saepe</span> <span class='ocrx_word' id='word_1_454' title='bbox 366 3963 524 4045; x_wconf 79' lang='lat' dir='ltr'>contingit,</span> <span class='ocrx_word' id='word_1_455' title='bbox 542 3974 576 4022; x_wconf 91' lang='lat' dir='ltr'>ut</span> <span class='ocrx_word' id='word_1_456' title='bbox 594 3963 668 4026; x_wconf 85' lang='lat' dir='ltr'>boni</span> <span class='ocrx_word' id='word_1_457' title='bbox 687 3965 812 4026; x_wconf 87' lang='lat' dir='ltr'>iustitiae</span> <span class='ocrx_word' id='word_1_458' title='bbox 832 3966 896 4030; x_wconf 84' lang='lat' dir='ltr'>zelo</span> <span class='ocrx_word' id='word_1_459' title='bbox 916 3967 1059 4028; x_wconf 87' lang='lat' dir='ltr'>malorum</span> <span class='ocrx_word' id='word_1_460' title='bbox 1080 3911 1147 4028; x_wconf 88' lang='lat' dir='ltr'>odia</span> <span class='ocrx_word' id='word_1_461' title='bbox 1164 3980 1267 4030; x_wconf 87' lang='lat' dir='ltr'>contra</span> <span class='ocrx_word' id='word_1_462' title='bbox 1280 3988 1310 4028; x_wconf 90' lang='lat' dir='ltr'>se</span> 
     </span>
     <span class='ocr_line' id='line_1_51' title="bbox 186 4039 1310 4119; baseline 0.004 -19"><span class='ocrx_word' id='word_1_463' title='bbox 186 4043 378 4102; x_wconf 88' lang='lat' dir='ltr'>inflamment.</span> <span class='ocrx_word' id='word_1_464' title='bbox 426 4039 605 4100; x_wconf 88' lang='lat' dir='ltr'>Praesertim</span> <span class='ocrx_word' id='word_1_465' title='bbox 634 4061 706 4104; x_wconf 76' lang='lat' dir='ltr'>vero</span> <span class='ocrx_word' id='word_1_466' title='bbox 741 4042 913 4106; x_wconf 78' lang='lat' dir='ltr'>Christianis</span> <span class='ocrx_word' id='word_1_467' title='bbox 943 4043 1001 4106; x_wconf 86' lang='lat' dir='ltr'>boc</span> <span class='ocrx_word' id='word_1_468' title='bbox 1052 4046 1112 4108; x_wconf 76' lang='lat' dir='ltr'>uati</span> <span class='ocrx_word' id='word_1_469' title='bbox 1142 4043 1231 4106; x_wconf 80' lang='lat' dir='ltr'>fatale</span> <span class='ocrx_word' id='word_1_470' title='bbox 1259 4056 1310 4119; x_wconf 68' lang='lat' dir='ltr'>cst,</span> 
     </span>
     <span class='ocr_line' id='line_1_52' title="bbox 184 4067 1310 4203; baseline -0.001 -23"><span class='ocrx_word' id='word_1_471' title='bbox 184 4119 289 4180; x_wconf 83' lang='lat' dir='ltr'>maiori</span> <span class='ocrx_word' id='word_1_472' title='bbox 310 4116 463 4178; x_wconf 88' lang='lat' dir='ltr'>bominum</span> <span class='ocrx_word' id='word_1_473' title='bbox 482 4136 607 4177; x_wconf 90' lang='lat' dir='ltr'>numero</span> <span class='ocrx_word' id='word_1_474' title='bbox 628 4139 690 4180; x_wconf 87' lang='lat' dir='ltr'>esse</span> <span class='ocrx_word' id='word_1_475' title='bbox 709 4139 826 4181; x_wconf 85' lang='lat' dir='ltr'>exosos:</span> <span class='ocrx_word' id='word_1_476' title='bbox 847 4142 914 4182; x_wconf 88' lang='lat' dir='ltr'>caro</span> <span class='ocrx_word' id='word_1_477' title='bbox 936 4121 1013 4182; x_wconf 88' lang='lat' dir='ltr'>enim</span> <span class='ocrx_word' id='word_1_478' title='bbox 1031 4067 1185 4203; x_wconf 62' lang='lat' dir='ltr'>brangelii</span> <span class='ocrx_word' id='word_1_479' title='bbox 1203 4121 1310 4184; x_wconf 91' lang='lat' dir='ltr'>doctri·</span> 
     </span>
     <span class='ocr_line' id='line_1_53' title="bbox 186 4192 1309 4286; baseline 0.007 -36"><span class='ocrx_word' id='word_1_480' title='bbox 186 4213 253 4252; x_wconf 87' lang='lat' dir='ltr'>nam</span> <span class='ocrx_word' id='word_1_481' title='bbox 274 4194 352 4254; x_wconf 81' lang='lat' dir='ltr'>serre</span> <span class='ocrx_word' id='word_1_482' title='bbox 371 4193 489 4286; x_wconf 84' lang='lat' dir='ltr'>nequit,</span> <span class='ocrx_word' id='word_1_483' title='bbox 509 4192 581 4254; x_wconf 89' lang='lat' dir='ltr'>nulli</span> <span class='ocrx_word' id='word_1_484' title='bbox 600 4216 650 4254; x_wconf 89' lang='lat' dir='ltr'>sua</span> <span class='ocrx_word' id='word_1_485' title='bbox 669 4195 739 4256; x_wconf 87' lang='lat' dir='ltr'>vitia</span> <span class='ocrx_word' id='word_1_486' title='bbox 758 4217 827 4257; x_wconf 85' lang='lat' dir='ltr'>coar</span> <span class='ocrx_word' id='word_1_487' title='bbox 847 4197 877 4258; x_wconf 88' lang='lat' dir='ltr'>ui</span> <span class='ocrx_word' id='word_1_488' title='bbox 895 4197 1048 4258; x_wconf 87' lang='lat' dir='ltr'>sustinent.</span> <span class='ocrx_word' id='word_1_489' title='bbox 1085 4197 1215 4274; x_wconf 81' lang='lat' dir='ltr'>Propter·</span> <span class='ocrx_word' id='word_1_490' title='bbox 1231 4201 1309 4258; x_wconf 73' lang='lat' dir='ltr'>itasti-</span> 
     </span>
     <span class='ocr_line' id='line_1_54' title="bbox 185 4269 1309 4352; baseline 0.009 -26"><span class='ocrx_word' id='word_1_491' title='bbox 185 4269 257 4349; x_wconf 67' lang='lat' dir='ltr'>te&#39;onp</span> <span class='ocrx_word' id='word_1_492' title='bbox 273 4273 340 4343; x_wconf 72' lang='lat' dir='ltr'>pati</span> <span class='ocrx_word' id='word_1_493' title='bbox 364 4269 450 4346; x_wconf 78' lang='lat' dir='ltr'>dicit,</span> <span class='ocrx_word' id='word_1_494' title='bbox 475 4271 526 4352; x_wconf 90' lang='lat' dir='ltr'>qui</span> <span class='ocrx_word' id='word_1_495' title='bbox 545 4271 616 4333; x_wconf 89' lang='lat' dir='ltr'>inde</span> <span class='ocrx_word' id='word_1_496' title='bbox 640 4272 823 4334; x_wconf 86' lang='lat' dir='ltr'>maloromo</span> <span class='ocrx_word' id='word_1_497' title='bbox 848 4274 855 4288; x_wconf 87' lang='lat'><strong><em>&#39;</em></strong></span> <span class='ocrx_word' id='word_1_498' title='bbox 895 4275 951 4336; x_wconf 90' lang='lat' dir='ltr'>sibi</span> <span class='ocrx_word' id='word_1_499' title='bbox 970 4275 1103 4336; x_wconf 84' lang='lat' dir='ltr'>conflant</span> <span class='ocrx_word' id='word_1_500' title='bbox 1125 4287 1157 4338; x_wconf 90' lang='lat' dir='ltr'>et</span> <span class='ocrx_word' id='word_1_501' title='bbox 1178 4274 1309 4340; x_wconf 78' lang='lat' dir='ltr'>furorem</span> 
     </span>
     <span class='ocr_line' id='line_1_55' title="bbox 180 4348 1382 4440; baseline 0.005 -34"><span class='ocrx_word' id='word_1_502' title='bbox 180 4357 366 4432; x_wconf 79' lang='lat' dir='ltr'>provocant,</span> <span class='ocrx_word' id='word_1_503' title='bbox 392 4348 472 4426; x_wconf 89' lang='lat' dir='ltr'>quod</span> <span class='ocrx_word' id='word_1_504' title='bbox 491 4350 566 4417; x_wconf 86' lang='lat' dir='ltr'>recti</span> <span class='ocrx_word' id='word_1_505' title='bbox 590 4361 620 4412; x_wconf 89' lang='lat' dir='ltr'>ct</span> <span class='ocrx_word' id='word_1_506' title='bbox 641 4351 730 4430; x_wconf 85' lang='lat' dir='ltr'>aequi</span> <span class='ocrx_word' id='word_1_507' title='bbox 748 4350 847 4420; x_wconf 72' lang='lat' dir='ltr'>nudie</span> <span class='ocrx_word' id='word_1_508' title='bbox 871 4350 955 4417; x_wconf 83' lang='lat' dir='ltr'>malis</span> <span class='ocrx_word' id='word_1_509' title='bbox 977 4351 1070 4418; x_wconf 70' lang='lat' dir='ltr'>caruis</span> <span class='ocrx_word' id='word_1_510' title='bbox 1090 4371 1123 4438; x_wconf 76' lang='lat' dir='ltr'>se</span> <span class='ocrx_word' id='word_1_511' title='bbox 1142 4363 1307 4440; x_wconf 84' lang='lat' dir='ltr'>opponunt,</span> <span class='ocrx_word' id='word_1_512' title='bbox 1380 4369 1382 4400; x_wconf 68' lang='grc' dir='ltr'>ι</span> 
     </span>
    </p>
   </div>
   <div class='ocr_carea' id='block_1_8' title="bbox 0 0 1408 4748">
    <p class='ocr_par' dir='ltr' id='par_1_15' title="bbox 0 0 1408 4748">
     <span class='ocr_line' id='line_1_56' title="bbox 0 0 1408 4748; baseline 0 5"><span class='ocrx_word' id='word_1_513' title='bbox 0 0 1408 4748; x_wconf 95' lang='lat' dir='ltr'> </span> 
     </span>
    </p>
   </div>
  </div>
 </body>
</html>
