2808 4748
359 242 362 249 ’
445 253 607 346 ,quarm
627 267 664 315 m
683 267 809 348 nourr.
919 290 922 300 ·
1152 262 1218 324 1791
1321 333 1328 342 ,

76 402 166 474 bomo
185 401 325 484 sacrilega
348 387 515 460 temeritate
535 396 607 464 fines
626 399 864 460 suns-transilire
890 421 952 468 uon
971 400 1096 470 'dubitat
1135 401 1206 464 Scio

11 521 13 538 .
74 479 187 559 (inquit
206 477 344 538 Ieremias
363 482 411 551 tt,
430 479 504 552 22),
521 475 607 614 pund
626 495 688 537 nou
709 487 753 536 est
771 475 897 538 bominis
916 477 1054 556 viarius,
1074 479 1209 556 nervici,
1238 487 1250 544 ss

73 547 108 616 'ut
127 555 235 637 dirigat
260 575 375 636 gressus
399 571 477 612 suos.
550 551 615 631 tqui
627 552 679 634 *vir
703 552 878 614 centesimus
904 553 1027 636 quisque
1051 558 1208 638 reperitur,

74 634 126 713 qui
151 653 214 694 uon
236 631 347 723 quidvis
372 628 429 690 sibi
454 628 491 687 de
515 629 635 711 propria
660 627 802 688 industria
829 640 881 688 aut
901 629 1009 705 virtute
1034 635 1208 712 promittere

74 709 195 770 audeat:
223 707 292 768 hinc
315 707 406 780 litut
430 705 601 786 posthabito
621 705 689 764 Deo
710 704 823 785 quidvis
848 706 939 768 etiam
961 707 1120 769 machinari
1143 732 1206 775 nou

75 783 233 858 dubitent,
253 787 303 864 qui
321 783 377 846 sibi
397 796 538 864 arrogant
553 801 715 918 >prosperos
735 802 834 842 rerum
855 794 985 844 eventus.
1024 785 1109 846 Hanc
1128 787 1205 850 insa-

74 883 142 922 nam
163 861 312 923 audaciam
331 872 365 920 ut
385 858 523 920 cohibeat
535 859 560 920 (3
572 860 680 930 rietus,
721 858 843 938 uicquid
862 859 900 918 ad
912 858 988 920 vitae
1008 872 1125 922 nostrae
1145 885 1206 924 sus*-

75 939 278 998 tentationem
306 937 452 1017 pertinet,
483 957 499 996 a
530 935 591 1001 sola
621 934 681 994 Dei
700 879 921 996 benedictione
955 935 1087 1016 ‚pendere
1124 939 1207 1002 dicit:
1288 949 1291 953 “

75 1013 199 1094 perinde
219 1014 298 1080 enim
318 1025 363 1075 est
381 1012 441 1074 acsi
461 1011 588 1087 diceret,
612 1011 700 1074 stulte
720 1031 752 1073 se
770 1011 896 1093 fatigare
915 1012 1068 1087 homines,
1092 1016 1208 1099 quando

76 1092 246 1170 supervacui
270 1090 330 1152 sint
354 1108 457 1158 omues
483 1087 600 1152 labores
626 1101 656 1150 et
674 1088 767 1164 irriti,
799 1088 936 1168 profectu
965 1099 1083 1150 careant
1100 1109 1210 1156 omnes

76 1187 173 1242 curae,
194 1167 251 1228 nisi
271 1179 415 1247 quatenus
435 1162 494 1226 illis
503 1165 585 1224 Deus
604 1164 763 1226 benedicit.
804 1165 896 1240 Quod
916 1165 1023 1226 clarius
1040 1167 1211 1246 exprimitur

76 1244 153 1323 apud
163 1243 290 1318 Meam,
311 1265 400 1323 quum
421 1241 501 1302 addit
518 1241 662 1317 Christus,
682 1241 715 1308 Si
727 1262 765 1300 ne
783 1241 814 1300 id
826 1243 945 1364 puidem
959 1242 1040 1322 quod
1058 1242 1211 1305 minimum
1281 1311 1283 1316 s

76 1331 121 1381 est
145 1321 285 1400 potestis,
316 1320 387 1400 quid
412 1319 449 1378 de
483 1319 607 1380 caeteris
624 1319 694 1378 estis
712 1318 844 1382 solliciti.
887 1320 963 1380 Nam
983 1339 1017 1378 ex
1036 1319 1092 1380 illis
1110 1319 1210 1382 verbis

76 1397 145 1458 satis
166 1409 297 1470 constat,
317 1417 378 1456 non
398 1397 490 1456 solam
511 1395 701 1456 diffidentiam
722 1395 823 1476 argui,
850 1395 902 1456 sed
918 1395 1105 1476 superbiam,
1128 1398 1209 1478 quod
1317 1419 1323 1473 '.

76 1473 212 1534 homiues
231 1492 300 1532 suae
319 1470 467 1533 sollertiae
486 1471 581 1566 multo
601 1471 665 1566 plus
686 1477 773 1550 quam
791 1492 850 1606 par
866 1472 905 1534 sit
923 1483 1074 1558 arrogent.
1201 1549 1206 1559 x

154 1556 202 1614 29.
241 1549 290 1608 Ne
308 1548 492 1608 Salomonem
510 1547 624 1627 quadem
641 1561 753 1606 m'toto
768 1569 877 1623 goram
920 1548 1030 1610 Sensus
1050 1559 1111 1622 est,
1136 1569 1211 1629 quae

76 1627 108 1687 in
129 1624 229 1686 herbis
250 1637 280 1684 et
299 1625 423 1684 floribus
442 1625 555 1684 relucet
566 1625 624 1684 Dei
644 1615 819 1706 benguitas,
838 1643 975 1706 superare
995 1619 1212 1705 quicquid-suis

77 1701 204 1784 opibus,
231 1701 446 1836 potentia.‚·vvel
466 1701 525 1764 alio
545 1702 761 1781 quovismodo
781 1701 916 1762 homiues
935 1713 1071 1782 possunt:
1103 1715 1137 1763 ut
1150 1715 1212 1764 sta-
1239 1771 1245 1782 s
1347 1733 1351 1749 s

11 1803 13 1830 ι
75 1791 162 1840 tuant
174 1779 231 1840 fide
245 1799 284 1851 es,
306 1778 380 1844 nihil
399 1778 456 1838 sibi
476 1779 511 1840 ad
523 1778 692 1859 perfectam
713 1777 827 1856 copiam
841 1775 956 1850 delore,
975 1779 1104 1857 quamvis
1117 1779 1213 1839 desint
1262 1798 1264 1810 ·

11 1859 13 1890 ⁵
75 1857 178 1917 omnia
202 1855 398 1930 adminicula,
418 1855 509 1916 modo
534 1876 593 1916 una
615 1855 712 1938 vigeat
729 1854 789 1914 Dei
814 1853 993 1916 benedictio
1030 1853 1065 1916 γ0
1087 1859 1213 1931 exiguae
1245 1885 1250 1908 ι

65 1931 155 2012 fidei.
195 1933 264 1992 Non
285 1931 336 1992 abs
361 1951 394 1992 re
419 1931 472 1993 bac
498 1931 530 1992 in
549 1945 634 2012 parte
654 1931 803 1993 deiectum
823 1931 870 1993 vel
889 1930 1130 2008 imbecillitatem,
1142 1933 1212 1997 fidei
1241 1975 1242 1978 ,

12 2063 13 2076 ,
76 2009 214 2071 Christus
232 2020 361 2070 accusat:
380 2030 439 2087 quo
460 2008 537 2072 erim
554 2010 649 2090 magis
668 2009 830 2100 ppaesentis
841 2007 917 2069 vitae
938 2029 1006 2068 cura
1026 2026 1081 2087 pro
1101 2010 1214 2090 ingenii
1263 2048 1267 2057 f
1306 2044 1313 2052 ·

75 2086 171 2148 nostri
191 2086 321 2146 crassitie
340 2085 494 2160 afficimur,
515 2105 551 2144 eo
572 2106 604 2146 se
623 2105 713 2166 magis
733 2085 834 2165 prodit
852 2096 953 2146 nostra
969 2085 1138 2160 infidelitas,
1157 2086 1213 2146 nisi

75 2162 175 2230 omnia
197 2182 231 2220 ex
246 2168 321 2224 'voto
341 2183 374 2222 su

11 2223 13 2246 '
59 2238 227 2318 ¹tolerabili
246 2238 349 2300 saltem
369 2181 426 2298 dle
445 2235 571 2316 praedati
589 2237 743 2308 videntur,
773 2236 810 2297 ad
835 2237 954 2317 inopiae
979 2237 1143 2317 perieulum
1163 2258 1212 2301 ex·
1285 2302 1289 2310 ,

73 2326 245 2396 pavescunt.
338 2373 341 2378 .

79 2585 81 2592 ,
117 2527 202 2626 (so)
243 2541 491 2624 marcum.
534 2541 586 2608 31.
605 2542 658 2608 ne
683 2542 752 2609 sais
772 2543 869 2626 igitur
888 2537 1035 2622 soture,
1058 2538 1213 2622 arcentes,

74 2645 183 2733 Quid·
205 2643 352 2722 edemus,
390 2655 444 2708 aut
471 2643 551 2732 quid
575 2641 744 2720 bibemus,
776 2645 831 2707 aut
857 2639 977 2729 quibus
1008 2644 1213 2729 operiemur?
1285 2631 1306 2723 ¹,

72 2751 126 2814 32.
148 2746 233 2812 Nam
257 2747 365 2810 omnia
387 2747 447 2810 ista
469 2743 594 2811 Gentes
616 2746 802 2830 exquirunt:
821 2746 913 2810 novit
933 2746 1018 2810 enim
1040 2730 1137 2812 Pater
1156 2767 1221 2811 ve·-

11 2905 13 2910 ,
73 2857 143 2915 ster
171 2845 337 2924 eoelestis,
371 2846 462 2932 quod
484 2844 567 2933 tipus
594 2845 740 2911 habeatis
767 2846 817 2910 his
845 2844 1009 2934 omnihus.-
1048 2847 1101 2912 33.
1122 2845 1212 2932 Quin

11 2937 13 2982 t
74 2953 186 3036 potius
197 2949 349 3034 quaerite
364 2951 501 3033 primum
523 2971 655 3036 reguum
667 2946 741 3025 Dei,
763 2955 795 3012 et
814 2948 966 3013 iustitiam
979 2949 1058 3027 eius,
1078 2939 1111 3013 e't
1131 2948 1212 3013 haee

75 3054 189 3117 omnia
213 3047 408 3116 adiicientur
427 3049 532 3115 vobis.
580 3050 631 3116 34.
656 3047 710 3112 -Ne
732 3049 800 3116 sitis
819 3049 915 3133 igitur
936 3046 1067 3115 solliciti
1087 3051 1122 3115 iu
1144 3039 1212 3114 cra-

75 3156 212 3218 stinum:
234 3169 308 3214 nam
331 3151 489 3237 crastinus
511 3149 582 3216 dies
602 3159 721 3216 euram
733 3146 870 3220 habehit
888 3151 939 3216 sni
960 3151 1070 3236 ipsius,
1090 3137 1211 3217 sufficit

11 3305 14 3326 ,
73 3275 136 3318 sna
159 3251 230 3318 diei
252 3243 411 3338 pliliotio.¹
1077 3275 1081 3286 ¹

160 3381 266 3452 LUC.
287 3382 356 3446 ΧΗ.
397 3381 448 3446 29.
469 3380 512 3478 dit
531 3403 591 3447 vos
612 3381 715 3448 nolite
737 3405 903 3470 quaerere,
927 3384 1006 3470 quid
1029 3388 1115 3450 esuri
1134 3389 1212 3466 sitis,

77 3500 132 3555 aut
154 3485 237 3574 quid
258 3481 401 3562 bibituri,
424 3492 456 3547 et
477 3480 580 3548 nolite
603 3487 644 3548 in
659 3481 797 3548 sublime
818 3484 899 3550 tolli.
940 3487 992 3552 30.
1011 3487 1105 3553 Haeo
1125 3480 1211 3562 enim

56 3584 188 3656 'omnia
217 3583 345 3650 Gentes
369 3582 483 3650 mundi
510 3593 677 3670 quaerunt.
725 3585 821 3650 Pater
847 3595 953 3654 autem
979 3597 1088 3654 vester
1111 3587 1211 3666 nouit,

77 3689 170 3776 quod
190 3687 263 3753 istis
285 3705 368 3770 opus
388 3681 544 3757 babeatis.
590 3685 641 3749 31.
668 3684 757 3778 Quin
779 3688 887 3772 potius
912 3689 1057 3775 quaerite
1078 3695 1210 3770 reguum

77 3791 160 3870 Dei,
182 3797 217 3854 et
234 3786 320 3849 -haec
341 3787 450 3850 omnia
472 3784 665 3851 adiicientur
684 3785 786 3851 vobis.
828 3787 878 3866 32.
898 3787 979 3854 Noli
999 3788 1128 3864 timere,
1153 3785 1228 3871 pu-'

77 3891 152 3956 sille
187 3907 282 3975 grex,
312 3887 393 3971 ¹quia
422 3883 648 3971 complacitum
679 3898 728 3955 est
753 3889 842 3953 Patri
871 3899 980 3962 vestro
1009 3885 1091 3966 dare
1116 3884 1212 3954 vobis

42 4065 44 4070 s
77 4007 225 4079 regnum.
330 4025 344 4052 .·

156 4148 243 4217 Idem
265 4145 316 4226 qui
331 4144 494 4225 tuperioris
520 4143 672 4209 doetrinae
696 4165 802 4226 scopus
822 4157 882 4218 est,
912 4155 946 4206 nt
968 4129 1214 4240 fideles-patetne

79 4226 139 4287 Dei
154 4243 237 4304 veura
253 4221 369 4297 conlisi,
397 4234 427 4282 et
452 4241 644 4318 quaecunque
668 4221 725 4282 sibi
749 4221 911 4284 necessaria
936 4240 998 4284 esse
1017 4233 1154 4288 sentiunt
1175 4219 1228 4288 ab'

81 4323 119 4362 eo
139 4310 311 4382 sperantes,
339 4319 516 4379 supervacua
539 4309 683 4362 annetate
706 4319 739 4360 se
761 4320 823 4360 non
850 4299 1025 4366 excrucient.
1068 4299 1214 4374 We!

82 4401 143 4446 esse
163 4388 245 4442 vetat
265 4376 312 4438 vel
331 4397 484 4456 quaerre,
512 4375 599 4444 'sicuti
625 4376 975 4516 h³b“’¹⁴¹⁸⁰³³²1¹2¹irm⁹⁸
995 4397 1098 4454 eornm
1117 4397 1214 4452 mnae,

212 4571 231 4606 Ι

397 2211 398 2214 ,
419 2173 509 2220 etant
540 2155 653 2251 'Itaque
673 2161 827 2239 permulti,
855 2160 904 2240 qni
925 2160 1064 2234 inrebus
1085 2162 1212 2226 maximis
1306 2186 1313 2200 ’
