2808 4748
83 2067 87 2086 ¹
192 2073 239 2133 sit.
278 2072 350 2147 Quo
371 2069 505 2150 exemplo

181 209 238 316 ιιι
344 235 497 308 8ΕοΤ10
517 241 570 302 tv,
608 237 684 299 lesu
704 198 889 308 aarrrshtus
909 249 949 298 er
971 249 1146 300 renatare.

182 374 413 470 tundem‘raepe
431 384 509 458 valet
526 386 559 446 in
579 381 731 465 Scriptura
744 402 784 444 -ac
802 380 892 462 Legis
910 379 1096 456 observatio,
1123 379 1212 442 etita
1230 379 1318 444 hunc

184 469 282 530 locum
302 483 451 553 exponere
469 463 556 536 licet,
581 459 758 542 Oportuisse
778 457 945 532 Christum,
976 475 1011 516 ex
1030 477 1091 536 quo
1110 467 1217 537 sponte
1236 457 1317 540 Legi

185 565 223 608 se.
236 543 419 616 subiecerat,
438 539 524 602 omni·
538 557 573 598 ex
591 547 676 618 parte
694 555 760 596 eam
783 553 908 610 serrare
946 533 1014 616 Ego
1034 544 1134 594 tamen
1151 534 1318 615 simplicius

185 611 320 701 accipere
344 619 421 680 malo
451 617 483 682 in
507 615 586 675 hunc
609 612 746 688 modum,
774 611 834 672 acsi
858 611 974 670 dixisset
997 609 1148 686 Christus,
1181 609 1217 670 de
1248 632 1319 672 mea

186 697 328 780 dignitate
347 714 426 756 nunc
446 692 550 754 omitte
565 690 667 770 ioqui:
692 707 790 768 neque
810 687 889 748 enim
908 687 939 747 id
957 687 1069 769 agitur,
1095 698 1161 748 uter
1180 699 1317 748 nostrum

165 774 281 836 *altero
300 774 339 834 sit
356 770 566 852 praestantior,
597 765 648 827 sed
695 766 771 826 otius
794 763 986 844 spectandum
1012 775 1070 840 est,
1101 763 1172 845 quid
1196 766 1318 826 vocatio

188 860 290 911 nostra
308 847 457 930 postulet,
482 856 512 905 et
537 842 608 938 quid
632 787 717 903 nobis
743 839 846 901 aDeo
867 840 956 900 Patre
981 840 1146 902 iniunctum
1169 840 1215 901 sit.
1239 842 1317 902 „Ista

188 926 267 988 enim
287 924 431 1009 generalis
450 918 627 1001 suscipiendi
651 917 788 999 baptismi
806 915 884 977 ratio
904 917 961 976 fuit
980 915 1115 990 Christo,
1138 927 1172 977 ut
1196 916 1316 998 plenam

188 1001 389 1064 obedientiam
408 1007 568 1082 praestaret
585 995 681 1056 Patri:
700 992 835 1074 specialis
854 1003 969 1075 autem,
995 998 1036 1053 ut*
1046 991 1220 1073 baptismum
1240 1015 1318 1056 con-

189 1088 319 1142 secraret
336 1080 368 1139 in
387 1097 440 1138 suo
460 1073 551 1154 ipsius
570 1093 606 1132 co
645 1091 707 1147 ore,
726 1083 759 1131 ut
778 1069 868 1132 nohis
886 1069 1049 1131 communis
1068 1091 1134 1130 cum
1154 1089 1191 1131 eo
1211 1083 1296 1132 esset.

265 1162 313 1222 11.
352 1150 434 1215 Muta·
450 1171 524 1227 opus
542 1162 583 1208 est
637 1209 640 1218 .
678 1161 706 1208 te
729 1147 901 1224 samanar..
927 1146 1051 1207 Certum
1079 1157 1138 1222 est,
1166 1145 1316 1210 Christum

189 1251 253 1294 non
271 1230 362 1292 modo
381 1228 525 1310 insignem
543 1225 724 1320 Prophetam
743 1246 759 1284 a
778 1223 892 1284 Ioanne
912 1221 1001 1284 fuisse
1020 1222 1160 1305 agnitum,
1179 1234 1213 1285 ut
1231 1224 1318 1284 multi

187 1310 291 1396 inepte
309 1305 468 1381 somniant,
487 1301 538 1364 sed
557 1301 666 1362 Fihum
684 1300 753 1377 Dei,
773 1312 808 1360 ut
827 1310 905 1361 erat:
925 1299 1057 1379 alioquin
1075 1300 1197 1361 iniurius
1216 1299 1320 1372 luisset

189 1385 277 1460 Deo,
300 1394 429 1445 sanctam
451 1380 514 1442 eius
532 1379 718 1442 vocationem
737 1375 858 1458 homini,
869 1376 988 1437 mortali
1005 1375 1189 1438 submittens.
1230 1377 1319 1438 Unde

190 1473 289 1524 autem
307 1457 480 1532 innotuerit,
500 1456 611 1518 discant
630 1454 690 1515 lect
711 1474 757 1516 res
776 1473 812 1514 ex
829 1453 949 1514 Ioannis
969 1468 1031 1534 cap.
1050 1458 1079 1528 1,
1098 1459 1145 1518 15.
1168 1453 1241 1514 Erat
1251 1454 1318 1534 qui-

191 1537 258 1598 dem
282 1536 356 1596 haec
381 1531 543 1614 probabilis
572 1552 693 1594 recusau
718 1532 725 1547 ‘
750 1550 847 1607 causa,
876 1529 958 1608 quod
982 1528 1132 1609 baptismo
1150 1529 1224 1590 nihil
1242 1551 1318 1612 opus

189 1613 282 1676 habet
300 1610 450 1688 Christus,
468 1606 521 1672 sed
539 1609 572 1670 in
592 1613 629 1676 eo
649 1606 842 1669 hallucinatus
862 1617 906 1668 est
924 1607 1067 1681 loannes,
1087 1605 1166 1744 quod
1186 1626 1248 1667 non
1269 1627 1319 1666 ex-

191 1687 305 1771 pendit,
324 1687 449 1748 aliorum
469 1708 554 1748 causa
577 1685 751 1767 baptismum
770 1682 808 1744 ab
829 1702 866 1743 eo
886 1682 957 1764 peti.
996 1681 1069 1744 Ideo
1118 1683 1225 1743 hristus
1244 1704 1319 1744 con-

158 1823 164 1834 ,
191 1765 320 1826 siderare
339 1785 405 1826 eurn
425 1763 520 1840 iubet,
540 1762 612 1843 quid
631 1771 783 1841 susceptae
802 1758 877 1820 servi
897 1778 1041 1841 personae
1060 1759 1231 1834 conveniat,
1250 1760 1319 1841 quia

191 1841 356 1904 voluntaria
376 1839 521 1902 subiectio
542 1837 616 1899 nihil
635 1836 840 1920 derogateius
860 1836 982 1919 gloriae.
1019 1835 1083 1896 Etsi
1096 1847 1193 1896 autem
1205 1847 1318 1896 tantum

192 1918 287 1980 virum
328 1939 373 1980 ars
391 1916 488 1997 aliqua
505 1915 635 1976 muneris
654 1914 698 1976 sui
717 1913 754 1974 ad
772 1924 890 2003 tempus
906 1911 1001 1988 latuit,
1020 1931 1080 1984 non
1092 1923 1191 1972 tamen
1203 1911 1320 1986 obstitit
1393 1925 1394 1954 ³

192 1939 498 2076 particularis'error,
523 1991 595 2129 guin
618 1989 677 2051 rite
701 2001 732 2050 et
753 1988 885 2072 legitime
904 1989 1052 2070 Baptistae
1076 1988 1179 2050 officio
1202 1987 1319 2051 iunctus
1393 2021 1394 2038 ι

546 2087 683 2142 ocemur,
702 2087 765 2126 non
790 2077 904 2126 temere
923 2066 1036 2140 facere,
1056 2066 1106 2144 qui
1123 2065 1285 2126 iniunctam
1299 2079 1321 2127 'a
1393 2065 1394 2090 ²

193 2149 326 2210 Domino
346 2145 528 2229 provinciam
546 2144 661 2206 obeunt
683 2162 740 2224 pro
763 2141 952 2204 revelationis
975 2139 1082 2217 modo,
1106 2141 1234 2222 quamvis
1257 2162 1322 2202 non

170 2225 291 2288 *statim
310 2234 511 2303 assequantur,
530 2219 669 2314 quicquid
688 2219 838 2285 vocationi
857 2239 1000 2280 annexum
1020 2229 1074 2292 est,
1092 2215 1141 2277 rel
1159 2217 1196 2279 ab
1217 2237 1250 2278 ea
1271 2219 1322 2279 de-
1393 2291 1394 2298 ἵ

217 2301 315 2363 εηᾶει
329 2315 338 2332 “
353 2299 490 2362 Notanda
510 2311 607 2382 ettam.
618 2298 680 2360 eius
699 2297 856 2373 modestia,
881 2295 963 2378 quod
981 2295 1126 2356 sententia
1144 2315 1196 2356 sua
1214 2296 1326 2362 cedens

195 2323 318 2440 llbristo
337 2377 434 2439 statim
453 2376 648 2456 obtemperat.
1210 2384 1228 2444 ᾗ

270 2460 319 2522 16.
356 2453 435 2514 Ecce
457 2456 640 2530 operti'suot
662 2450 709 2510 tut
726 2447 808 2512 coeli.
832 2449 974 2526 *Aperta
991 2446 1134 2509 coelom
1152 2467 1207 2542 pro
1227 2449 1320 2509 mani-

195 2533 352 2594 festatione
361 2530 475 2627 gloriae
487 2527 622 2591 coelestis
640 2527 788 2589 interdum
807 2527 960 2607 accipitur,
978 2526 1105 2587 hicrero
1126 2536 1211 2585 ettam
1230 2525 1323 2608 signi-

196 2608 272 2670 ficat.
289 2607 413 2670 visihrlis
438 2605 517 2668 coeli
541 2605 709 2681 scissuram,
733 2605 774 2665 ita
800 2613 832 2664 nt
858 2603 1023 2684 perspicere
1048 2602 1178 2682 potuerit
1195 2602 1321 2664 Ioannes

197 2684 311 2764 aliquid
329 2685 454 2765 planetis
474 2693 506 2742 et
523 2682 606 2742 astris
624 2680 767 2761 superius.
810 2679 916 2757 Neque
940 2678 1018 2739 enim
1042 2679 1113 2757 alius
1137 2687 1236 2757 potest
1260 2698 1322 2738 esse

197 2779 297 2821 sensus
326 2758 487 2820 verborum
505 2757 628 2833 Marci,
649 2758 700 2837 qui
720 2754 806 2830 dicit,
838 2774 906 2814 eum
935 2754 1041 2816 vidisse
1072 2752 1184 2822 diffindi
1213 2754 1321 2816 coelos.

197 2833 341 2895 Subtillus
369 2845 467 2894 antem
495 2831 661 2912 inquirere,
681 2831 773 2912 qualis
797 2830 888 2889 tuerit
913 2831 1050 2907 scissura,
1075 2850 1174 2911 neque
1197 2830 1234 2890 ad
1259 2852 1321 2891 rem

228 2909 322 2970 ultum
342 2909 488 2991 pertinet,
512 2927 610 2988 neque
629 2908 719 2967 etiam
737 2905 869 2986 expedit:
890 2907 960 2986 quia
978 2907 1047 2968 satis
1067 2917 1112 2967 est
1129 2919 1247 2981 tenere,
1264 2907 1323 2969 hoc

195 2933 287 3050 hisae
305 2987 487 3068 praesentiae
498 2984 558 3044 Dei
577 2983 752 3066 symbolum.
785 2983 887 3043 Porro
907 3003 998 3076 quum
1013 2983 1111 3044 dicant
1122 2983 1323 3066 Evangelistae

197 3063 342 3143 Spiritum
360 3073 493 3125 sanctum
512 3081 529 3122 a
547 3060 661 3121 Ioanne
679 3060 783 3138 ristun,
803 3059 865 3120 eius
884 3070 970 3120 etiarn
982 3081 1066 3122 causa
1085 3059 1241 3143 praecipue
1253 3082 1321 3124 coe-

164 3147 168 3155 “
196 3138 243 3200 los
267 3137 357 3202 fnisse
381 3149 500 3220 apertos
524 3135 679 3218 probabile
705 3145 757 3197 est.
802 3136 981 3272 Quanquam
999 3157 1061 3197 non
1081 3156 1234 3219 repugno,
1254 3138 1323 3217 quin

198 3213 334 3278 Christus
354 3217 458 3291 etiem,
503 3225 626 3274 natenus
649 3212 740 3274 homo
760 3223 840 3288 erat,
866 3233 899 3273 re
922 3213 999 3274 ditus
1022 3212 1059 3274 sit
1076 3232 1145 3274 suae
1163 3213 1323 3276 vocationis

199 3290 319 3352 certior.
367 3291 467 3372 Atque
482 3235 549 3352 huc
580 3289 704 3351 tendere
723 3290 865 3362 ‚videntur
883 3288 984 3350 Luem
1006 3289 1110 3363 rerba,
1140 3299 1230 3370 qnum
1254 3287 1323 3352 dicit

199 3378 305 3427 orante
325 3367 446 3430 Christo
465 3378 583 3448 apertos
602 3367 691 3428 fuisse
711 3366 821 3428 coelos.
863 3366 927 3428 Etsi
946 3365 1025 3426 enim
1044 3386 1108 3427 suas
1128 3386 1230 3447 preces
1248 3387 1322 3428 sem-

197 3461 254 3524 per
272 3441 305 3503 in
323 3443 449 3505 aliorum
467 3463 553 3505 usum
572 3442 740 3518 destinarit,
760 3464 834 3524 opus
852 3454 952 3503 tamen
971 3441 1074 3503 habuit
1091 3442 1251 3503 secundum
1269 3443 1323 3504 ho-

199 3519 325 3596 minem,
351 3542 441 3612 quum
459 3532 520 3581 tam
539 3519 662 3580 arduum
681 3520 800 3581 militiae
819 3537 913 3602 genus
932 3538 1084 3602 aggressus
1104 3530 1169 3595 est,
1186 3518 1323 3602 singulari

200 3596 328 3677 Spiritus
346 3605 454 3676 uirtute
472 3594 594 3658 armari..
626 3595 687 3656 Sed
706 3596 754 3658 hic
773 3597 910 3656 oriuntur
929 3596 1005 3656 duae
1023 3595 1220 3676 quaestiones:¹
1245 3597 1324 3676 prior

200 3684 260 3749 est,
285 3693 340 3734 cur
356 3686 424 3732 mro
443 3672 629 3734 descenderit
652 3673 684 3750 in
705 3671 854 3734 Christum
874 3671 895 3732 S
919 3671 1027 3749 iritus,
1040 3673 1091 3752 qui
1115 3672 1171 3733 iarn
1189 3675 1278 3748 prius¹
1293 3673 1323 3733 in

173 3805 178 3812 .
201 3769 239 3810 eo
259 3748 414 3828 residebat.
457 3749 543 3810 Hanc
563 3749 766 3830 quaestionem
788 3747 880 3810 solvit
898 3695 984 3809 locus
1003 3747 1114 3808 Iesaiae
1132 3753 1250 3830 61‚1.,
1295 3749 1324 3808 ui

105 3841 107 3846 ’
178 3845 181 3852 ·
200 3823 272 3886 alibi
281 3825 466 3888 tractabitur:
480 3825 734 3906 SpiritusDomini
743 3825 973 3905 superme,ideo
984 3825 1065 3886 unxit
1075 3771 1324 3910 neudevmghli-

200 3903 327 3962 nandum
340 3901 518 3984 pauperibus¹
526 3903 604 3963 misit
614 3922 671 3963 me.
697 3902 837 3977 Quamvis
846 3901 1120 3984 singularispiritus
1131 3901 1223 3994 gratia
1235 3921 1325 3982 usque

201 3978 238 4036 ad
250 3978 422 4040 miraculum
434 3977 567 4040 Christus
581 3979 746 4055 excelleret,
758 3979 839 4038 dorni
852 3989 950 4038 tamen
962 3997 995 4038 se
1006 3979 1088 4058 quasi
1099 3977 1323 4059 pravatushomo

202 4055 367 4131 continuit,
395 4074 488 4136 usqne
519 4055 589 4117 dum
619 4055 827 4136 producendus
853 4065 930 4116 esset
953 4075 971 4114 a
994 4055 1091 4118 Patre.
1130 4055 1211 4116 Ero
1237 4077 1323 4131 nunc,

203 4127 273 4201 dum
291 4132 373 4193 adest
391 4143 536 4195 maturum
554 4143 686 4225 tempus,
710 4152 769 4211 quo
788 4149 822 4194 se
839 4131 876 4192 ad
895 4131 1101 4210 praestandum
1120 4074 1323 4214 Redemptoris

203 4221 308 4266 munus
327 4208 471 4298 accingat,
490 4209 702 4348 noraSgrrrtus
721 4210 829 4300 virtute
847 4207 989 4281 induitur,
1007 4207 1096 4292 idque
1115 4229 1177 4268 non
1196 4219 1255 4268 tam
1273 4229 1322 4270 sua

142 4344 146 4358 ,
205 4295 290 4362 quam
309 4284 435 4346 chorum
455 4307 547 4348 causa.
619 4285 737 4348 onsulto
757 4304 837 4345 emm
861 4283 920 4348 hoc
939 4283 1047 4344 sacrun
1065 4295 1125 4362 eat,
1150 4296 1184 4346 ut
1201 4283 1322 4346 darmam
1391 4335 1392 4346 .

205 4365 266 4412 suu
290 4355 425 4423 virtutem
455 4362 604 4446 suspicere
629 4374 662 4426 et
688 4373 859 4428 reverenter
886 4357 1022 4442 amplecti
1045 4359 1191 4426 discerent
1213 4359 1321 4434 fideles,
