2824 4756
89 2993 92 2997 ·
181 2972 227 3010 me

170 217 226 278 ts
350 162 947 271 snerl011..1osnn1snarrrsrm
965 192 1123 272 saumas.
1172 179 1176 192 ,

171 367 308 435 tempore
332 352 500 434 perveniret
525 351 561 414 ad
580 352 646 433 pios
672 373 783 414 omnes.
823 351 1085 435 Contemptrbilis,
1108 351 1218 428 fateor,
1240 353 1297 414 ista
1329 423 1331 426 .

75 443 85 458 '
173 430 322 493 custodiae
341 454 354 492 s
378 429 470 506 ecies,
495 429 546 490 sed
566 450 641 509 quae
660 440 723 490 tum
742 429 779 490 ad
794 429 981 510 probandam
1000 430 1069 500 fidei
1083 430 1298 502 bumilitatem,
1343 436 1345 442 ⁴

172 449 584 588 tumareendqr'impiornm
600 507 768 586 superbiam
780 508 888 586 optima
908 506 974 567 luit.
1010 508 1168 583 Nosrero,
1185 505 1300 568 etiamsi

174 607 236 645 non
255 583 452 644 statimrratio
473 595 625 664 appareat,
652 583 792 643 discamus
818 583 952 644 modeste
975 603 1029 644 nos
1048 583 1117 645 Deo
1143 583 1299 659 subiicere,

175 681 231 720 nee
255 661 421 741 magistram
448 659 556 720 babere
581 660 695 742 pigeat,
736 679 790 718 uae
811 657 975 734 Christum,
1006 672 1155 720 aeternam
1177 660 1233 719 Dei
1252 679 1298 720 sa-

127 751 130 754 “
176 737 333 818 pientiam,
354 748 438 797 utero
460 757 514 798 suo
534 737 662 817 gestavit.
732 735 782 794 sllil
804 747 883 795 certe
904 735 995 818 magis
1015 737 1192 812 cavendum,
1213 757 1298 816 quam

176 826 210 872 ut
228 813 378 873 fastidioso
388 824 560 893 contemptu
582 833 634 874 nus
655 811 798 890 privemus
817 811 1053 892 incomparabilis
1066 813 1165 872 arcani
1183 813 1299 888 notitia,

197 891 256 950 uod
277 889 357 948 Dens
382 888 505 970 parvulis
531 901 561 948 et
581 888 724 953 docilibus
750 888 886 948 consulto
912 889 1095 949 reconditum
1116 909 1178 950 esse
1197 887 1299 949 voluit.

175 911 285 1026 badam
306 965 507 1027 miliividetur'
526 985 589 1028 esse
608 985 702 1038 eausa,
722 985 774 1024 cur
786 965 937 1046 Virginem
957 964 1081 1047 elegerit
1089 966 1152 1026 viro
1172 966 1221 1025 des
1244 987 1301 1026 on-

150 1111 152 1120 ,
176 1064 246 1104 sam.
284 1041 471 1124 Figmentum
492 1039 631 1122 Origenis
651 1039 723 1103 nibil
743 1040 832 1102 babet
854 1041 955 1115 solidi,
978 1041 1008 1102 id
1037 1042 1141 1102 lesisse
1162 1054 1195 1101 nt
1214 985 1300 1103 data-

176 1141 243 1179 nam
258 1118 386 1192 celaret,
411 1138 497 1196 quam
518 1117 683 1178 bominibus
703 1118 823 1178 salutem
844 1117 913 1177 dare
934 1117 1062 1198 parabat.
1101 1117 1206 1178 Velum
1226 1139 1300 1201 ergo

177 1194 308 1277 coniugii
327 1193 481 1253 obtentum
507 1193 564 1254 tuit
587 1215 686 1255 eoram
711 1195 812 1254 muudi
832 1193 940 1269 oeulis,
965 1207 999 1254 ut
1017 1213 1104 1274 quem
1128 1195 1174 1254 vul
1198 1184 1302 1256 dere-

176 1271 287 1348 delt'ant
306 1290 367 1330 esse
385 1270 477 1330 filium
495 1267 615 1350 Iosepb,
634 1271 674 1351 pii
692 1271 811 1330 tandem
830 1270 887 1330 fide
907 1283 1101 1354 agnoscerent
1114 1215 1299 1332 Deil'ilium.

176 1348 246 1408 Nun
266 1345 309 1406 ita‘
325 1346 442 1426 quidem
461 1346 604 1428 inglorius
630 1347 740 1428 prodiit
760 1347 908 1422 Christus,
932 1349 1002 1430 quin
1022 1348 1186 1408 Divinitatis
1211 1349 1241 1408 in
1261 1368 1299 1409 eo

178 1423 302 1517 gloriam
329 1423 364 1483 ab
390 1422 476 1483 initio
500 1423 688 1484 illustraverit
712 1423 847 1492 coelestis
867 1423 964 1485 Pater.
1002 1423 1109 1505 Angeli
1129 1427 1206 1484 eninr
1226 1447 1303 1486 nun·

177 1511 304 1574 trarunt,
323 1511 422 1560 natum
443 1519 505 1560 esse
524 1500 718 1575 salvatorem,
738 1500 789 1559 sed
809 1522 864 1561 vox
884 1520 986 1563 eorum
1005 1513 1119 1564 tautum
1139 1523 1156 1561 a
1175 1502 1300 1582 pastori·

178 1578 231 1638 bus
251 1575 347 1636 andita
366 1597 428 1636 nou
447 1576 538 1660 longe
557 1578 690 1638 manavit.
728 1577 902 1637 Miracnlum
922 1599 1013 1637 unum
1027 1577 1144 1638 celebre
1163 1597 1226 1638 esse
1246 1599 1301 1658 po·
1397 1612 1399 1643 2

135 1663 138 1672 '
177 1653 250 1727 tuit,
270 1652 349 1731 quod
369 1651 474 1732 passim
493 1655 649 1736 vulgarunt
668 1654 762 1736 Magi,
782 1653 832 1733 qui
853 1653 889 1713 ab
911 1653 1036 1714 Oriente
1054 1665 1210 1730 venerant,
1231 1655 1301 1715 stel-

179 1730 236 1789 lam
256 1729 310 1788 sibi
332 1731 496 1809 apparuisse
515 1731 620 1792 summi
641 1730 728 1810 Regis
748 1731 810 1790 nati
831 1740 945 1790 testem.
976 1729 1115 1792 Videmus
1136 1742 1248 1806 tamen,
1267 1743 1301 1792 ut

178 1807 260 1866 Deus
280 1805 388 1866 Filium
413 1828 496 1867 snum
523 1808 604 1886 qnasi
633 1807 663 1866 in
695 1807 813 1866 occulto
843 1804 1162 1883 continuerit,·donec
1188 1807 1302 1868 reniret

176 1895 292 1963 tempus
311 1881 415 1962 plenae
435 1883 690 1944 manifestationis:
707 1895 777 1942 tnnc
789 1882 867 1943 enim
880 1885 961 1966 quasi
979 1883 1124 1944 theatrum
1144 1883 1187 1944 illi
1202 1885 1302 1962 erexit,

178 1960 210 2020 in
231 1980 291 2038 quo
312 1959 487 2039 conspicuus
513 1960 599 2019 foret.
628 1959 834 2039 xParticipium
857 1967 1103 2032 μεμνηςευμένην,
1125 1983 1183 2052 quo
1211 1963 1302 2021 utitur

177 2035 373 2117 Evangelista,
392 2035 536 2116 significat
554 2056 664 2116 sponso
684 2035 854 2116 promissam
873 2048 943 2096 tunc
962 2037 1048 2097 luisse
1068 2039 1220 2120 virginem,
1239 2058 1303 2098 non

94 2163 100 2176 ,.
178 2124 276 2174 autem
295 2111 399 2172 marito
419 2132 538 2186 uxorem
558 2112 701 2176 traditam.
740 2109 883 2172 Sollenne
903 2113 982 2174 enim
1001 2114 1076 2194 apud
1096 2112 1219 2174 ludaeos
1239 2125 1302 2174 erat

175 2185 365 2270 parentibus,
391 2186 460 2249 filias
485 2189 560 2268 apud
587 2209 618 2249 se
639 2186 720 2248 domi
743 2187 909 2267 aliquandiu
933 2193 1050 2262 tenere,
1067 2197 1233 2271 {postquam
1254 2210 1302 2250 eas

180 2265 250 2326 viris
270 2265 503 2345 desponderant:
524 2264 636 2346 alioqui
654 2263 710 2339 lex‘,
729 2285 804 2344 qnae
818 2265 856 2325 de
873 2277 998 2344 sponsae
1011 2288 1096 2327 eorru
1120 2267 1201 2326 tione
1213 2276 1304 2326 exstat

178 2341 344 2402 Deuteron.
363 2347 415 2417 22,
436 2347 499 2418 13.,
517 2353 701 2422 ‘supervacua
721 2341 831 2404 luisset.
876 2343 985 2434 loseph
1010 2343 1080 2404 dicit
1098 2289 1190 2406 buras
1215 2343 1303 2405 luisse

179 2439 213 2480 er
233 2438 342 2501 genere
361 2417 471 2494 David,
492 2417 559 2501 quia
579 2419 702 2506 lamiiipe
722 2419 851 2478 virorum
871 2418 1040 2480 nominibus
1059 2420 1172 2482 censeri
1189 2418 1301 2480 solenti
1339 2490 1341 2493 .
1399 2501 1400 2504 Ἴ

180 2495 292 2577 quade
313 2515 345 2554 re
364 2494 432 2556 alibi
451 2495 535 2575 plura
555 2495 661 2557 dicturi
681 2518 786 2556 sumus.
1214 2553 1216 2560 ,

209 2627 213 2635 .
255 2577 302 2636 28.
340 2571 417 2649 Aue,
433 2576 562 2648 gannim
580 2587 759 2652 consequantu
781 2572 880 2647 -Quia
903 2586 949 2635 stu
972 2572 1056 2634 enda*
1071 2584 1101 2632 et
1126 2571 1188 2632 lere
1207 2573 1302 2632 inere·

181 2647 277 2720 dibilis
293 2659 360 2722 ,crat
379 2647 498 2729 legatio,
518 2671 534 2710 a
554 2649 809 2714 commendatione
829 2651 937 2740 gratiae
989 2652 1015 2719 ei
1034 2650 1182 2730 praelator
1200 2648 1302 2730 Ange-

182 2724 235 2784 lus.
273 2723 312 2782 Et
343 2735 422 2783 certe
443 2745 532 2802 quum
556 2745 613 2804 pro
639 2725 722 2784 tenui
747 2724 958 2806 intelligentiae
983 2747 1051 2786 suae
1071 2725 1192 2790 modulu
1211 2725 1302 2806 magis

115 2862 122 2875 ,
180 2810 319 2880 angustae
344 2798 545 2859 sint-nostrae
565 2812 690 2876 mentes,
723 2822 810 2880 quam
842 2807 875 2860 ut
905 2802 1073 2862 immensam
1103 2822 1224 2882 operum
1244 2802 1303 2862 Dei

180 2895 226 2934 ma
250 2873 409 2934 nitudinem
430 2875 560 2966 capiant,
583 2877 727 2956 optimum
748 2875 804 2938 hoc
824 2879 985 2938 remedium
1006 2890 1064 2952 est,
1078 2899 1179 2958 ¹quum
1200 2899 1245 2940 eas
1265 2879 1302 2938 ad

229 2893 375 3012 ditandam
392 2963 511 3034 ggratras
538 2952 599 3016 eius
624 2951 797 3013 infinitatem
822 2953 970 3090 erigimus.
1018 2955 1119 3028 Quum
1144 2975 1215 3036 ergo
1236 2955 1304 3016 fidei

182 3028 267 3087 ianua
281 3027 318 3088 sit
337 3047 436 3105 sensus
457 3027 568 3102 diuinae
588 3029 739 3106 bonitatis,
759 3030 865 3092 merito
898 3052 955 3091 unc
967 3032 1101 3094 ordinem
1111 3032 1304 3118 tenetllnge·

182 3103 243 3180 lus,
269 3114 301 3162 ut
326 3105 434 3184 gratiae
453 3104 511 3164 Dei
535 3105 728 3168 meditatione
754 3117 855 3187 pectus
879 3107 999 3189 virginis
1024 3101 1183 3169 imbuendo
1209 3110 1303 3189 ipsum

182 3179 217 3238 ad
238 3179 410 3258 capiendum
429 3173 726 3262 incomprehensibile
745 3182 912 3264 mysterium
939 3183 1046 3246 dilatet.
1090 3173 1305 3265 Nam'partici-

182 3255 262 3335 pium
281 3265 490 3331 κεχαριτωμένη,
511 3279 569 3340 quo
588 3259 682 3331 utitur
691 3259 794 3342 Lucas,
848 3260 971 3321 atuitum
981 3261 1039 3322 Dei
1058 3262 1187 3324 favorem
1208 3282 1241 3321 es
1264 3261 1304 3320 ri-

181 3332 243 3406 mit,
263 3331 352 3394 sicuti
368 3333 471 3414 elarius
488 3348 571 3416 patet
591 3357 624 3398 ex
644 3336 739 3418 primo
758 3337 795 3396 ad
830 3335 960 3418 ‘phesios
979 3361 1011 3399 ca
1034 3363 1087 3416 .,v.
1106 3344 1144 3413 tn,
1164 3336 1216 3398 ubi
1227 3281 1304 3412 ¹l'pan·

182 3407 225 3468 lus
247 3408 282 3466 de
304 3411 488 3469 nostrarum
509 3413 575 3472 Deo
596 3413 836 3474 reconciliatione
855 3426 981 3476 tractans
1014 3475 1016 3477 ,
1043 3435 1103 3490 eus,
1122 3414 1228 3493 inquit,
1248 3435 1303 3475 nos

183 3484 211 3542 in
233 3482 308 3545 Filio
329 3505 382 3544 sno
403 3486 510 3547 dilecto
533 3491 711 3565 ἒχὰρίτωσεν,
733 3489 789 3550 hoc
810 3500 869 3566 est,
894 3459 1008 3572 recepll
1032 3491 1060 3550 in
1081 3507 1160 3556 suam
1181 3495 1304 3572 gratiam

181 3572 212 3619 et
231 3559 329 3620 lavore
348 3562 514 3642 complexus
536 3576 589 3638 est,
610 3565 659 3644 qui
679 3564 757 3644 prius
777 3565 886 3626 inimici
900 3586 1022 3639 eramus.
1060 3567 1168 3628 Postea
1186 3567 1305 3628 subiicit

180 3634 321 3720 Angelus,
340 3634 436 3696 Darem
454 3639 519 3699 man
536 3643 602 3714 ipso
619 3663 700 3700 esse..
726 3643 804 3702 Nam
820 3664 893 3722 quos
913 3665 1011 3704 amore
1031 3665 1085 3722 suo
1106 3644 1239 3739 dignatus
1259 3654 1304 3704 est

180 3713 271 3775 semel
290 3712 386 3784 Deus,
410 3713 466 3774 illis
486 3736 519 3774 se
537 3718 696 3796 propitium
717 3730 747 3778 et
765 3719 928 3780 beneficum
949 3719 1084 3795 exbibet,
1108 3740 1225 3801 suisque
1251 3719 1306 3781 be·

16 3781 18 3791 ’
94 3839 105 3854 .
182 3791 292 3853 ncficiis
318 3801 405 3850 ornat
430 3803 459 3850 et
483 3793 679 3874 prosequitur.
728 3794 801 3855 Ideo
834 3795 949 3857 additur
978 3799 1097 3858 tertium
1128 3796 1305 3870 membrum,

182 3867 261 3946 qnod
284 3863 429 3926 medius
451 3868 488 3926 sit
508 3868 591 3959 ⁴inter
613 3871 760 3962 mulieres.
798 3873 1041 3963 Benedictionem
1062 3873 1140 3948 enim
1156 3885 1305 3953 tanquam

182 3943 328 4013 ellectum¹
347 3955 377 4004 et
400 3943 607 4023 probationem
631 3947 720 4006 drvrm
745 3948 851 4010 sarorrs
882 3950 976 4029 ponit.
1020 3951 1125 4032 Neque
1145 3950 1222 4011 enim
1246 3970 1304 4030 pro

81 4027 99 4040 ⁹
182 4017 434 4094 laude,h1c,meo
454 4021 794 4102 iudicio,'capitur,sed
814 4028 911 4106 potius
932 4015 1100 4088 felicitatem
1120 4039 1213 4089 notat.
1250 4025 1305 4087 Sic

181 4093 287 4249 geaglus
295 4098 428 4231 figratiam
449 4096 589 4175 primum,
616 4099 722 4159 deinde
742 4121 858 4181 pacem,
883 4102 940 4163 boo
960 4115 1019 4178 est,
1044 4104 1304 4165 omuebouornm

197 4207 199 4212 .
240 4194 272 4231 us

181 4255 213 4302 ct
240 4245 343 4308 divites
371 4249 452 4326 fore,
480 4251 506 4316 si
534 4250 641 4314 aDeo
672 4251 820 4314 bonorum
849 4255 996 4322 omnium,
1012 4267 1132 4318 auctore
1161 4275 1302 4318 amemur.

179 4317 296 4396 ‘Quodsi
319 4324 427 4408 Mariae
453 4326 587 4409 felicitas,
617 4325 724 4391 iustitia
755 4341 786 4388 et
815 4331 872 4392 vita
902 4351 936 4392 ex
965 4333 1093 4422 gratuito
1114 4333 1173 4424 Dei
1199 4352 1303 4401 amore
1402 4327 1403 4354 ³

316 4172 429 4234 delibus
442 4173 562 4254 ‚precari
581 4175 673 4250 solet,
693 4175 875 4258 significans,
894 4199 949 4239 nos
969 4191 1039 4240 tuuc
1060 4180 1176 4242 demum
1197 4179 1303 4240 beatos
1369 4177 1375 4186 '
1402 4203 1403 4230 l
