2824 4756
173 309 177 322 .
207 262 247 328 ta
310 289 316 300 ι
387 256 539 324 seculo
558 255 600 318 11.
618 249 619 254 ’
638 241 777 320 toannrs
795 249 1157 322 Btrrrs'ran'naraoas.

207 405 278 466 dnm
297 413 351 476 est,
370 423 409 464 ne
427 403 501 476 falso
521 401 700 463 concordiae
719 398 876 483 praetextu
888 423 954 463 cnm
974 402 1072 484 impiis
1083 401 1179 464 ‘stulte
1196 381 1328 484 implieel

206 503 282 543 mur.
322 480 401 556 Quia
420 481 582 562 speciosum
605 501 639 540 ac
651 477 813 560 'plausibile
833 490 876 540 est
895 500 1005 540 nomen
1025 481 1117 560 pacis,
1142 480 1255 560 quoties
1275 501 1329 540 oc·
1395 497 1396 508 ¹

207 557 300 620 currit
317 558 348 617 in
369 557 534 638 Scriptura,
553 555 659 637 cupide
679 555 816 635 arripitur
834 557 851 616 ‘a
870 555 994 634 Papistis
1013 556 1049 616 ad
1070 557 1250 618 conflandam
1270 578 1328 617 no-

205 635 252 696 bis
272 634 418 709 invidiam,
438 633 518 712 quasi
537 653 603 707 nos,
622 631 672 711 qui
691 631 830 690 mundum
850 651 866 692 a
885 631 1171 712 perfidadefectionc
1190 652 1329 692 revocare

204 713 241 773 ad
256 711 403 773 Christum
423 730 573 782 conamur,
593 707 801 768 discordiarum
820 705 907 768 simus
920 721 1062 771 auctores.
1104 709 1163 769 Sed
1183 708 1241 769 boc
1255 730 1327 768 cnn-
1396 763 1397 766 ,

204 801 287 850 textu
306 787 406 866 pulcre
426 785 570 844 refellitur
589 805 690 844 eorum
711 783 834 855 inscitia,
854 784 933 864 quod
953 785 1084 868 Angelus
1103 785 1222 844 modum
1243 805 1328 846 verae

206 877 237 926 et
261 865 406 946 legitimae
430 859 629 923 conversionis
648 859 789 934 definiens
814 860 951 920 fulturam
971 861 1033 922 eius
1058 883 1091 922 ac
1110 861 1258 922 vinculum
1284 861 1327 921 fa-

205 943 247 1003 cit
264 941 407 1001 iustorum
426 937 619 1020 prudentiam.
661 935 817 996 Maledicta
843 956 915 1020 ergo
946 937 985 998 sit
1009 959 1064 1018 pax
1088 951 1118 998 et
1136 939 1245 1013 unitas,
1270 959 1327 1018 qua

204 1020 284 1080 inter
301 1037 332 1077 se
354 1025 432 1076 extra
451 1014 548 1072 Deum
567 1013 746 1084 conseribant
766 1011 908 1074 homines.
952 1013 1048 1074 Porro
1068 1015 1191 1076 minime
1208 1013 1326 1074 dubium

204 1107 263 1169 est,
290 1093 361 1172 quin
382 1111 437 1172 per
454 1089 597 1150 iustorum
616 1088 801 1168 prudentiam
820 1089 1010 1172 intelligenda
1029 1091 1066 1152 sit
1084 1092 1174 1168 fides,
1200 1091 1274 1151 sicut
1293 1110 1326 1149 ex

204 1191 223 1234 ο
246 1174 343 1252 posito
367 1166 573 1228 inobedientes
595 1176 739 1225 vocantur
761 1165 914 1226 increduli.
957 1167 1142 1228 Praeclarum
1165 1185 1235 1228 sane
1259 1167 1327 1227 fidei

202 1194 349 1329 efbgium,
370 1263 404 1304 ex
423 1263 482 1321 qno
503 1241 658 1319 discimus,
678 1254 747 1302 tunc
767 1263 822 1302 nos
841 1243 899 1303 rite
917 1263 1019 1324 sapere
1038 1244 1074 1305 ad
1093 1243 1245 1319 iustitiam,
1274 1243 1326 1303 ubi

202 1324 394 1404 obsequimur
410 1317 503 1378 verbo
513 1317 645 1377 Domini.
665 1322 675 1354 ¹
682 1318 783 1378 Habet
800 1339 881 1380 suam
901 1340 1020 1400 quoque
1039 1321 1222 1402 prudentiam
1240 1342 1327 1380 mun-

202 1404 266 1475 dus,
285 1399 336 1460 sed
355 1401 520 1477 perversam
539 1394 667 1473 ideoque
686 1394 878 1470 mortiferam,
898 1397 957 1457 imo
970 1418 1043 1476 quae
1055 1397 1188 1458 vanitatis
1208 1395 1326 1456 damna-

200 1491 265 1540 tur:
292 1493 457 1563 quanquam
476 1469 598 1552 oblique
617 1471 749 1554 Angelus
772 1471 957 1533 umbratilem
976 1474 1163 1555 sapientiam,
1194 1495 1250 1554 qua
1269 1473 1324 1533 sibi

223 1556 318 1614 lacent
341 1549 395 1609 filn
419 1547 542 1622 saeculi,
574 1569 690 1628 pravam
716 1559 746 1608 et
766 1569 865 1608 coram
883 1549 951 1609 Deo
971 1550 1154 1610 maledictam
1173 1549 1324 1632 significat.

199 1577 264 1693 lam
284 1642 435 1697 tenemus,
454 1625 496 1684 sic
515 1625 594 1684 inter
611 1643 643 1684 se
662 1623 862 1684 conciliandos
883 1645 945 1686 esse
964 1626 1115 1700 homines,
1134 1637 1168 1687 ut
1185 1627 1325 1707 imprimis

199 1707 324 1770 redeant
343 1725 409 1764 eum
420 1702 487 1762 Deo
506 1702 535 1760 in
557 1701 755 1763 concordiam.
796 1699 886 1775 Quod
907 1723 1023 1764 morse
1045 1707 1123 1764 uitur
1142 1702 1325 1784 deiparsnta

199 1783 332 1847 Domino
361 1778 450 1861 plebe
480 1778 612 1858 perfecta
644 1798 710 1837 cum
741 1775 793 1837 illo
824 1776 958 1838 membro
992 1727 1145 1854 cobaeret,
1181 1780 1323 1841 loannem

201 1859 314 1922 Christi
339 1875 517 1937 praeconem
543 1853 688 1927 futurum,
719 1864 752 1912 ut
779 1866 846 1914 ante
872 1853 975 1915 faciem
1001 1858 1062 1918 eius
1085 1856 1227 1917 ambulett
1258 1855 1324 1915 linis

199 1937 278 1998 enim
298 1929 525 2026 praedicationis
546 1930 605 1989 eius
627 1941 703 2003 erat,
721 1929 839 2009 plebem
860 1931 984 1992 reddere
1002 1934 1144 1993 intentam
1164 1932 1324 1993 audiendae

200 2013 312 2077 Christi
345 2009 504 2069 doetrinae.
554 2006 731 2084 Quanquam
759 2007 947 2088 participium
979 2015 1232 2084 κατεσκευασμένον
1261 2007 1333 2068 non'*
1396 2018 1397 2027 ¹

197 2103 258 2152 tam
277 2084 491 2170 perlectionem
511 2093 596 2144 sonat
616 2080 754 2158 Graecis,
802 2105 867 2144 uam
888 2083 1012 2144 formam
1034 2096 1063 2143 et
1083 2085 1322 2160 concinnitatem,

197 2171 256 2258 qua
275 2186 322 2225 res
341 2163 377 2224 ad
396 2183 480 2221 usum
499 2181 582 2221 suum
602 2170 747 2238 aptantur.
781 2105 873 2236 (δοκε
893 2161 1066 2296 siqnilicatin
1086 2161 1233 2240 praesenti
1253 2161 1321 2220 locn

197 2257 261 2305 non
280 2239 356 2300 male
375 2236 541 2318 quadrabit:
567 2236 647 2317 quod
673 2235 787 2297 scilicet
810 2239 913 2298 mitten
937 2259 968 2298 us
993 2238 1029 2297 sit
1049 2237 1175 2298 loannes
1200 2238 1236 2297 ad
1256 2237 1320 2318 ple-

196 2322 267 2383 ber'n
279 2316 397 2380 Christo
417 2313 572 2394 aptandam
591 2311 637 2373 vel
656 2312 849 2392 formandam,
869 2334 942 2396 quae
962 2313 1030 2376 alias
1050 2313 1129 2376 rudis
1143 2326 1173 2375 et
1190 2313 1321 2396 impolita

196 2415 345 2488 nunquam
364 2411 396 2454 se
417 2390 541 2455 docilem
561 2389 749 2474 praebuisset.

162 2735 173 2752 ,
237 2640 297 2748 (4.)
318 2659 465 2728 noct
507 2659 557 2724 ts.
588 2656 630 2722 st
661 2655 740 2722 arxis
757 2658 935 2724 racanas
961 2645 1197 2744 stangnum,
1221 2653 1321 2722 onae

194 2761 482 2846 boccognoscam?
504 2757 665 2842 egoenim
686 2777 755 2820 sum
777 2781 882 2838 saner,
906 2769 938 2824 ct
952 2779 1032 2823 uror
1052 2780 1124 2822 mea
1145 2765 1320 2844 provectae

195 2867 245 2930 cst
271 2862 394 2926 aetatis.
437 2857 487 2922 19.
516 2857 558 2922 Et
582 2857 785 2939 respondens
804 2859 947 2946 Angelus
976 2857 1054 2923 dixit
1082 2862 1126 2940 ei,
1156 2858 1227 2944 Ego
1249 2865 1320 2920 sum

194 2955 351 3042 Gabriel,
379 2961 435 3046 qui
469 2967 539 3022 asto
573 2977 679 3020 coram
711 2956 803 3036 Deo,
829 2961 1006 3045 missusque
1038 2971 1107 3026 sum
1139 2969 1174 3024 ut
1203 2958 1322 3046 loquar

194 3065 247 3133 ad·
263 3075 314 3151 te,
345 3059 485 3127 ethaeo
513 3056 574 3122 tibi
609 3056 838 3142 evangelizem.
890 3062 941 3125 20.
971 3059 1014 3124 Et
1043 3082 1119 3125 ecce
1151 3063 1214 3126 eris
1243 3063 1321 3125 tuci-

192 3180 261 3247 tus,
290 3173 327 3229 nt
352 3163 445 3249 loqui
464 3179 532 3225 non
560 3160 663 3244 possis
690 3181 793 3246 usque
825 3159 866 3226 ad
896 3159 997 3240 diem,
1027 3183 1092 3248 quo
1120 3161 1202 3226 baec
1222 3161 1320 3226 licnt:

192 3290 235 3358 po
257 3263 347 3354 quod
374 3283 442 3332 non
462 3259 629 3328 credidisti
649 3258 757 3327 verbis
778 3265 874 3342 meis,
897 3285 981 3351 quae
1001 3263 1221 3350 implebuntur
1240 3273 1320 3328 tem·

191 3389 273 3459 pore
293 3387 363 3432 suo.

268 3552 315 3612 18.
353 3544 396 3616 Et
417 3541 496 3604 dr‘xit
519 3539 687 3603 Zorlanae
714 3537 757 3600 od
776 3540 932 3618 Angelum.
989 3544 1130 3627 Sequitur
1160 3492 1318 3606 bachariae

30 3641 46 3669 s
118 3670 122 3690 .
193 3623 338 3686 dubitatio
364 3632 395 3682 et
416 3641 532 3701 poena,
565 3641 650 3700 quam
678 3619 714 3678 dc
739 3616 799 3679 eius
823 3621 995 3682 infidelitate
1019 3625 1141 3704 sumpsit
1160 3621 1316 3684 Dominus.

16 4317 60 4343 '
96 4374 97 4378 ,
191 4322 236 4369 est
287 4309 630 4401 ideon·(1ud,6,17·)‚
650 4329 739 4387 quum

190 3703 330 3763 Precatns
350 3698 445 3757 fuerat
463 3719 519 3778 pro
532 3696 713 3776 impetranda
730 3694 847 3756 sobole:
868 3698 1008 3758 nuncubi
1023 3699 1213 3780 promittitur,
1232 3698 1316 3778 qnasi

165 3773 329 3862 ,uotorum
347 3795 467 3835 suornm
486 3785 517 3832 et
534 3773 602 3833 fidei
619 3773 738 3846 oblitus,
757 3771 871 3833 diffidit.
910 3776 1086 3859 Quanquam
1105 3777 1198 3856 prima
1217 3775 1318 3854 specie

190 3856 284 3919 rideri
303 3854 408 3914 durum
428 3861 543 3942 posset,
574 3849 654 3930 quod
681 3851 741 3908 eius
765 3869 906 3929 responso
927 3863 986 3911 tam
1006 3853 1133 3934 graviter
1151 3851 1318 3916 offenditur

190 3935 282 3993 Deus.
322 3927 434 3988 Oblicit
452 3946 564 3986 semum
584 3947 680 3986 suum:
699 3926 776 3984 idem
797 3925 867 3987 fecit
880 3927 1039 4004 Abrabam,
1059 3929 1138 3991 cuius
1158 3940 1317 4008 tantopere
1399 3945 1401 3960 ¹

150 4058 153 4066 ,
193 4009 328 4070 laudatur
347 4004 429 4078 fides,
448 4014 482 4062 ut
500 4001 607 4062 Paulus
628 4002 705 4061 dicat
724 4001 824 4079 (Rom.
844 4010 875 4078 4,
895 4005 967 4080 19.),
987 4027 1048 4066 non
1068 4005 1225 4084 respexisse
1245 4023 1315 4066 eor.

190 4107 245 4166 pus
269 4105 356 4176 snum
381 4091 560 4173 emortuum,
580 4098 635 4170 nec
655 4079 775 4138 effetam
797 4079 910 4176 vulpam
932 4081 1036 4157 Sarae,
1066 4083 1116 4142 sed
1143 4079 1318 4172 simpliciter

192 4177 374 4296 ⁸⁶l¹¹¹⁰l¹⁵ii
401 4156 515 4294 tlt
538 4166 660 4294 lilii?
673 4167 888 4294 diffidi
918 4156 1317 4295 fttt‘ftt'lt'tattli

190 4256 226 4296 le
278 4257 316 4297 uo
375 4253 414 4317 gu
759 4253 865 4391 duplex
882 4256 999 4393 signdin
1021 4256 1178 4394 flagitarel.
1228 4309 1317 4384 Quin

192 4385 396 4452 sumsimus
415 4386 505 4472 paulo
529 4399 596 4472 post
614 4383 724 4451 Mariae
748 4387 881 4473 exceptio
906 4385 1049 4468 refertur,
1074 4385 1237 4466 Quomodo
1261 4385 1317 4452 fiet
