2824 4756
7 2493 11 2512 ‚
61 2481 64 2488 ,
115 2433 200 2492 enim
219 2434 374 2516 Zachariae
391 2431 481 2494 secun

314 315 323 330 .
414 309 416 316 .
444 227 447 236 ’
469 223 575 304 (24-5.
594 219 725 310 Angelus
743 221 925 312 Zachariae.)
1085 212 1087 218 ,
1237 237 1258 298 5

134 370 231 432 suerat
250 369 333 453 regia
354 370 493 453 dignitas,
518 381 548 430 ct
566 369 705 450 paulatim
725 371 789 432 fere
807 375 974 436 conciderat
993 362 1173 450 dominatus,
1192 393 1256 436 non

131 459 246 530 pugnat
266 471 301 508 ea
319 448 496 528 interruptio
518 469 583 507 cum
604 448 760 529 prophetia
777 447 878 510 Iacob.
915 451 983 512 Duo
997 452 1116 512 enimin
1127 451 1255 532 speciem

131 525 245 584 diversa
266 525 437 605 promiserat
455 525 551 600 Deus:
563 537 725 614 netegnnm
744 525 809 585 fore
829 525 933 586 solium
952 529 1081 603 Doridis,
1100 522 1256 608 postquam

129 620 204 661 vero
225 601 354 660 dirutum
377 613 466 674 essct,
498 602 558 660 cius
584 602 680 662 ruinas
705 621 736 660 sc
756 602 991 662 instauraturum:
1020 617 1167 665 aeternam
1187 603 1254 664 lore

129 677 218 758 regui
239 677 414 757 potentiam,
431 673 474 736 'ct
499 688 596 736 tamen
616 677 763 737 surculum
788 679 972 758 proditurum
997 672 1033 738 εί
1053 692 1158 740 trunco
1185 680 1255 756 lsai,

83 802 85 806 .
130 773 260 832 quorum
279 765 433 832 utrumque
453 752 567 832 impleri
588 775 604 812 o
628 755 727 812 ortuit.
765 755 869 814 Passus
890 766 984 814 ester
1005 773 1023 814 o
1042 755 1121 816 Deus
1140 758 1253 837 princi-

129 841 243 910 patum,
263 851 347 909 quem
367 841 497 888 erexerat
516 828 546 888 in
565 775 643 890 tribu
659 830 743 905 Iuda,
765 830 800 890 ad
819 773 1064 910 tempuecohabi,
1102 853 1140 892 uo
1159 833 1255 893 maior

131 917 210 966 esset
233 905 334 986 populi
360 906 485 966 attentio
511 904 545 964 ad
571 907 745 986 sperandum
767 905 877 968 Christi
903 927 1036 1000 reguum.
1081 853 1179 981 Duum
1199 929 1253 970 air-

130 991 191 1040 tem
211 983 338 1062 synedrii
360 983 482 1042 interitu
505 1002 570 1062 spes
601 982 730 1042 fidelium
750 985 832 1064 quasi
859 1003 986 1062 praecisa
1010 993 1101 1073 esset,
1131 995 1254 1064 repente

127 1057 238 1118 allulsit
253 1058 410 1119 Dominus.
449 1060 509 1118 Iam
520 1078 591 1118 vero
610 1058 667 1118 hoc
686 1060 722 1119 ad
742 1061 847 1122 seriem
868 1061 1006 1120 historiae
1025 1071 1165 1138 pertinet,
1184 1061 1253 1120 dum

124 1147 247 1212 notatur
271 1147 387 1216 tempus
413 1135 457 1198 rei
481 1146 592 1216 gestae:
623 1135 674 1195 sed
705 1155 767 1196 oon
797 1149 909 1196 temere
932 1136 986 1196 sub
1010 1135 1099 1217 Regis
1132 1135 1253 1196 nominc

124 1210 212 1270 simul
232 1212 336 1272 misera
356 1213 498 1291 temporis
518 1211 649 1271 conditio
670 1223 771 1273 notata
790 1209 856 1286 fuit,
874 1225 908 1272 ut
927 1223 1122 1295 agnoscerent
1141 1211 1253 1287 Iudaei,

122 1287 290 1348 vertendos
304 1288 361 1348 iam
382 1288 484 1348 oculos
504 1288 617 1346 esseio
636 1287 788 1363 Messinm,
811 1291 835 1350 si
857 1289 953 1349 uidem
973 1289 1077 1352 foedus
1095 1287 1154 1348 Dei
1173 1287 1252 1348 bona

123 1362 183 1422 fide
208 1364 351 1425 colerent.
399 1361 567 1424 Zacharias
585 1362 621 1422 da
637 1365 697 1424 uice
714 1364 805 1426 Abin.
874 1377 956 1426 otum
980 1377 1024 1426 est
1048 1385 1083 1425 ex
1100 1385 1179 1425 sacra
1206 1363 1252 1422 bi-

102 1437 228 1513 'storia,
249 1441 408 1520 descriptas
434 1439 522 1501 luisse
548 1441 696 1500 aDavide
718 1443 902 1502 sacerdotum
927 1441 1045 1503 familias
1064 1441 1151 1501 certis
1170 1439 1252 1501 ordi·

122 1517 222 1576 nibus.
278 1516 346 1590 Qua
371 1519 401 1576 in
428 1536 461 1576 rc
486 1516 560 1576 nihil
584 1537 734 1599 aggressus
762 1531 804 1579 est
822 1518 916 1580 David
937 1530 1040 1579 contra
1055 1517 1144 1600 Legis
1163 1536 1251 1598 prae-

122 1594 275 1672 scriptum.
314 1593 518 1654 Sacerdotium
538 1592 619 1654 Deus
629 1595 747 1654 Aaroni
768 1609 797 1654 ct
817 1595 877 1655 eius
896 1593 960 1655 filiis
980 1594 1158 1729 contulerag:
1179 1593 1250 1652 reli-

145 1691 199 1731 uos
217 1669 333 1730 Levitas
354 1671 547 1730 destinaverat
566 1671 729 1737 minoribus
748 1672 862 1732 officiis.
900 1671 994 1732 In‘eo
1014 1671 1087 1730 nihil
1106 1692 1135 1730 m
1157 1681 1250 1732 tatum

121 1691 181 1806 init
201 1769 218 1806 a
237 1746 360 1821 Davidc,
380 1747 432 1808 sed
452 1746 605 1808 consilium
626 1749 688 1808 cius
709 1747 775 1824 luit,
794 1749 899 1829 partim
921 1767 1033 1818 carere,
1053 1767 1091 1806 ue
1111 1747 1180 1826 quid
1199 1758 1248 1805 tu·
1283 1745 1287 1750 ’

120 1821 269 1902 multuosc
289 1825 374 1884 fieret
391 1825 421 1884 in
440 1823 537 1897 turba,
558 1824 662 1905 partim
684 1828 769 1885 etiam
782 1845 937 1886 occurrere
949 1823 1103 1884 ambitioni
1119 1835 1150 1884 et
1160 1819 1249 1884 simul

120 1899 257 1976 efficere,
290 1921 328 1960 ne
358 1901 456 1982 paucis
481 1912 577 1960 totum
603 1923 706 1962 muniis
735 1903 769 1963 ad
794 1922 825 1962 se
850 1901 1032 1962 trahentibus
1057 1900 1151 1960 maior
1179 1921 1247 1981 pars

120 1976 217 2036 otiosa
237 1978 317 2037 domi
337 1980 461 2038 sederet.
499 1978 534 2036 ln
555 1977 603 2039 illa
623 1990 719 2038 aiitem
740 1979 947 2039 distributione
972 1991 1104 2039 octavam
1125 1976 1245 2037 classem

118 2054 218 2112 tenuit
236 2047 328 2128 Abii-l,
349 2047 424 2114 lilius
444 2054 573 2113 Eleazar.
611 2054 683 2113 Erat
703 2075 775 2138 ergo
796 2056 945 2133 Zacharias
966 2075 999 2116 ex
1019 2073 1129 2136 genere
1147 2072 1247 2114 sacer·

119 2129 223 2206 dotali,
244 2142 274 2191 ct
294 2129 410 2210 quidem
432 2151 466 2190 cx
484 2130 610 2209 posteris
621 2131 752 2206 Eleazar,
773 2133 823 2212 qui
843 2136 919 2223 patri
935 2132 968 2192 in
987 2151 1131 2192 summum
1149 2149 1245 2190 sacer-

118 2205 233 2266 dotium
261 2219 447 2268 successerat.
499 2205 661 2279 Quomodo
686 2221 789 2274 autem,
808 2208 976 2282 Elisabeth,
1007 2229 1096 2288 quum
1120 2215 1196 2266 esset
1226 2225 1244 2265 e

116 2281 234 2343 filiabus
253 2283 372 2359 Aaron,
391 2282 503 2342 Mariae
523 2294 649 2364 cognata
669 2303 734 2344 csse
750 2284 898 2364 potuerit,
922 2305 976 2344 suo
996 2281 1064 2343 loco
1084 2282 1243 2361 expediam.

113 2359 258 2419 Honoris
272 2371 352 2418 certe
375 2379 465 2420 causa.
504 2379 574 2418 enus
595 2355 746 2420 Elisabeth
764 2361 858 2419 Lu'cas
884 2367 1107 2418 commemorat:
1135 2354 1244 2416 licebat

483 2377 552 2494 dum
570 2434 681 2523 Legem
701 2433 828 2516 gregarii
847 2434 1005 2511 cuiuspiam
1017 2431 1136 2490 Levitae
1155 2429 1244 2490 filiam

114 2508 176 2571 sibi
196 2529 459 2572 uxorem-sumere.
509 2507 552 2566 Ex
570 2527 634 2586 pari
657 2508 754 2589 igitur,
767 2508 908 2590 coniugio
927 2517 1065 2588 apparet,
1093 2505 1242 2567 homiuem

113 2587 148 2664 iu
167 2607 222 2647 suo
244 2583 351 2646 ordine
369 2605 430 2644 non
450 2584 537 2646 fuisse
558 2595 769 2664 contemptum.

136 2733 138 2738 ,
193 2669 220 2728 6.
258 2663 359 2722 Εναητ
379 2658 552 2740 iristi'umdp
574 2681 674 2720 coenni
692 2661 769 2722 Deo.
816 2659 1001 2722 Praeclarum
1026 2656 1083 2736 illis
1105 2657 1242 2720 testimo·

112 2741 196 2800 nium
215 2740 329 2815 reddit,
354 2759 415 2799 non
435 2739 526 2799 modo
546 2737 629 2818 quod
645 2750 744 2798 sancte
765 2749 795 2800 et
818 2740 933 2820 integre
951 2739 1056 2800 versati
1070 2737 1144 2798 suut
1162 2737 1241 2796 ieter

113 2818 263 2892 homines,
293 2817 342 2876 sed
363 2837 462 2876 coram
481 2815 656 2880 Deoetiam
675 2815 759 2886 iusti.
796 2817 893 2878 Porro
917 2815 1055 2878 iustitiam
1074 2813 1149 2875 hanc
1168 2812 1239 2873 brc-

7 2927 8 2942 .
112 2895 189 2953 viter
221 2895 323 2953 definit
351 2892 461 2967 Lucas,
493 2891 572 2972 quod
603 2890 816 2952 ambulaverint
846 2894 877 2953 in
906 2892 1029 2953 Domini
1063 2890 1237 2971 praeceptis.

110 2971 279 3061 Utrumque
299 2970 348 3030 dili
371 2982 455 3030 enter
473 2968 649 3029 notandum:
670 2989 737 3029 nam
758 2968 811 3030 etsi
829 2972 859 3030 in
881 2969 958 3029 hunc
976 2968 1064 3029 finem
1084 2967 1242 3034 laudantur

111 3048 264 3108 Zacharias
284 3060 314 3107 et
329 2989 496 3119 Elisabeth,
519 3057 555 3105 ut
577 3045 700 3106 sciamus
719 3045 884 3122 lucernam,
905 3065 979 3126 quae
997 3043 1141 3124 praeluxit
1157 3041 1236 3102 titio

110 3123 186 3199 Dei,
205 3144 266 3184 non
288 3143 321 3182 er
340 3124 464 3184 obscura
484 3122 589 3196 domo,
608 3121 659 3182 scd
678 3121 782 3182 illustri
801 3121 1072 3203 quodamsacrario
1092 3130 1235 3199 sumptam

112 3219 190 3275 case,
215 3199 268 3260 sub
289 3219 391 3260 eorum
410 3211 508 3258 tamen
529 3197 661 3277 exemplo
682 3199 768 3270 nobis
787 3200 904 3260 interim
923 3209 1103 3258 monstratur
1119 3196 1168 3276 pie
1188 3196 1235 3255 ite-

109 3287 213 3356 steque
224 3277 341 3338 vivendi
360 3278 468 3358 regula.
507 3275 575 3334 Hoc
595 3293 627 3332 er
648 3296 667 3334 o
687 3278 717 3335 in
734 3275 792 3337 vita
811 3289 892 3336 recte
910 3274 1091 3334 instituenda
1106 3273 1235 3352 primum

110 3365 166 3428 est,
184 3366 218 3413 ut
236 3352 400 3414 studeamus
419 3371 474 3411 uos
493 3295 717 3432 probaregDeo.
757 3352 870 3413 Scimus
889 3362 997 3425 autem,
1019 3372 1072 3411 cor
1085 3352 1232 3410 sincerum

111 3442 142 3490 et
159 3433 261 3510 p'uram
282 3429 490 3489 conscientiam
514 3426 550 3487 ab
576 3446 612 3487 eo
636 3428 758 3488 maxime
776 3428 899 3519 requiri.
951 3426 1056 3507 Itaque
1078 3445 1232 3506 perversus

110 3507 167 3568 erit
185 3506 276 3579 ordo,
294 3506 319 3566 si
340 3505 403 3598 ipris
445 3503 588 3564 ostbabita
607 3504 703 3565 cordis
722 3505 892 3586 integritate
911 3515 1058 3564 externam
1076 3502 1166 3563 modo
1186 3501 1230 3562 vi-

107 3596 167 3644 tam
187 3584 219 3642 in
237 3583 410 3662 obsequium
421 3525 510 3672 Legis
529 3603 594 3640 com
619 3591 697 3641 ouat.
734 3581 908 3640 Tenendum
921 3581 997 3640 enim
1015 3579 1158 3640 memoria
1177 3587 1233 3652 ost,

106 3661 216 3733 Deum,
234 3659 269 3718 ad
290 3679 376 3738 quem
397 3677 543 3737 respicere
561 3601 706 3732 iubemur,
726 3677 788 3716 uon
803 3669 953 3716 *externam
967 3678 1091 3738 operum
1109 3655 1229 3728 larvam,

107 3737 157 3798 sed
190 3757 243 3796 cor
271 3738 429 3816 praecipue
457 3733 574 3794 intueri.
617 3734 760 3794 -Secundo
787 3734 892 3792 deinde
916 3734 985 3800 looo
1010 3731 1130 3796 accedat
1154 3727 1230 3787 obe÷

108 3813 235 3884 dientia,
266 3813 322 3872 hoc
343 3825 402 3886 est,
426 3831 464 3871 ne
483 3811 539 3870 sibi
558 3811 680 3902 quisque
705 3829 810 3870 novam
834 3810 964 3870 iustitiae
984 3809 1123 3881 forman,
1152 3821 1228 3883 quae
1268 3827 1269 3836 ¹

106 3889 269 3962 allibuerit,
299 3887 363 3948 siue
382 3887 439 3946 Dei
458 3887 550 3946 verbo
570 3887 707 3962 fabricet,
736 3887 786 3946 sed
807 3908 861 3947 uos
880 3885 938 3948 Dei
957 3887 1083 3966 imperio*
1099 3884 1226 3942 sinamus

106 3968 179 4057 regi.
217 3967 321 4044 Neque
342 3965 419 4054 epim
438 3961 510 4022 hacc
530 3963 661 4023 definitio
681 3961 857 4045 negligenda
876 3976 937 4040 est,
961 3963 1057 4022 Iustus
1079 3976 1156 4030 esse,
1176 3955 1227 4032 qui

104 4054 192 4101 vitain
216 4063 295 4100 suam
317 4039 444 4100 formant
467 4037 502 4097 ad
521 4037 607 4120 Legis
627 4053 797 4126 praeceptas
817 4059 876 4120 quo
895 4039 1038 4111 innuitur,
1058 4031 1129 4092 nihil
1148 4030 1226 4168 apud
1309 4063 1312 4069 ·
1403 4011 1404 4082 Ϊ

104 4119 203 4182 Deum
223 4137 285 4176 esse
303 4115 426 4176 ficticios
441 4135 542 4174 omnes
563 4113 666 4188 cultus,
686 4129 715 4175 et
734 4139 838 4199 vagum
858 4136 919 4176 csse
940 4135 973 4174 ac
993 4129 1150 4174 erroneum
1189 4131 1224 4170 u·

104 4193 294 4255 manacvitac
314 4214 440 4266 cursum,
459 4190 577 4254 simulac
596 4191 754 4252 disceditur
772 4193 809 4258 ab
830 4193 890 4252 eius
906 4191 1000 4271 Lege.
1037 4186 1121 4244 Inter
1133 4207 1224 4262 prue-

85 4284 187 4346 «oepto
206 4281 236 4330 et
253 4271 466 4350 tuiatJtcmtciies
485 4267 542 4332 hoc
559 4267 692 4343 interest,
711 4270 793 4350 quod
811 4263 955 4346 posterius
974 4283 1084 4326 nomen
1101 4265 1225 4346 proprie

104 4347 140 4412 ad
160 4347 276 4435 pietatis
303 4357 334 4411 et
357 4343 447 4410 divini
471 4343 564 4412 cultus
583 4345 720 4410 ueretris
737 4344 881 4421 celamur,
908 4342 988 4427 prius
1012 4351 1108 4406 autem
1133 4339 1224 4420 magis
