2816 4746
165 264 206 334 aa·
261 341 264 350 ¹
532 257 917 329 rommmrvma
954 258 958 268 ’
1130 341 1136 372 .

73 437 75 446 ¹
166 403 313 474 Fcisonas
332 409 373 470 sic
392 405 652 489 etiamEssentias,
672 404 776 479 idest,
794 416 855 466 tres
874 423 999 468 numero
1007 405 1099 484 Duos,
1117 415 1178 470 tres
1196 420 1293 470 aeter·

167 509 233 562 nos,
252 485 486 566 omnipotentes,
515 484 673 543 immensos
692 495 791 574 aperte
810 481 944 562 profiteri
964 483 1079 620 coepit,
1107 504 1203 564 eoque
1229 506 1292 547 uon

165 566 257 626 modo
276 583 390 624 sacrum
409 561 467 621 Dei
484 560 622 632 verbum,
645 559 696 620 sed
715 559 803 639 rpsius
822 559 910 618 etiam
930 557 1013 640 Syno
1035 563 1044 620 i
1063 561 1225 640 Nicaenae,
1243 583 1293 622 re-

189 643 287 702 odiato
307 652 404 710 tamen
426 635 578 700 Athanasii
596 635 755 717 Symhoio,
774 647 806 694 et
823 637 1014 696 vetustiorum
1035 638 1228 717 scriptorum,
1247 639 1293 700 vi·

166 666 275 780 delicet
293 717 411 797 Ignatii,
431 714 615 786 Tertulliani,
635 713 750 771 irenaei
771 724 802 772 et
820 711 963 772 Lactantii
984 719 1189 774 auctoritatem
1208 715 1292 777 inau-

167 796 228 856 dita
241 795 362 876 quadam
383 792 562 872 impudentia
576 791 761 868 detorquere.
792 789 877 849 Alios
897 789 975 850 enim
996 811 1097 852 omnes
1110 791 1291 854 orthodoxos

166 873 327 953 scriptores
346 869 504 930 Nicaeuam
524 866 677 947 synodum
704 877 844 945 sequutos
870 887 932 926 non
964 879 1080 930 tantum
1108 869 1293 949 repudiabat,

165 950 217 1011 sed
242 949 327 1026 etiam
353 958 386 1005 ut
411 946 525 1024 impios·
542 941 704 1024 sugillabat.
754 944 839 1003 Hanc
863 955 958 1003 autem
984 943 1192 1082 blasphemiam
1217 945 1292 1008 aliae
1401 987 1402 1020 ,

166 1043 285 1106 qnoque
306 1026 341 1085 de
361 1021 544 1105 hypostatica
564 1019 892 1110 uniones-sequebantur.
932 1020 1039 1081 Haece
1052 1021 1187 1082 anculum
1203 1017 1290 1083 initio
1400 1027 1402 1086 i

165 1105 372 1182 interprecor
391 1098 472 1178 quasi
497 1095 700 1176 disputationrs
726 1099 811 1156 ca‘usa
836 1097 959 1178 agitata,
991 1119 1116 1178 quorum
1162 1100 1291 1192 raecipui

164 1181 286 1240 fuerunt
304 1177 430 1238 loannes
450 1171 560 1233 Paulus·
574 1170 717 1249 Alciatus,
738 1172 964 1234 Mediolanensis
983 1175 1076 1248 miles,
1097 1187 1127 1234 et
1171 1196 1290 1258 rorgius

162 1255 321 1316 blandrata
333 1251 520 1325 Saiucieosis,
539 1248 723 1332 professione
736 1249 876 1325 medicus,
896 1251 1073 1332 tandemque
1086 1252 1190 1315 italico
1203 1253 1290 1313 Pres-

164 1333 287 1414 hyterio¹
308 1329 439 1388 nuntiata
466 1347 579 1387 causam
605 1347 640 1386 eo
664 1327 740 1386 endo
767 1338 845 1387 extra
866 1328 998 1387 ordinem
1026 1329 1125 1388 coetui
1144 1330 1290 1420 praebue-

164 1422 249 1482 runt,
278 1406 331 1467 ubi
363 1423 461 1465 coram
494 1402 614 1464 deiectis
635 1341 832 1488 §emtoribus
859 1404 1052 1484 omnibusque
1084 1407 1224 1466 Mimstris
1256 1427 1290 1466 ac

162 1485 355 1565 Presbyteris,
368 1481 516 1562 patienter
531 1480 635 1540 auditis
655 1492 743 1560 atque
755 1500 788 1538 ex
799 1480 963 1546 Deiserbo
973 1500 1029 1561 per
1041 1481 1196 1543 Calvinum
1208 1481 1290 1542 refu*

161 1563 240 1636 tatis,
260 1578 451 1695 quaecuuque
471 1557 513 1617 illi
525 1557 668 1695 proferre
687 1556 855 1632 voluerunt,
873 1558 913 1618 ita
932 1577 979 1620 res
999 1571 1043 1618 est
1062 1560 1238 1640 composita,
1257 1569 1290 1619 ut

111 1705 113 1714 χ
162 1640 288 1718 scriptae
302 1636 390 1696 ortho
410 1635 522 1696 oxaefi
545 1635 572 1693 ei
592 1632 770 1695 omnesltali
790 1632 885 1694 statim
905 1633 1134 1710 subscriberent,
1153 1657 1202 1696 sex
1214 1635 1288 1697 dun·
1334 1709 1337 1718 Ι

161 1727 239 1775 taxat
258 1714 399 1793 exceptis,
424 1713 474 1792 qui
492 1719 591 1771 tamen
612 1723 642 1770 et
662 1711 716 1790 ipsi
737 1722 837 1790 postea
857 1712 977 1770 seorsim
998 1711 1099 1772 vocati·
1113 1733 1202 1771 manu
1241 1713 1289 1771 ui·

164 1785 241 1864 de'm,
262 1802 291 1850 at
310 1789 400 1850 corde
420 1809 482 1848 non
503 1789 590 1861 item,
609 1799 642 1849 ut
662 1799 764 1868 postca
785 1788 928 1867 apparuit,
948 1787 1190 1868 subscripserunt.
1215 1733 1288 1848 lte.

163 1867 246 1928 diens
265 1867 357 1950 igitur
376 1866 412 1926 ad
432 1866 581 1947 ingenium
598 1861 727 1924 Gentilis
747 1862 1156 1956 eandemqueblasphemiam
1175 1885 1288 1926 rursum

162 1965 301 2028 spargere
332 1942 530 2023 deprehensus
562 1941 695 2076 capitur,
731 1951 832 2020 captus
863 1939 936 2001 nrtit
967 1939 1138 2014 dissimulat,
1175 1943 1287 2003 auditus

163 2044 248 2158 quam
274 2020 374 2080 diuet
401 2031 541 2099 quantum
560 2018 661 2076 vonit.
712 2016 846 2078 Tandem
870 2017 960 2076 veluti
990 2019 1082 2078 victus
1115 2020 1185 2095 (nee
1209 2019 1287 2078 euim

162 2099 240 2159 aiud
266 2095 393 2158 habebat
418 2117 502 2174 quam
529 2094 730 2173 pertinaciam,
755 2095 835 2174 quod
858 2093 980 2155 Calvino
1012 2098 1195 2177 regereret),
1215 2096 1287 2155 resi-

159 2174 331 2268 piscentiam
360 2170 563 2234 incredibilem
593 2171 723 2245 simulat,
755 2171 836 2230 cuius
868 2171 956 2230 etiam
977 2170 1140 2251 exemplum
1166 2173 1287 2252 proprie

159 2251 249 2333 rpsius
268 2271 356 2310 manu
376 2244 515 2329 scriptum
541 2260 640 2308 exstat.
680 2246 765 2322 Quid
780 2245 881 2326 plura?
905 2247 1104 2334 abnegatione
1128 2268 1183 2328 per
1207 2268 1288 2308 com·
1366 2285 1368 2290 ·

182 2330 221 2388 ita
235 2327 355 2388 civitatis
374 2325 461 2400 facta,
482 2323 638 2387 dimittitur
655 2325 795 2404 praestito
816 2323 1015 2399 iureiurando,
1034 2343 1097 2384 sese
1117 2336 1217 2404 portas
1237 2347 1287 2386 ur·

159 2351 204 2466 lis
223 2424 284 2466 non
305 2422 506 2463 excessurum:
521 2437 523 2444 ,
537 2421 605 2462 mox
629 2415 725 2462 tamen
749 2401 859 2462 violata
882 2401 940 2461 fide
960 2403 996 2462 ad
1016 2400 1195 2461 Matthaeum
1216 2399 1287 2462 Gri-
1327 2423 1330 2429 ’

159 2481 277 2544 baldum
298 2482 327 2540 in
350 2478 526 2540 sabaudiam
573 2476 639 2539 rofu
663 2480 692 2538 it.
733 2477 858 2559 Sequuti
883 2491 952 2545 sunt
974 2477 1121 2558 aliquanto
1147 2489 1216 2558 post
1233 2478 1287 2538 st-

161 2561 251 2620 eiatus
284 2569 314 2618 et
332 2555 504 2627 Blandrata,
559 2497 755 2637 rausyirauiae
780 2567 811 2615 et
829 2556 987 2616 vicinarum
1012 2553 1287 2692 regionumtvasta·

159 2649 241 2696 tores
259 2633 360 2692 futuri.
401 2632 527 2692 Gentilis
553 2645 650 2692 autem
677 2631 734 2690 iarn
753 2644 815 2692 tum
835 2631 1007 2692 imminente
1031 2633 1051 2692 il
1065 2636 1073 2691 i
1086 2632 1150 2694 *Dei
1176 2630 1286 2692 iudicio

160 2712 237 2792 apud
258 2707 432 2768 Gribaldum
463 2728 584 2768 manens
614 2713 693 2782 (nam
718 2719 842 2787 uterque
868 2720 1001 2768 caeteros
1023 2722 1057 2769 ut
1079 2709 1231 2790 imperitos
1256 2719 1287 2768 et

159 2788 296 2848 indoctos
316 2783 450 2844 homines
470 2784 706 2860 contemnebat),
731 2783 831 2863 ibique
850 2783 982 2844 libellum
1002 2785 1137 2846 adversus
1157 2784 1286 2845 Athana-

159 2864 234 2925 sium
254 2873 285 2920 et
305 2859 457 2921 Calvinum
478 2861 598 2932 cudens,
617 2860 745 2938 indeque
756 2857 932 2941 Lugdunum
952 2862 1107 2937 transiens,
1127 2862 1178 2922 ubi
1198 2880 1286 2921 escu-

161 2939 288 3000 dendum
308 2936 390 2998 illum
403 2935 553 3017 (inscripta
565 2934 686 2996 Gaieusi
707 2933 757 3016 [de
767 2929 850 3016 Gom]
864 2935 1020 2997 Praefecto
1041 2939 1194 3012 Hennensi,
1212 2937 1286 2998 istu-

158 3038 224 3078 rum
244 3015 386 3076 scelerum
407 3035 526 3094 prorsus
546 3013 649 3085 inscio,
670 3012 863 3104 praefatione)
883 3013 1002 3088 curavit,
1023 3015 1129 3074 deinde
1147 3013 1286 3108 Lugduni

158 3092 260 3154 nescio
287 3111 346 3172 quo
377 3090 469 3152 modo
493 3089 694 3150 aPontifieirs
724 3100 840 3169 captus,
870 3110 958 3170 quum
990 3111 1053 3151 sese
1079 3095 1109 3152 in
1131 3090 1287 3151 Calvruum

159 3168 289 3231 scribere
310 3168 438 3240 dixisset,
461 3180 598 3248 tanquam
627 3166 704 3225 bene
729 3166 767 3225 de
791 3166 914 3227 ecclesia
939 3167 1080 3228 catholica
1099 3169 1219 3228 meritus
1233 3163 1286 3228 'die

157 3245 291 3306 mittitur.
329 3242 403 3304 Inde
429 3246 459 3304 in
479 3246 638 3305 Moraviam
664 3243 699 3304 ad
724 3242 909 3304 Blandratam
936 3256 965 3302 et
984 3244 1128 3309 Alsiatum
1154 3244 1286 3325 aliosque

157 3321 251 3382 nihilo
271 3315 409 3382 meliores
436 3321 572 3382 discedit:
598 3321 648 3380 ubi
669 3341 757 3399 quum
783 3322 849 3380 satis
875 3321 1022 3382 intereos
1043 3321 1203 3383 convenire
1223 3341 1284 3380 uon

156 3409 268 3480 posset,
290 3397 370 3479 quod
390 3419 406 3458 a
426 3397 606 3458 Tritheismo
627 3397 661 3459 ad
681 3399 902 3458 samosatenum
922 3398 1057 3491 plerique
1075 3397 1286 3471 transivisserit,

65 3499 68 3506 ·
155 3475 247 3538 veluti
265 3473 400 3534 trahente
418 3473 499 3534 illum
520 3475 555 3534 ad
576 3495 700 3557 poenam
720 3474 809 3554 ipsius
821 3473 932 3535 Christi
950 3495 1048 3550 manu,
1067 3476 1097 3533 in
1109 3473 1285 3534 Sabaudiam

149 3553 192 3614 ad
212 3573 294 3612 suum
305 3550 576 3611 Gribaidumredit.
615 3553 655 3612 ht
674 3551 751 3611 illam
771 3561 883 3632 pestem
903 3551 992 3612 altera
1012 3552 1069 3612 iam
1110 3551 1285 3612 estissustn·

157 3630 240 3690 ierat.
280 3630 406 3708 Ereptus
427 3629 512 3687 etiam
533 3628 620 3688 uobis
639 3629 694 3688 iam
715 3639 778 3687 erat
798 3627 945 3689 Calvinus.
985 3629 1062 3688 Tum
1082 3571 1133 3687 alle
1152 3628 1212 3688 sire
1231 3647 1285 3708 pe·

156 3707 235 3768 nitus
256 3723 364 3777 amens,
383 3705 444 3766 sive
465 3705 545 3785 quod
565 3717 682 3766 mortuo
704 3704 826 3765 Calvino
848 3706 996 3764 nemiuem
1016 3723 1167 3785 superesse
1188 3704 1284 3764 confi-

158 3785 257 3860 deret,
286 3781 619 3861 aquo-revinceretur,
651 3793 731 3842 recta
751 3780 786 3842 ad
808 3779 965 3842 Gaiensem
986 3783 1078 3866 ipsum
1098 3781 1283 3842 Praefectum

158 3862 167 3920 i
190 3861 213 3921 si
233 3861 339 3920 merito
358 3857 496 3918 infestum
516 3861 609 3921 venit:
633 3880 649 3918 a
670 3879 728 3939 quo
756 3879 824 3917 mox
850 3859 983 3940 agnitus,
1006 3871 1040 3933 et,
1055 3859 1183 3921 Beruam
1203 3857 1283 3918 iusto

188 3938 215 3998 ei
245 3937 351 3998 iudicio
385 3953 418 3994 ex
448 3934 593 4014 superiori
622 3936 671 3995 ilia
701 3928 961 4003 fluctuatione⁹÷ad
989 3931 1143 3995 dicendum
1169 3955 1282 3994 eausam

156 4016 274 4091 missus,
302 4025 363 4072 tum
387 4013 600 4094 periuriorum,
630 4024 692 4070 tum
715 4012 911 4092 improbitatis
930 4011 1099 4073 manifestae
1119 4011 1282 4086 convietus,

156 4089 263 4151 frustra
281 4087 398 4152 tentatis
418 4088 555 4150 omuibus
575 4089 679 4168 quibus
698 4088 729 4148 in
749 4091 858 4150 rectam
877 4089 951 4148 viam
970 4099 1168 4161 revocaretur,
1188 4091 1283 4182 &pite

157 4163 311 4227 mulctatus
331 4167 360 4226 di
383 4187 431 4226 nas
451 4165 569 4226 tandem
589 4177 636 4226 tot
654 4165 812 4226 sceleribus
853 4185 941 4224 oenas
959 4163 1109 4245 persolvit.
1148 4165 1206 4224 Hic
1224 4164 1283 4246 rgi-

157 4251 207 4300 tur
231 4255 331 4320 postea
358 4185 415 4304 isit
442 4242 518 4304 iilius
543 4263 645 4303 causae
670 4242 769 4302 exitus.
847 4252 980 4300 ttamen
1005 4261 1043 4300 ne
1063 4261 1142 4301 nune
1183 4240 1280 4302 uidem

158 4317 299 4378 destante
337 4320 394 4402 egii
413 4321 526 4380 scilicet
544 4318 756 4380 Christianismi
775 4329 948 4392 assertores,
971 4329 1034 4378 tum
1055 4337 1089 4376 ex
1109 4263 1282 4393 Catholicis,
1331 4374 1334 4388 ,

156 4404 219 4454 tum
251 4412 286 4452 ex
335 4397 400 4458 ouis
430 4395 486 4459 illis
505 4395 714 4478 Ubiquiteriis,
746 4394 796 4476 qui
817 4393 971 4460 Calvinum
995 4393 1123 4456 audeaut
1139 4406 1281 4474 tanquam
