2816 4746
7 1151 9 1176 ,
60 1100 201 1160 lumniam
231 1101 315 1160 istam
347 1099 445 1182 longe,
466 1100 742 1180 impudentissimam
772 1098 909 1159 refellens

7 1483 8 1498 ¹
60 1483 159 1543 oblata
179 1484 370 1563 pertinaciter
389 1484 539 1545 recusarit.
575 1482 764 1562 Exprobrant
779 1483 805 1542 ei
825 1485 882 1556 alii,

561 263 676 326 VITA.
1146 277 1186 338 43

60 413 130 492 ipse,
150 424 182 472 et
221 410 319 472 uidem
339 409 375 471 ab
395 409 464 490 ipsis
483 409 693 494 sacerdotibus.
732 408 874 502 Expulsus
893 422 937 472 est
949 408 1081 488 Genera,
1101 411 1175 474 adde

63 488 146 549 stab
170 433 273 550 eadem
293 485 466 572 revocatus*
491 488 531 546 Et
551 487 619 565 quid
638 485 809 566 Apostolus,
833 487 901 564 quid
920 489 1096 563 Athanasio,
1116 458 1186 570 quid

63 565 278 647 Chrysostomo
300 563 443 642 contigit?
481 563 668 642 Exprobrant
699 561 742 624 illi
773 561 863 642 multa
888 564 1021 626 nonnulli
1045 566 1108 640 alii,
1132 568 1185 627 scd

60 642 249 713 cuiusmodi?
279 641 459 702 Ambitiosus
485 640 540 699 fuit
563 629 690 715 scilicet,
720 640 784 698 imo
811 639 897 698 etiam
921 662 1029 704 novum
1047 656 1185 724 papatum

60 719 198 792 ambivit,
219 718 267 797 qui
291 717 347 779 boc
366 719 442 778 vitae
462 737 570 798 genus,
602 715 678 776 hanc
705 713 932 796 rempublicam,
957 717 1031 780 hanc
1058 722 1184 802 denique

59 795 230 865 ecclesiam,
254 815 336 874 qnam
356 797 424 866 vere
445 815 562 874 possum
582 793 761 874 paupertatis
783 791 930 854 officinam
951 795 1110 884 appellare,
1131 809 1183 858 re-

60 871 118 930 bus
151 869 283 930 omnibus
313 871 490 952 anteposuit.
534 869 758 930 Accumulandis
789 867 901 928 scilicet
930 871 1038 930 orbus
1066 874 1185 950 studuit,

59 948 145 1007 cuius
175 946 250 1007 boua
274 948 389 1024 omnia,
423 967 489 1006 care
513 947 599 1014 etiam
624 946 772 1007 divendita
795 945 884 1026 ipsius
916 891 1111 1022 bibliotheca,
1140 951 1184 1011 vix

60 1035 224 1084 trecentos(
242 1044 346 1084 aureos
379 1035 552 1103 aequarunt,
582 1035 702 1084 ut'non
726 1023 822 1082 minus
847 1023 925 1082 sclte‘
960 1033 1025 1084 uam
1044 1043 1112 1086 vere
1137 1047 1185 1087 ca-

937 1041 985 1182 ?ias
1002 1101 1136 1181 praefati.
1155 1106 1186 1162 in

62 1177 216 1236 Commeat.
234 1177 434 1259 infecimus]
454 1177 526 1237 haec
544 1177 632 1238 verbe
658 1176 818 1257 usurparit,
833 1177 908 1250 „Me
932 1198 995 1237 non
1016 1198 1078 1248 esse
1092 1197 1188 1257 pecu-

59 1254 208 1329 „niosum‚
228 1257 251 1315 si
262 1254 433 1334 quibusdam
446 1254 525 1316 vivus
538 1274 599 1313 non
619 1255 793 1333 persuadeo,
814 1273 893 1314 mors
912 1265 1010 1316 tamen
1023 1254 1187 1315 ostendet?

61 1331 177 1390 Testari
198 1343 278 1393 certe
303 1343 403 1410 potest
423 1332 564 1420 Senatus,
589 1351 677 1410 quum
701 1331 857 1420 perexigua
871 1346 974 1393 essent
993 1331 1056 1392 eius
1074 1332 1188 1412 slipen·
1282 1347 1291 1372 ⁸

60 1406 124 1480 dia,
143 1419 256 1466 tantum
277 1407 403 1468 abluisse
424 1407 505 1466 utin
526 1407 559 1466 irs
579 1427 641 1466 non
661 1419 867 1485 acquiesceret,
887 1419 920 1466 ut
939 1405 1080 1488 ampliora
1100 1412 1188 1469 etiam

52 1560 209 1620 ‘Antonius
229 1559 367 1620 Calvinus
414 1562 522 1634 riorem
542 1579 663 1644 uxorem
682 1581 763 1628 suam
785 1559 823 1621 oh
849 1505 1038 1638 adulterium,
1066 1561 1188 1644 cognita

63 1657 160 1708 causa,
172 1637 349 1728 repudiarit.
390 1582 472 1711 guid
493 1635 717 1774 erpordicercnt
737 1635 794 1710 illi,
818 1637 842 1696 si
854 1636 1021 1728 'adulteram
1048 1637 1188 1730 fovisset?

62 1713 180 1787 Quodsi
203 1733 233 1772 sn
262 1733 328 1772 eum
352 1714 495 1774 redundat
516 1773 518 1780 ,
541 1735 577 1774 oc
602 1713 766 1804 impudicae
791 1713 920 1774 mulieris
945 1713 1086 1789 dedecus,
1117 1714 1188 1794 quad

8 1853 9 1856 Ἴ
63 1789 115 1847 fiet
135 1788 254 1861 Iacobi,
267 1789 510 1870 Davidis,·ipsius¹
528 1789 656 1870 denique
676 1790 728 1849 lilii
746 1790 805 1850 Dei
825 1790 966 1864 familiae,
985 1790 1015 1850 in
1036 1792 1120 1870 quai
1142 1811 1189 1852 se·
1240 1817 1243 1820 ·

7 1867 9 1886 ¹
62 1877 124 1926 met
148 1865 308 1928 Diabolum
345 1888 377 1928 ex
406 1869 463 1932 suis
495 1890 585 1936 unum
617 1868 724 1932 diserte
755 1867 885 1933 notavit?
922 1866 1045 1930 Deliciis
1076 1812 1189 1932 scilicet

60 1941 143 2000 illurn
164 1954 194 2001 et
213 1943 290 2002 luxui
310 1943 477 2019 indulsisse,
506 1944 674 2026 tot'ip'sins
703 1942 838 2004 laborum
863 1945 952 2004 tes'ies
978 1943 1187 2006 demonstrant.

62 2019 145 2092 Quid
179 2020 236 2078 uod
257 2021 415 2082 nonnullos
436 2022 520 2081 etiam
531 2021 628 2081 dicere
649 2033 679 2082 et
698 2020 828 2082 scribere
848 2042 909 2082 non
929 2021 1029 2101 pudet,
1049 2041 1188 2104 regnasse

60 2095 142 2155 illum
195 2115 302 2158 enevae
321 2109 383 2156 tum
403 2099 433 2157 in
454 2099 575 2158 ecclesia
594 2110 656 2158 tum
676 2099 706 2157 iu
726 2097 893 2178 republica,
921 2110 1009 2180 atque
1035 2098 1117 2171 adeo,
1130 2119 1186 2178 pro

59 2171 200 2232 tribunali
219 2173 342 2238 sedisse?
364 2174 424 2234 Alii
444 2175 530 2234 etiam
549 2174 631 2234 illum
651 2175 750 2235 nescio
771 2195 858 2254 quem
877 2176 972 2248 vivum
992 2195 1046 2256 pro
1066 2187 1206 2237 mortun,

61 2251 202 2310 cadavere
216 2250 379 2327 excitando,
401 2252 535 2311 universo
550 2253 635 2312 etiam
655 2263 731 2310 teste
744 2251 1080 2336 'populo,tsuppnsuisse
1102 2251 1188 2312 ishu-

62 2325 175 2397 lantur,
208 2327 287 2404 quod
321 2347 382 2386 non
413 2328 507 2388 minus
540 2328 674 2408 putidum
694 2327 893 2399 mendacium,
925 2328 1055 2406 quamsi
1075 2328 1189 2388 llomae

7 2403 9 2468 ]
58 2403 140 2482 Papa
160 2403 248 2461 luisse
268 2402 427 2493 diceretur,
444 2424 527 2471 ansus
541 2415 584 2463 est
594 2402 755 2494 rhapsodias
774 2403 824 2462 ille
836 2403 1030 2492 Sorboniqus,
1050 2401 1190 2492 Elautdius

7 2547 8 2550 Ἰ
58 2479 186 2558 Spensa,
205 2477 478 2552 maledicentissrmo
492 2480 618 2556 quodam
638 2479 715 2537 libro
725 2476 880 2538 inculcare.
921 2479 1002 2550 Quid
1022 2497 1100 2536 emm
1120 2489 1190 2540 istos

7 2907 13 3000 l

59 2553 191 2635 pudeat?
224 2552 283 2613 Sed
303 2553 357 2612 ista
377 2573 472 2632 neque
492 2553 568 2644 apud
588 2552 721 2630 eos,=qni
739 2563 851 2610 tantum
870 2547 1053 2612 huncvirum
1069 2565 1190 2630 norunt,

56 2629 257 2725 neqne'apnd
278 2640 412 2709 posteros
431 2629 492 2688 sani
511 2629 610 2688 iudicii
631 2627 780 2719 homines,
810 2627 861 2706 qui
885 2648 983 2690 mores
1007 2629 1134 2691 hominis
1156 2651 1190 2692 ex

58 2709 149 2787 ipsius
176 2709 233 2768 scri
256 2708 292 2766 tis
316 2703 522 2778 aestimabunt,
551 2705 728 2784 refutatione
752 2704 893 2786 indigent.
944 2705 1011 2788 Ego
1039 2705 1189 2768 historiam

58 2787 135 2848 vitae
159 2796 190 2845 et
215 2725 313 2845 obitus
338 2783 441 2862 ipsius,
471 2784 551 2842 cuius
574 2793 724 2862 spectator
747 2781 873 2842 sedecim
899 2804 991 2844 annos
1017 2783 1077 2860 ini,
1109 2783 1203 2847 bona'

60 2863 118 2920 fide
149 2872 344 2941 persequutus
364 2860 474 2918 ,testari
502 2859 574 2926 mihi
602 2859 716 2939 optimo
741 2859 804 2918 iure
833 2881 920 2942 posse
946 2861 1065 2935 videor,
1096 2861 1188 2956 longe

60 2937 268 3074 pulcerrimum
287 2956 355 2996 vere
377 2935 560 2996 Christianae
584 2948 645 2995 tum
665 2937 742 2996 vitae
766 2947 828 2996 tum
852 2938 954 2999 mortis
975 2939 1136 3031 exemplum
1156 2961 1188 2998 sn

7 3019 8 3032 ¹
81 3037 117 3076 oc
142 3015 264 3075 homine
290 3012 401 3072 cunctis
425 3014 611 3096 propositum
631 3013 737 3090 fuisse,
765 3015 846 3096 quod
865 3016 1088 3096 tamiacilelsrt
1107 3014 1187 3076 calu·
1216 3058 1219 3066 ,

60 3092 175 3169 mniari,
196 3112 282 3171 quam
304 3089 423 3150 difficile
444 3088 533 3150 luerit
542 3089 701 3151 aemulari.

923 1486 981 1543 uod
1001 1484 1076 1544 illius
1097 1485 1189 1545 frater
1270 1503 1275 1514 “
