2808 4748
465 257 595 320 Ontmo
616 271 651 318 tn
671 271 797 320 nourr.
1144 270 1202 334 139

73 420 107 469 et
126 408 219 470 bonas
239 403 336 488 quoad
354 381 426 465 llce't
442 412 573 464 tuentur.
610 401 647 462 In
666 400 721 463 bac
738 422 810 463 vcro
829 417 912 494 parte
931 407 1036 469 merito
1048 407 1107 469 Dei
1125 411 1209 471 vert-1

72 498 120 546 tas
150 486 308 566 primatum
331 492 424 541 tenet.
463 479 566 553 Quare
591 477 645 540 bac
669 491 741 539 nota
767 478 900 541 Christus
924 495 1062 565 martyres
1091 506 1159 547 suos
1185 507 1203 548 a

72 562 224 622 sceleratis
248 571 279 620 et
297 557 434 618 maleficis
460 557 607 616 discernit.
645 555 749 617 Redeo
768 556 826 616 iam
851 556 887 616 ad
909 557 988 622 illud
1004 562 1084 640 quod
1107 583 1203 643 nuper

8 695 9 698 ,
72 639 146 713 dixi,
165 657 254 716 quum
274 655 387 707 omnes,
405 633 455 713 qui
475 633 523 712 pie
542 630 647 693 volunt
664 634 761 694 vivere
780 633 813 692 in
825 632 963 708 Christo,
982 641 1203 717 persequutioui

8 2005 9 2008 Ἴ
72 1961 137 2000 ram
157 1938 269 2000 mundo
294 1935 489 1997 detestabiles.
527 1935 602 1994 Erat
621 1933 793 2010 enimhacc
812 1955 874 1996 non

70 714 200 776 obnoxii
220 715 294 785 sint,
311 711 403 772 Paulo
424 721 499 782 teste
518 709 715 769 communiter
734 707 769 770 ad
789 709 854 789 pios
876 729 978 770 omnes
997 726 1109 791 spectat
1126 716 1201 777 baec

73 789 240 850 admonitio
261 789 314 862 (II.
335 787 411 848 Tim.
431 792 466 862 3,
487 785 559 876 12).
619 784 735 859 Quodsi
766 785 883 864 qnando
904 798 1023 848 nostrae
1042 789 1203 852 infirmitati

72 866 227 946 indulgeat
237 864 393 940 Dominus,
413 867 510 941 neque
529 861 625 954 rmpiis
644 863 796 942 permittat
813 883 870 944 pro
890 862 1011 926 libidine
1024 885 1079 926 nos
1090 886 1202 944 vexare,

72 944 106 1003 in
128 945 230 1004 umbra
248 955 348 1002 tamen
368 953 399 1001 et
417 940 481 1001 otio
501 939 635 1000 meditari
655 940 729 1000 banc
749 939 912 1001 doctrinam
932 949 985 1021 p'ar
1009 952 1070 1016 est,
1095 953 1128 1000 ut
1152 964 1203 1022 pa·
1236 969 1239 986 ·

72 1019 132 1079 rati
151 1021 238 1080 simus
265 1018 380 1098 quoties
404 1037 480 1097 opus
500 1015 590 1074 fuerit
612 1016 644 1075 in
667 1036 786 1076 arenam
811 1017 948 1099 prodire,
973 1036 1028 1076 nec
1055 1011 1223 1078 cenamcn'
1260 1033 1263 1051 ³

73 1095 216 1157 obeamus
244 1097 298 1156 nisi
322 1093 419 1176 probe
443 1092 587 1152 instructi.
627 1092 783 1155 Caeterum
812 1114 903 1174 quum
926 1104 993 1154 toto
1018 1091 1103 1153 buius
1127 1095 1204 1154 vitae

72 1195 163 1234 cursu
181 1173 344 1234 miserrima
363 1173 401 1231 sit
420 1167 552 1230 conditio
573 1168 700 1250 piorum,
715 1169 822 1230 merito
842 1170 875 1230 in
886 1189 968 1249 spem
981 1169 1116 1234 coelestis
1128 1169 1205 1232 vitae

72 1269 131 1310 nos
157 1249 291 1312 Christus
319 1247 413 1330 erigit
455 1246 556 1324 Atque
580 1246 612 1304 in
637 1244 694 1305 boc
719 1245 877 1327 plurimum
902 1237 1004 1306 diflert
1027 1247 1205 1326 paradoxum

73 1325 189 1388 Christi
207 1345 224 1386 a
243 1325 416 1402 Stoicorum
435 1322 623 1395 commentis,
648 1320 699 1400 qui
723 1342 775 1381 sua
798 1342 945 1414 quemque
965 1325 1107 1404 opinione
1131 1343 1206 1384 con-

71 1415 190 1463 tentum
210 1422 273 1464 esse
292 1399 445 1472 iubebant,
464 1408 499 1456 ut
516 1397 572 1458 sibi
592 1409 668 1459 esset
686 1395 832 1460 felicitatis
852 1399 976 1460 arbiter:
997 1399 1132 1462 Christus
1152 1420 1206 1476 aus

71 1492 136 1540 tem
156 1499 219 1540 non
243 1499 260 1538 a
284 1495 360 1537 rana
384 1477 439 1534 ima
461 1473 593 1534 inatione
618 1472 788 1534 felicitatem
813 1477 978 1557 suspendit,
1009 1477 1061 1538 sed
1086 1496 1149 1538 eam
1173 1476 1206 1538 iu

71 1576 127 1636 spe
148 1554 263 1615 futurae
282 1552 425 1612 mercedis
440 1493 556 1610 lurdat.

153 1637 201 1696 11.
243 1627 339 1713 Quum
358 1625 472 1704 probru
495 1629 635 1686 iecerint·
658 1624 720 1686 Pro
746 1645 784 1686 eo
804 1624 899 1687 Lucas
916 1631 965 1691 Ὦ.
991 1627 1095 1705 babet,
1118 1651 1207 1709 worn

71 1729 125 1768 vos
143 1705 273 1802 oder-inq,
299 1720 326 1764 ct
349 1707 546 1781 sepuroucrint
567 1721 635 1780 uos,
659 1715 686 1762 ct
706 1701 824 1779 probris
848 1702 1018 1788 (effrem,
1043 1727 1081 1766 oc
1102 1728 1207 1768 meets

70 1799 198 1844 vestrm
226 1786 358 1844 eoecoeim
376 1796 525 1862 tunquam
553 1779 671 1840 mabam.
704 1778 840 1855 ‘Quibus
867 1780 966 1844 verbis
993 1781 1083 1844 solari
1112 1783 1207 1854 voluit
1250 1811 1253 1820 ·

73 1860 210 1923 Christus
229 1882 297 1923 suos
317 1858 433 1934 fideles,
452 1879 491 1919 ne
508 1856 613 1918 animis
633 1856 806 1932 concidant,
826 1857 939 1992 etiatpsi
957 1878 990 1920 se
1007 1861 1135 1922 viderint
1154 1882 1208 1923 co-

907 1934 964 1998 evls
983 1939 1121 2014 tentatio,
1141 1949 1208 1998 tan-

73 2035 162 2094 quam
182 2015 287 2094 impios
308 2025 338 2074 et
357 2013 497 2094 profanos
518 2024 596 2072 extra
613 2009 775 2072 Ecclesiam
795 2011 869 2072 eiici-
909 2011 1010 2086 Quum
1036 2015 1114 2074 enirn
1134 2014 1208 2086 nibil

73 2091 254 2174 hyprocritis
272 2090 365 2172 magis
384 2088 562 2151 virulentum
583 2107 645 2148 esse
664 2088 763 2160 sciret,
782 2086 890 2147 deinde
907 2090 1102 2168 praevideret,
1122 2111 1209 2172 quam

72 2170 196 2230 rabioso
220 2169 334 2247 impetu
358 2165 485 2225 exarsuri
507 2173 606 2223 essent
623 2163 776 2242 Evangelii
799 2163 899 2224 hostes
925 2178 1029 2228 contra
1055 2167 1208 2250 parvulum

73 2258 105 2307 et
125 2256 330 2326 contemptum
350 2261 471 2324 gregem
489 2259 589 2312 suum,
613 2237 707 2298 solide
727 2257 779 2299 eos
804 2239 920 2300 munire
942 2241 1053 2319 voluit,
1077 2264 1115 2304 ne
1140 2267 1209 2308 sucp

73 2322 262 2394 cumberent,
279 2319 410 2397 quamvis
428 2318 569 2376 immensa
587 2312 768 2396 probrorum
786 2334 844 2374 con
868 2315 942 2376 eries
960 2319 996 2377 ad
1012 2337 1063 2378 eos
1076 2319 1209 2380 obruen-

74 2401 131 2460 dos
151 2397 328 2456 immineret.
367 2394 465 2471 Atque
482 2391 552 2458 hinc¹
571 2400 700 2468 apparet,
720 2411 807 2468 quam
826 2411 846 2449 n
878 2391 901 2452 il
919 2393 1076 2452 metuenda
1094 2396 1133 2455 sit
1150 2396 1210 2456 Pa-

9 2481 10 2498 *
72 2475 152 2556 palis
172 2468 451 2542 excommunicatio,
477 2465 546 2525 dum
565 2486 620 2525 nos
639 2467 758 2544 tyranni
777 2463 820 2524 illi
838 2487 857 2526 a
873 2468 1033 2552 synagogis
1049 2468 1107 2530 suis
1125 2490 1210 2551 sepa.
1297 2531 1299 2535 Ι

19 2810 22 2819 ·
75 2803 140 2842 mus
159 2780 193 2840 in
212 2776 329 2840 coelum
348 2775 511 2852 mentes,rl

73 2561 161 2627 rant,
174 2547 246 2658 ⁶quia
267 2545 425 2606 divortium
444 2564 462 2605 a
482 2541 603 2678 mo
623 2540 721 2603 lacere
741 2541 887 2634 nolumus.
908 2593 927 2636 p
1257 2613 1261 2634 ,

74 2619 949 2833 remeditimfbddnirdublisaedpprobiiidiian{bgdr¹biiatquibn
958 2633 1210 2762 aduldldd'tblttdllle

523 2795 551 2834 rc
570 2791 633 2834 sese
653 2773 746 2834 offert
756 2774 973 2865 ingensugaudii
984 2775 1116 2851 materia,
1136 2797 1211 2856 quae

10 2859 12 2868 '
75 2858 222 2918 tristitiam
252 2853 419 2915 absorbeat.
463 2850 555 2928 Quod
578 2853 709 2931 papistac
732 2851 764 2911 in
789 2869 911 2912 nomine
931 2849 1211 2928 mercedirlndunt,

13 4385 15 4418 ,
91 4380 98 4394 .

14 4545 18 4688 l

76 2933 161 2996 nullo
181 2932 305 3016 negotio
333 2930 379 2992 bic
399 2930 482 2992 sucus
507 2925 642 2988 diluitur:
673 2944 772 3006 neque
796 2927 875 2988 enim
899 2933 945 3007 (nt
967 2930 1115 2990 somniant
1140 2931 1235 3012 ipsi),

76 3021 179 3072 mutua
199 3021 244 3070 est
268 3007 373 3068 relatio
399 3007 478 3068 inter
502 3006 669 3066 mercedem
695 3016 727 3065 et
754 3006 906 3082 meritum,
936 3005 989 3066 sed
1013 3006 1139 3099 gratuita
1167 3019 1212 3068 est

77 3086 235 3168 promissio
255 3084 408 3144 mercedis.
445 3083 562 3142 Deinde
586 3082 609 3142 si
634 3093 818 3162 reputamus,
843 3104 929 3162 quam
953 3085 1088 3144 mutilum
1114 3084 1151 3146 sit
1176 3105 1211 3148 ac

77 3167 227 3237 vitiosum,
247 3161 385 3241 quicquid
405 3159 552 3220 bonorum
573 3178 696 3238 operum
718 3159 804 3219 etiam
824 3159 860 3220 ab
882 3159 1000 3240 optimis
1018 3160 1130 3240 prodit,
1143 3160 1212 3222 nul-

78 3240 288 3320 lumunquam
309 3257 328 3296 o
351 3259 383 3296 us
402 3234 624 3296 invenietDcus
642 3237 778 3296 mercede
798 3235 930 3319 dignum.
967 3237 1125 3298 Notandae
1143 3249 1213 3302 sunl
1269 3301 1275 3308 ,

77 3316 184 3378 iteturn
211 3258 373 3395 particulae
397 3313 484 3387 istae,
504 3323 629 3388 propter
649 3333 695 3370 nse
718 3312 765 3373 vel
789 3325 913 3394 propter
936 3312 1042 3374 Filium
1069 3314 1211 3378 hominis:

78 3396 165 3472 item,
190 3389 315 3452 Pmtsts
343 3409 393 3449 uos
422 3389 577 3473 affecerint
605 3391 782 3449 mormius.-
818 3409 858 3450 ne
882 3409 914 3450 se
938 3393 1075 3470 protinus
1101 3391 1214 3454 Christi

79 3484 238 3553 martyrem
259 3487 321 3528 esse
340 3467 438 3540 iactet,
459 3466 509 3557 qui
527 3485 580 3526 sua
594 3464 679 3546 culpa
688 3466 814 3526 sustinet
825 3469 1097 3548 persequutionem,
1110 3489 1213 3549 quem-

80 3549 240 3608 admodum
267 3544 338 3606 olim
361 3543 536 3604 Donatrstae
561 3543 619 3603 boc
645 3541 710 3604 solo
734 3543 823 3604 titulo
848 3544 905 3605 sibi
928 3545 1101 3630 placebant,
1131 3543 1213 3624 quod

80 3624 264 3706 magistratus
283 3620 428 3681 baberent
446 3619 501 3680 sibi
521 3617 666 3679 adversos.
704 3620 745 3678 Et
763 3619 854 3680 bodie
872 3620 1095 3703 Anabaptistae,
1121 3637 1213 3700 quum

83 3703 258 3778 perturbant
276 3698 334 3760 suis
353 3697 462 3758 deliriis
474 3695 645 3771 Ecclesiam,
662 3697 856 3778 Evangelinm
874 3696 1028 3777 infamant,
1048 3696 1212 3780 gloriantur

83 3788 232 3840 tamense
252 3774 330 3835 ierre
351 3774 462 3838 Christi
480 3773 620 3856 insignia,
643 3772 695 3838 ubi
714 3761 789 3838 idstc
808 3776 993 3839 damnantur.
1029 3773 1123 3854 Atqui
1142 3773 1214 3832 bea-

84 3862 129 3912 tos
144 3876 211 3916 vnon
232 3854 404 3937 pronuntiat
424 3850 570 3928 Christus,
591 3851 647 3914 nisi
666 3851 773 3929 quibus
794 3863 909 3914 constat
929 3853 1004 3914 iusta
1023 3870 1124 3912 causac
1144 3867 1214 3909 suae

87 3928 227 3992 defensio.
266 3929 318 3990 Sic
340 3933 416 3988 enim
433 3929 602 4007 persequuti
623 3941 698 3987 sunt.
738 3928 884 3992 Consulto
910 3929 968 3990 boc
994 3927 1050 3990 suit
1073 3925 1215 4002 additum,

86 4025 123 4064 ne
148 4004 314 4088 triumphos
337 4008 402 4066 sine
426 4005 534 4066 sudore
559 4016 590 4064 et
612 4025 712 4088 pugna
736 4017 888 4088 sperantes
907 4003 1045 4085 Apostoli
1063 4005 1093 4063 io
1115 4020 1215 4082 perse-

106 4085 275 4145 uutionibus
295 4083 464 4146 delicerent.
500 4084 577 4142 Nam
597 4083 664 4162 quia
688 4101 787 4144 rerum
813 4083 947 4146 omniurn
966 4080 1214 4152 instauratiosub

87 4099 196 4242 ijhrtsti
215 4183 246 4222 rc
270 4181 309 4222 no
330 4160 436 4242 passim
455 4160 487 4219 in
507 4159 660 4242 Scriptura
679 4161 876 4252 promittitur,
895 4157 1059 4240 periculum
1080 4168 1157 4232 erat,
1177 4177 1217 4216 ne

89 4252 119 4290 se
142 4237 221 4298 inani
245 4183 350 4298 daneta
375 4240 516 4300 lactarent
540 4236 577 4296 de
601 4236 704 4296 militia
730 4259 791 4299 non
819 4237 990 4370 cogitantes.
1030 4235 1069 4295 Et
1094 4256 1127 4294 cx
1154 4231 1215 4296 aliis

866 4312 927 4372 reiis
956 4312 1098 4373 refertum
1127 4311 1217 4373 stulte

89 4305 162 4370 locis
183 4326 314 4395 apparet,
339 4313 464 4378 Christi,
480 4333 603 4396 regnum
625 4309 731 4392 opibus
761 4327 792 4374 et
817 4315 853 4376 dc

89 4387 259 4482 tmaginqtos
276 4391 376 4476 'fuisse
416 4391 518 4471 Quare
537 4411 599 4460 noo
618 4389 683 4458 sine
703 4411 787 4456 causa
805 4389 945 4454 admonet
957 4389 1102 4470 curtus,
1114 4391 1218 4460 erden
