<?xml version="1.0" encoding="UTF-8"?>
<!DOCTYPE html PUBLIC "-//W3C//DTD XHTML 1.0 Transitional//EN"
    "http://www.w3.org/TR/xhtml1/DTD/xhtml1-transitional.dtd">
<html xmlns="http://www.w3.org/1999/xhtml" xml:lang="en" lang="en">
 <head>
  <title>
</title>
<meta http-equiv="Content-Type" content="text/html;charset=utf-8" />
  <meta name='ocr-system' content='tesseract 3.04.00' />
  <meta name='ocr-capabilities' content='ocr_page ocr_carea ocr_par ocr_line ocrx_word'/>
</head>
<body>
  <div class='ocr_page' id='page_1' title='image "./innovumtestamen01tholgoog_0243.png"; bbox 0 0 2808 4748; ppageno 0'>
   <div class='ocr_carea' id='block_1_1' title="bbox 181 235 864 309">
    <p class='ocr_par' dir='ltr' id='par_1_1' title="bbox 181 235 864 309">
     <span class='ocr_line' id='line_1_1' title="bbox 181 235 864 309; baseline 0 -11"><span class='ocrx_word' id='word_1_1' title='bbox 181 247 239 309; x_wconf 69' lang='lat' dir='ltr'><strong>aaa</strong></span> <span class='ocrx_word' id='word_1_2' title='bbox 635 235 788 302; x_wconf 82' lang='lat' dir='ltr'>SECTIO</span> <span class='ocrx_word' id='word_1_3' title='bbox 809 237 864 298; x_wconf 84' lang='lat' dir='ltr'><strong>vl.</strong></span> 
     </span>
    </p>
   </div>
   <div class='ocr_carea' id='block_1_2' title="bbox 184 373 1387 468">
    <p class='ocr_par' dir='ltr' id='par_1_2' title="bbox 184 373 1387 468">
     <span class='ocr_line' id='line_1_2' title="bbox 184 373 1387 468; baseline -0.006 -22"><span class='ocrx_word' id='word_1_4' title='bbox 184 383 296 446; x_wconf 84' lang='lat' dir='ltr'><strong>Eadem</strong></span> <span class='ocrx_word' id='word_1_5' title='bbox 313 383 435 446; x_wconf 75' lang='lat' dir='ltr'><strong>ratium</strong></span> <span class='ocrx_word' id='word_1_6' title='bbox 462 379 628 461; x_wconf 66' lang='lat' dir='ltr'><strong>lypooim</strong></span> <span class='ocrx_word' id='word_1_7' title='bbox 652 393 800 446; x_wconf 77' lang='lat' dir='ltr'><strong>vocantur</strong></span> <span class='ocrx_word' id='word_1_8' title='bbox 822 401 924 445; x_wconf 88' lang='lat' dir='ltr'><strong>omnes</strong></span> <span class='ocrx_word' id='word_1_9' title='bbox 949 385 1043 446; x_wconf 83' lang='lat' dir='ltr'><strong>inanis</strong></span> <span class='ocrx_word' id='word_1_10' title='bbox 1068 373 1181 468; x_wconf 66' lang='lat' dir='ltr'><strong>gloriam</strong></span> <span class='ocrx_word' id='word_1_11' title='bbox 1204 385 1316 466; x_wconf 82' lang='lat' dir='ltr'><strong>cupidi.</strong></span> <span class='ocrx_word' id='word_1_12' title='bbox 1386 427 1387 438; x_wconf 69' lang='lat'><strong>.</strong></span> 
     </span>
    </p>
   </div>
   <div class='ocr_carea' id='block_1_3' title="bbox 184 460 1317 620">
    <p class='ocr_par' dir='ltr' id='par_1_3' title="bbox 184 460 1317 620">
     <span class='ocr_line' id='line_1_3' title="bbox 184 460 1317 545; baseline -0.001 -22"><span class='ocrx_word' id='word_1_13' title='bbox 184 464 260 524; x_wconf 85' lang='lat' dir='ltr'><strong>Nam</strong></span> <span class='ocrx_word' id='word_1_14' title='bbox 280 484 369 545; x_wconf 90' lang='lat' dir='ltr'><strong>quum</strong></span> <span class='ocrx_word' id='word_1_15' title='bbox 387 461 560 543; x_wconf 80' lang='lat' dir='ltr'>hypocritae</span> <span class='ocrx_word' id='word_1_16' title='bbox 578 460 711 540; x_wconf 84' lang='lat' dir='ltr'>profanis</span> <span class='ocrx_word' id='word_1_17' title='bbox 729 461 924 542; x_wconf 68' lang='lat' dir='ltr'>scriptoribus</span> <span class='ocrx_word' id='word_1_18' title='bbox 941 461 1012 522; x_wconf 92' lang='lat' dir='ltr'><strong>dicti</strong></span> <span class='ocrx_word' id='word_1_19' title='bbox 1027 462 1138 522; x_wconf 86' lang='lat' dir='ltr'><strong>fuerint</strong></span> <span class='ocrx_word' id='word_1_20' title='bbox 1148 462 1317 537; x_wconf 85' lang='lat' dir='ltr'><strong>histriones,</strong></span> 
     </span>
     <span class='ocr_line' id='line_1_4' title="bbox 186 535 1315 620; baseline 0 -22"><span class='ocrx_word' id='word_1_21' title='bbox 186 540 236 620; x_wconf 91' lang='lat' dir='ltr'><strong>qui</strong></span> <span class='ocrx_word' id='word_1_22' title='bbox 255 539 285 598; x_wconf 91' lang='lat' dir='ltr'><strong>in</strong></span> <span class='ocrx_word' id='word_1_23' title='bbox 305 557 392 599; x_wconf 89' lang='lat' dir='ltr'><strong>scena</strong></span> <span class='ocrx_word' id='word_1_24' title='bbox 413 549 444 596; x_wconf 91' lang='lat' dir='ltr'><strong>et</strong></span> <span class='ocrx_word' id='word_1_25' title='bbox 460 535 536 597; x_wconf 93' lang='lat' dir='ltr'><strong>ludis</strong></span> <span class='ocrx_word' id='word_1_26' title='bbox 555 537 637 598; x_wconf 86' lang='lat' dir='ltr'><strong>fictas</strong></span> <span class='ocrx_word' id='word_1_27' title='bbox 655 557 796 618; x_wconf 81' lang='lat' dir='ltr'><strong>personas</strong></span> <span class='ocrx_word' id='word_1_28' title='bbox 817 539 954 620; x_wconf 78' lang='lat' dir='ltr'><strong>agebant,</strong></span> <span class='ocrx_word' id='word_1_29' title='bbox 967 537 1121 620; x_wconf 78' lang='lat' dir='ltr'><strong>Scriptura</strong></span> <span class='ocrx_word' id='word_1_30' title='bbox 1133 537 1192 598; x_wconf 92' lang='lat' dir='ltr'><strong>boc</strong></span> <span class='ocrx_word' id='word_1_31' title='bbox 1203 560 1315 598; x_wconf 90' lang='lat' dir='ltr'><strong>nomen</strong></span> 
     </span>
    </p>
   </div>
   <div class='ocr_carea' id='block_1_4' title="bbox 184 613 1387 706">
    <p class='ocr_par' dir='ltr' id='par_1_4' title="bbox 184 613 1387 706">
     <span class='ocr_line' id='line_1_5' title="bbox 184 613 1387 706; baseline -0.002 -28"><span class='ocrx_word' id='word_1_32' title='bbox 184 617 222 678; x_wconf 87' lang='lat' dir='ltr'><strong>ad</strong></span> <span class='ocrx_word' id='word_1_33' title='bbox 241 615 374 677; x_wconf 85' lang='lat' dir='ltr'><strong>homines</strong></span> <span class='ocrx_word' id='word_1_34' title='bbox 394 613 524 693; x_wconf 83' lang='lat' dir='ltr'><strong>duplices</strong></span> <span class='ocrx_word' id='word_1_35' title='bbox 544 614 636 674; x_wconf 92' lang='lat' dir='ltr'><strong>corde</strong></span> <span class='ocrx_word' id='word_1_36' title='bbox 655 626 687 675; x_wconf 83' lang='lat' dir='ltr'><strong>et</strong></span> <span class='ocrx_word' id='word_1_37' title='bbox 705 614 854 675; x_wconf 88' lang='lat' dir='ltr'><strong>simulatos</strong></span> <span class='ocrx_word' id='word_1_38' title='bbox 873 615 1030 676; x_wconf 69' lang='lat' dir='ltr'><strong>transtulit.</strong></span> <span class='ocrx_word' id='word_1_39' title='bbox 1070 616 1247 706; x_wconf 77' lang='lat' dir='ltr'><strong>Quanquam</strong></span> <span class='ocrx_word' id='word_1_40' title='bbox 1265 637 1315 676; x_wconf 87' lang='lat' dir='ltr'><strong>va·</strong></span> <span class='ocrx_word' id='word_1_41' title='bbox 1386 655 1387 706; x_wconf 20' lang='grc' dir='ltr'><strong>ᾗ</strong></span> 
     </span>
    </p>
   </div>
   <div class='ocr_carea' id='block_1_5' title="bbox 183 691 1314 784">
    <p class='ocr_par' dir='ltr' id='par_1_5' title="bbox 183 691 1314 784">
     <span class='ocr_line' id='line_1_6' title="bbox 183 691 1314 784; baseline 0 -32"><span class='ocrx_word' id='word_1_42' title='bbox 183 694 246 753; x_wconf 83' lang='lat' dir='ltr'><strong>riae</strong></span> <span class='ocrx_word' id='word_1_43' title='bbox 264 705 333 754; x_wconf 87' lang='lat' dir='ltr'><strong>suut</strong></span> <span class='ocrx_word' id='word_1_44' title='bbox 350 691 570 772; x_wconf 80' lang='lat' dir='ltr'><strong>hypocritarum</strong></span> <span class='ocrx_word' id='word_1_45' title='bbox 589 691 713 771; x_wconf 87' lang='lat' dir='ltr'><strong>species,</strong></span> <span class='ocrx_word' id='word_1_46' title='bbox 733 692 848 771; x_wconf 88' lang='lat' dir='ltr'><strong>quidam</strong></span> <span class='ocrx_word' id='word_1_47' title='bbox 869 691 947 750; x_wconf 89' lang='lat' dir='ltr'><strong>euim</strong></span> <span class='ocrx_word' id='word_1_48' title='bbox 968 691 1097 784; x_wconf 80' lang='lat' dir='ltr'><strong>quamvis</strong></span> <span class='ocrx_word' id='word_1_49' title='bbox 1113 712 1237 772; x_wconf 77' lang='lat' dir='ltr'><strong>pessime</strong></span> <span class='ocrx_word' id='word_1_50' title='bbox 1256 693 1314 762; x_wconf 87' lang='lat' dir='ltr'><strong>sibi</strong></span> 
     </span>
    </p>
   </div>
   <div class='ocr_carea' id='block_1_6' title="bbox 185 768 1387 858">
    <p class='ocr_par' dir='ltr' id='par_1_6' title="bbox 185 768 1387 858">
     <span class='ocr_line' id='line_1_7' title="bbox 185 768 1387 858; baseline 0.002 -28"><span class='ocrx_word' id='word_1_51' title='bbox 185 769 297 830; x_wconf 89' lang='lat' dir='ltr'><strong>conscii</strong></span> <span class='ocrx_word' id='word_1_52' title='bbox 315 769 389 842; x_wconf 79' lang='lat' dir='ltr'><strong>siut,</strong></span> <span class='ocrx_word' id='word_1_53' title='bbox 412 779 512 826; x_wconf 73' lang='lat' dir='ltr'><strong>umen</strong></span> <span class='ocrx_word' id='word_1_54' title='bbox 536 768 799 858; x_wconf 33' lang='lat' dir='ltr'><strong>impudenterflpro</strong></span> <span class='ocrx_word' id='word_1_55' title='bbox 826 768 911 828; x_wconf 88' lang='lat' dir='ltr'><strong>bonis</strong></span> <span class='ocrx_word' id='word_1_56' title='bbox 931 770 998 828; x_wconf 89' lang='lat' dir='ltr'><strong>virrs</strong></span> <span class='ocrx_word' id='word_1_57' title='bbox 1023 789 1123 830; x_wconf 90' lang='lat' dir='ltr'><strong>coram</strong></span> <span class='ocrx_word' id='word_1_58' title='bbox 1146 768 1256 829; x_wconf 90' lang='lat' dir='ltr'><strong>mundo</strong></span> <span class='ocrx_word' id='word_1_59' title='bbox 1281 790 1312 832; x_wconf 89' lang='lat' dir='ltr'><strong>se</strong></span> <span class='ocrx_word' id='word_1_60' title='bbox 1386 783 1387 832; x_wconf 72' lang='grc' dir='ltr'>ἶ</span> 
     </span>
    </p>
   </div>
   <div class='ocr_carea' id='block_1_7' title="bbox 147 843 1311 1694">
    <p class='ocr_par' dir='ltr' id='par_1_7' title="bbox 147 843 1311 1694">
     <span class='ocr_line' id='line_1_8' title="bbox 183 843 1311 927; baseline -0.004 -19"><span class='ocrx_word' id='word_1_61' title='bbox 183 847 345 919; x_wconf 78' lang='lat' dir='ltr'><strong>venditant,</strong></span> <span class='ocrx_word' id='word_1_62' title='bbox 365 855 396 904; x_wconf 89' lang='lat' dir='ltr'><strong>et</strong></span> <span class='ocrx_word' id='word_1_63' title='bbox 414 843 484 904; x_wconf 84' lang='lat' dir='ltr'><strong>vitia</strong></span> <span class='ocrx_word' id='word_1_64' title='bbox 503 865 711 924; x_wconf 56' lang='lat' dir='ltr'><strong>sua„quorum</strong></span> <span class='ocrx_word' id='word_1_65' title='bbox 731 857 810 905; x_wconf 80' lang='lat' dir='ltr'><strong>tutus</strong></span> <span class='ocrx_word' id='word_1_66' title='bbox 829 857 898 905; x_wconf 84' lang='lat' dir='ltr'><strong>sunt</strong></span> <span class='ocrx_word' id='word_1_67' title='bbox 917 845 1059 916; x_wconf 85' lang='lat' dir='ltr'><strong>convicti,</strong></span> <span class='ocrx_word' id='word_1_68' title='bbox 1079 857 1181 927; x_wconf 91' lang='lat' dir='ltr'><strong>tegere</strong></span> <span class='ocrx_word' id='word_1_69' title='bbox 1200 867 1311 904; x_wconf 89' lang='lat' dir='ltr'><strong>conan-</strong></span> 
     </span>
     <span class='ocr_line' id='line_1_9' title="bbox 182 920 1310 1002; baseline -0.004 -18"><span class='ocrx_word' id='word_1_70' title='bbox 182 933 240 984; x_wconf 89' lang='lat' dir='ltr'><strong>tur.</strong></span> <span class='ocrx_word' id='word_1_71' title='bbox 278 921 341 982; x_wconf 79' lang='lat' dir='ltr'><strong>Alii</strong></span> <span class='ocrx_word' id='word_1_72' title='bbox 357 920 414 982; x_wconf 84' lang='lat' dir='ltr'><strong>sibi</strong></span> <span class='ocrx_word' id='word_1_73' title='bbox 434 931 492 980; x_wconf 87' lang='lat' dir='ltr'><strong>tam</strong></span> <span class='ocrx_word' id='word_1_74' title='bbox 512 941 614 981; x_wconf 88' lang='lat' dir='ltr'><strong>secure</strong></span> <span class='ocrx_word' id='word_1_75' title='bbox 634 920 715 980; x_wconf 90' lang='lat' dir='ltr'><strong>indul</strong></span> <span class='ocrx_word' id='word_1_76' title='bbox 739 929 803 998; x_wconf 85' lang='lat' dir='ltr'><strong>eut,</strong></span> <span class='ocrx_word' id='word_1_77' title='bbox 828 933 862 980; x_wconf 88' lang='lat' dir='ltr'><strong>ut</strong></span> <span class='ocrx_word' id='word_1_78' title='bbox 885 923 973 983; x_wconf 93' lang='lat' dir='ltr'><strong>etiam</strong></span> <span class='ocrx_word' id='word_1_79' title='bbox 991 923 1153 1002; x_wconf 83' lang='lat' dir='ltr'><strong>perfectam</strong></span> <span class='ocrx_word' id='word_1_80' title='bbox 1171 923 1310 982; x_wconf 88' lang='lat' dir='ltr'><strong>iustitiam</strong></span> 
     </span>
     <span class='ocr_line' id='line_1_10' title="bbox 181 941 1309 1082; baseline -0.002 -21"><span class='ocrx_word' id='word_1_81' title='bbox 181 999 238 1061; x_wconf 90' lang='lat' dir='ltr'><strong>sibi</strong></span> <span class='ocrx_word' id='word_1_82' title='bbox 263 1017 409 1082; x_wconf 68' lang='lat' dir='ltr'><strong>arrogarey</strong></span> <span class='ocrx_word' id='word_1_83' title='bbox 433 997 561 1058; x_wconf 87' lang='lat' dir='ltr'><strong>audeaut</strong></span> <span class='ocrx_word' id='word_1_84' title='bbox 583 1015 684 1058; x_wconf 86' lang='lat' dir='ltr'><strong>coram</strong></span> <span class='ocrx_word' id='word_1_85' title='bbox 709 941 788 1058; x_wconf 60' lang='lat' dir='ltr'><strong>lieo.</strong></span> <span class='ocrx_word' id='word_1_86' title='bbox 829 998 891 1059; x_wconf 77' lang='lat' dir='ltr'><strong>Alii</strong></span> <span class='ocrx_word' id='word_1_87' title='bbox 921 1021 984 1060; x_wconf 92' lang='lat' dir='ltr'><strong>nou</strong></span> <span class='ocrx_word' id='word_1_88' title='bbox 1014 1000 1087 1060; x_wconf 81' lang='lat' dir='ltr'><strong>recti</strong></span> <span class='ocrx_word' id='word_1_89' title='bbox 1111 999 1226 1073; x_wconf 89' lang='lat' dir='ltr'><strong>studio,</strong></span> <span class='ocrx_word' id='word_1_90' title='bbox 1254 1019 1309 1060; x_wconf 87' lang='lat' dir='ltr'><strong>nec</strong></span> 
     </span>
     <span class='ocr_line' id='line_1_11' title="bbox 181 1074 1309 1160; baseline -0.002 -24"><span class='ocrx_word' id='word_1_91' title='bbox 181 1075 294 1160; x_wconf 68' lang='lat' dir='ltr'><strong>gloriae</strong></span> <span class='ocrx_word' id='word_1_92' title='bbox 305 1075 364 1135; x_wconf 90' lang='lat' dir='ltr'><strong>Dei</strong></span> <span class='ocrx_word' id='word_1_93' title='bbox 384 1095 480 1150; x_wconf 86' lang='lat' dir='ltr'><strong>causa,</strong></span> <span class='ocrx_word' id='word_1_94' title='bbox 499 1074 551 1135; x_wconf 90' lang='lat' dir='ltr'><strong>sed</strong></span> <span class='ocrx_word' id='word_1_95' title='bbox 568 1085 695 1150; x_wconf 88' lang='lat' dir='ltr'><strong>tantum,</strong></span> <span class='ocrx_word' id='word_1_96' title='bbox 712 1087 746 1135; x_wconf 91' lang='lat' dir='ltr'><strong>ut</strong></span> <span class='ocrx_word' id='word_1_97' title='bbox 765 1076 872 1136; x_wconf 88' lang='lat' dir='ltr'><strong>samam</strong></span> <span class='ocrx_word' id='word_1_98' title='bbox 891 1076 946 1137; x_wconf 90' lang='lat' dir='ltr'><strong>sibi</strong></span> <span class='ocrx_word' id='word_1_99' title='bbox 967 1088 997 1136; x_wconf 89' lang='lat' dir='ltr'><strong>et</strong></span> <span class='ocrx_word' id='word_1_100' title='bbox 1015 1075 1188 1157; x_wconf 87' lang='lat' dir='ltr'><strong>opinionem</strong></span> <span class='ocrx_word' id='word_1_101' title='bbox 1202 1076 1309 1135; x_wconf 87' lang='lat' dir='ltr'><strong>saucti-</strong></span> 
     </span>
     <span class='ocr_line' id='line_1_12' title="bbox 147 1151 1309 1246; baseline -0.003 -32"><span class='ocrx_word' id='word_1_102' title='bbox 147 1223 151 1237; x_wconf 50' lang='lat'><strong>,</strong></span> <span class='ocrx_word' id='word_1_103' title='bbox 180 1154 247 1214; x_wconf 83' lang='lat' dir='ltr'><strong>tatis</strong></span> <span class='ocrx_word' id='word_1_104' title='bbox 277 1152 448 1232; x_wconf 82' lang='lat' dir='ltr'><strong>acquirant,</strong></span> <span class='ocrx_word' id='word_1_105' title='bbox 478 1151 675 1216; x_wconf 77' lang='lat' dir='ltr'><strong>benefaciunt.</strong></span> <span class='ocrx_word' id='word_1_106' title='bbox 714 1153 799 1214; x_wconf 84' lang='lat' dir='ltr'><strong>blanc</strong></span> <span class='ocrx_word' id='word_1_107' title='bbox 822 1164 999 1246; x_wconf 81' lang='lat' dir='ltr'><strong>postremam</strong></span> <span class='ocrx_word' id='word_1_108' title='bbox 1024 1151 1151 1232; x_wconf 87' lang='lat' dir='ltr'><strong>speciem</strong></span> <span class='ocrx_word' id='word_1_109' title='bbox 1177 1151 1309 1212; x_wconf 85' lang='lat' dir='ltr'><strong>Christus</strong></span> 
     </span>
     <span class='ocr_line' id='line_1_13' title="bbox 180 1227 1307 1312; baseline -0.002 -21"><span class='ocrx_word' id='word_1_110' title='bbox 180 1251 260 1292; x_wconf 91' lang='lat' dir='ltr'><strong>nuuc</strong></span> <span class='ocrx_word' id='word_1_111' title='bbox 284 1229 433 1312; x_wconf 86' lang='lat' dir='ltr'><strong>designat,</strong></span> <span class='ocrx_word' id='word_1_112' title='bbox 458 1239 489 1288; x_wconf 88' lang='lat' dir='ltr'><strong>et</strong></span> <span class='ocrx_word' id='word_1_113' title='bbox 510 1227 576 1287; x_wconf 91' lang='lat' dir='ltr'><strong>iure</strong></span> <span class='ocrx_word' id='word_1_114' title='bbox 598 1240 686 1289; x_wconf 81' lang='lat' dir='ltr'><strong>vocat</strong></span> <span class='ocrx_word' id='word_1_115' title='bbox 708 1229 728 1287; x_wconf 96' lang='lat' dir='ltr'><strong>b</strong></span> <span class='ocrx_word' id='word_1_116' title='bbox 749 1242 893 1310; x_wconf 88' lang='lat' dir='ltr'><strong>pocrrtas,</strong></span> <span class='ocrx_word' id='word_1_117' title='bbox 923 1232 974 1310; x_wconf 93' lang='lat' dir='ltr'><strong>qui</strong></span> <span class='ocrx_word' id='word_1_118' title='bbox 999 1230 1069 1289; x_wconf 92' lang='lat' dir='ltr'><strong>dum</strong></span> <span class='ocrx_word' id='word_1_119' title='bbox 1088 1240 1201 1288; x_wconf 91' lang='lat' dir='ltr'><strong>rectum</strong></span> <span class='ocrx_word' id='word_1_120' title='bbox 1220 1229 1307 1289; x_wconf 87' lang='lat' dir='ltr'><strong>finem</strong></span> 
     </span>
     <span class='ocr_line' id='line_1_14' title="bbox 179 1252 1307 1395; baseline -0.002 -29"><span class='ocrx_word' id='word_1_121' title='bbox 179 1329 242 1368; x_wconf 88' lang='lat' dir='ltr'><strong>non</strong></span> <span class='ocrx_word' id='word_1_122' title='bbox 261 1305 372 1367; x_wconf 88' lang='lat' dir='ltr'><strong>babent</strong></span> <span class='ocrx_word' id='word_1_123' title='bbox 390 1305 448 1365; x_wconf 91' lang='lat' dir='ltr'><strong>sibi</strong></span> <span class='ocrx_word' id='word_1_124' title='bbox 466 1303 652 1395; x_wconf 86' lang='lat' dir='ltr'><strong>propositum</strong></span> <span class='ocrx_word' id='word_1_125' title='bbox 671 1306 703 1364; x_wconf 86' lang='lat' dir='ltr'><strong>ib</strong></span> <span class='ocrx_word' id='word_1_126' title='bbox 724 1252 811 1374; x_wconf 77' lang='lat' dir='ltr'><strong>donis</strong></span> <span class='ocrx_word' id='word_1_127' title='bbox 831 1307 986 1387; x_wconf 85' lang='lat' dir='ltr'><strong>operibus,</strong></span> <span class='ocrx_word' id='word_1_128' title='bbox 1009 1305 1133 1366; x_wconf 89' lang='lat' dir='ltr'><strong>alienam</strong></span> <span class='ocrx_word' id='word_1_129' title='bbox 1152 1325 1307 1386; x_wconf 86' lang='lat' dir='ltr'><strong>personam</strong></span> 
     </span>
     <span class='ocr_line' id='line_1_15' title="bbox 179 1380 1063 1475; baseline -0.003 -30"><span class='ocrx_word' id='word_1_130' title='bbox 179 1381 321 1459; x_wconf 84' lang='lat' dir='ltr'><strong>iuduunt,</strong></span> <span class='ocrx_word' id='word_1_131' title='bbox 339 1393 374 1443; x_wconf 85' lang='lat' dir='ltr'><strong>ut</strong></span> <span class='ocrx_word' id='word_1_132' title='bbox 391 1393 485 1442; x_wconf 87' lang='lat' dir='ltr'><strong>sauctr</strong></span> <span class='ocrx_word' id='word_1_133' title='bbox 502 1381 651 1460; x_wconf 86' lang='lat' dir='ltr'><strong>probique</strong></span> <span class='ocrx_word' id='word_1_134' title='bbox 669 1380 729 1442; x_wconf 91' lang='lat' dir='ltr'><strong>Dei</strong></span> <span class='ocrx_word' id='word_1_135' title='bbox 748 1383 877 1444; x_wconf 89' lang='lat' dir='ltr'><strong>cultores</strong></span> <span class='ocrx_word' id='word_1_136' title='bbox 896 1394 1063 1475; x_wconf 82' lang='lat' dir='ltr'><strong>appareant.</strong></span> 
     </span>
     <span class='ocr_line' id='line_1_16' title="bbox 254 1455 1306 1540; baseline 0 -22"><span class='ocrx_word' id='word_1_137' title='bbox 254 1467 283 1526; x_wconf 63' lang='lat' dir='ltr'><strong>a</strong></span> <span class='ocrx_word' id='word_1_138' title='bbox 321 1458 442 1518; x_wconf 77' lang='lat' dir='ltr'><strong>Nesciat</strong></span> <span class='ocrx_word' id='word_1_139' title='bbox 467 1460 587 1518; x_wconf 54' lang='lat' dir='ltr'><strong>moso</strong></span> <span class='ocrx_word' id='word_1_140' title='bbox 609 1469 670 1517; x_wconf 73' lang='lat' dir='ltr'><strong>nro.</strong></span> <span class='ocrx_word' id='word_1_141' title='bbox 709 1459 773 1520; x_wconf 89' lang='lat' dir='ltr'><strong>Hac</strong></span> <span class='ocrx_word' id='word_1_142' title='bbox 804 1459 984 1540; x_wconf 78' lang='lat' dir='ltr'><strong>loquutione</strong></span> <span class='ocrx_word' id='word_1_143' title='bbox 1014 1455 1167 1540; x_wconf 87' lang='lat' dir='ltr'><strong>intelligit,</strong></span> <span class='ocrx_word' id='word_1_144' title='bbox 1189 1457 1306 1518; x_wconf 90' lang='lat' dir='ltr'><strong>debere</strong></span> 
     </span>
     <span class='ocr_line' id='line_1_17' title="bbox 179 1534 1306 1617; baseline -0.002 -19"><span class='ocrx_word' id='word_1_145' title='bbox 179 1557 234 1600; x_wconf 84' lang='lat' dir='ltr'><strong>nos</strong></span> <span class='ocrx_word' id='word_1_146' title='bbox 253 1536 342 1608; x_wconf 80' lang='lat' dir='ltr'><strong>unico</strong></span> <span class='ocrx_word' id='word_1_147' title='bbox 365 1534 435 1596; x_wconf 88' lang='lat' dir='ltr'><strong>Deo</strong></span> <span class='ocrx_word' id='word_1_148' title='bbox 459 1545 536 1594; x_wconf 87' lang='lat' dir='ltr'><strong>teste</strong></span> <span class='ocrx_word' id='word_1_149' title='bbox 562 1545 721 1598; x_wconf 88' lang='lat' dir='ltr'><strong>contentos</strong></span> <span class='ocrx_word' id='word_1_150' title='bbox 745 1556 824 1610; x_wconf 83' lang='lat' dir='ltr'><strong>esse,</strong></span> <span class='ocrx_word' id='word_1_151' title='bbox 854 1549 943 1617; x_wconf 88' lang='lat' dir='ltr'><strong>atque</strong></span> <span class='ocrx_word' id='word_1_152' title='bbox 967 1537 1008 1598; x_wconf 86' lang='lat' dir='ltr'><strong>ita</strong></span> <span class='ocrx_word' id='word_1_153' title='bbox 1032 1537 1162 1596; x_wconf 88' lang='lat' dir='ltr'><strong>intentos</strong></span> <span class='ocrx_word' id='word_1_154' title='bbox 1188 1535 1221 1594; x_wconf 91' lang='lat' dir='ltr'><strong>in</strong></span> <span class='ocrx_word' id='word_1_155' title='bbox 1245 1536 1306 1596; x_wconf 87' lang='lat' dir='ltr'><strong>eius</strong></span> 
     </span>
     <span class='ocr_line' id='line_1_18' title="bbox 178 1609 1306 1694; baseline -0.004 -17"><span class='ocrx_word' id='word_1_156' title='bbox 178 1613 369 1694; x_wconf 83' lang='lat' dir='ltr'><strong>obsequium,</strong></span> <span class='ocrx_word' id='word_1_157' title='bbox 393 1609 526 1672; x_wconf 90' lang='lat' dir='ltr'><strong>utnulla</strong></span> <span class='ocrx_word' id='word_1_158' title='bbox 544 1612 673 1674; x_wconf 81' lang='lat' dir='ltr'><strong>vanitate</strong></span> <span class='ocrx_word' id='word_1_159' title='bbox 692 1613 941 1674; x_wconf 82' lang='lat' dir='ltr'><strong>circumferamur.</strong></span> <span class='ocrx_word' id='word_1_160' title='bbox 981 1613 1075 1694; x_wconf 88' lang='lat' dir='ltr'><strong>Saepe</strong></span> <span class='ocrx_word' id='word_1_161' title='bbox 1095 1612 1173 1671; x_wconf 92' lang='lat' dir='ltr'><strong>enim</strong></span> <span class='ocrx_word' id='word_1_162' title='bbox 1197 1611 1247 1689; x_wconf 85' lang='lat' dir='ltr'><strong>fit,</strong></span> <span class='ocrx_word' id='word_1_163' title='bbox 1273 1623 1306 1672; x_wconf 89' lang='lat' dir='ltr'><strong>ut</strong></span> 
     </span>
    </p>
   </div>
   <div class='ocr_carea' id='block_1_8' title="bbox 95 1681 1387 1846">
    <p class='ocr_par' dir='ltr' id='par_1_8' title="bbox 95 1681 1387 1846">
     <span class='ocr_line' id='line_1_19' title="bbox 95 1681 1387 1772; baseline -0.002 -21"><span class='ocrx_word' id='word_1_164' title='bbox 95 1681 100 1694; x_wconf 59' lang='lat'><em>¹</em></span> <span class='ocrx_word' id='word_1_165' title='bbox 177 1712 240 1751; x_wconf 87' lang='lat' dir='ltr'><strong>uon</strong></span> <span class='ocrx_word' id='word_1_166' title='bbox 259 1703 320 1751; x_wconf 90' lang='lat' dir='ltr'><strong>tam</strong></span> <span class='ocrx_word' id='word_1_167' title='bbox 337 1689 406 1749; x_wconf 88' lang='lat' dir='ltr'><strong>Deo</strong></span> <span class='ocrx_word' id='word_1_168' title='bbox 426 1687 592 1748; x_wconf 84' lang='lat' dir='ltr'><strong>sacrificent</strong></span> <span class='ocrx_word' id='word_1_169' title='bbox 612 1688 745 1751; x_wconf 90' lang='lat' dir='ltr'><strong>homines</strong></span> <span class='ocrx_word' id='word_1_170' title='bbox 765 1711 852 1770; x_wconf 90' lang='lat' dir='ltr'><strong>quam</strong></span> <span class='ocrx_word' id='word_1_171' title='bbox 871 1690 927 1750; x_wconf 91' lang='lat' dir='ltr'><strong>sibi</strong></span> <span class='ocrx_word' id='word_1_172' title='bbox 946 1689 1023 1772; x_wconf 90' lang='lat' dir='ltr'><strong>ipsis.</strong></span> <span class='ocrx_word' id='word_1_173' title='bbox 1061 1690 1130 1749; x_wconf 91' lang='lat' dir='ltr'><strong>Non</strong></span> <span class='ocrx_word' id='word_1_174' title='bbox 1150 1687 1212 1750; x_wconf 86' lang='lat' dir='ltr'><strong>vult</strong></span> <span class='ocrx_word' id='word_1_175' title='bbox 1233 1710 1304 1771; x_wconf 90' lang='lat' dir='ltr'><strong>ergo</strong></span> <span class='ocrx_word' id='word_1_176' title='bbox 1386 1711 1387 1768; x_wconf 46' lang='lat'>3</span> 
     </span>
     <span class='ocr_line' id='line_1_20' title="bbox 177 1759 1387 1846; baseline -0.003 -18"><span class='ocrx_word' id='word_1_177' title='bbox 177 1768 314 1828; x_wconf 82' lang='lat' dir='ltr'><strong>Christus</strong></span> <span class='ocrx_word' id='word_1_178' title='bbox 339 1764 466 1846; x_wconf 84' lang='lat' dir='ltr'><strong>obliquis</strong></span> <span class='ocrx_word' id='word_1_179' title='bbox 492 1759 720 1844; x_wconf 84' lang='lat' dir='ltr'><strong>cogitationibus</strong></span> <span class='ocrx_word' id='word_1_180' title='bbox 744 1788 799 1828; x_wconf 89' lang='lat' dir='ltr'><strong>nos</strong></span> <span class='ocrx_word' id='word_1_181' title='bbox 826 1767 962 1841; x_wconf 84' lang='lat' dir='ltr'><strong>distrahi,</strong></span> <span class='ocrx_word' id='word_1_182' title='bbox 992 1767 1043 1828; x_wconf 84' lang='lat' dir='ltr'><strong>sed</strong></span> <span class='ocrx_word' id='word_1_183' title='bbox 1068 1774 1148 1826; x_wconf 84' lang='lat' dir='ltr'><strong>recta</strong></span> <span class='ocrx_word' id='word_1_184' title='bbox 1172 1767 1202 1825; x_wconf 88' lang='lat' dir='ltr'><strong>iu</strong></span> <span class='ocrx_word' id='word_1_185' title='bbox 1228 1765 1306 1826; x_wconf 93' lang='lat' dir='ltr'><strong>bunc</strong></span> <span class='ocrx_word' id='word_1_186' title='bbox 1386 1807 1387 1824; x_wconf 75' lang='lat'><strong>.</strong></span> 
     </span>
    </p>
   </div>
   <div class='ocr_carea' id='block_1_9' title="bbox 102 1842 1304 2080">
    <p class='ocr_par' dir='ltr' id='par_1_9' title="bbox 102 1842 1304 2080">
     <span class='ocr_line' id='line_1_21' title="bbox 102 1842 1067 1925; baseline -0.006 -15"><span class='ocrx_word' id='word_1_187' title='bbox 102 1864 104 1872; x_wconf 80' lang='grc'>’</span> <span class='ocrx_word' id='word_1_188' title='bbox 175 1861 298 1925; x_wconf 77' lang='lat' dir='ltr'><strong>scopum</strong></span> <span class='ocrx_word' id='word_1_189' title='bbox 315 1843 451 1918; x_wconf 89' lang='lat' dir='ltr'><strong>tendere,</strong></span> <span class='ocrx_word' id='word_1_190' title='bbox 470 1853 504 1904; x_wconf 89' lang='lat' dir='ltr'><strong>ut</strong></span> <span class='ocrx_word' id='word_1_191' title='bbox 521 1844 618 1906; x_wconf 89' lang='lat' dir='ltr'><strong>Deum</strong></span> <span class='ocrx_word' id='word_1_192' title='bbox 637 1862 710 1922; x_wconf 86' lang='lat' dir='ltr'><strong>pura</strong></span> <span class='ocrx_word' id='word_1_193' title='bbox 730 1844 910 1906; x_wconf 86' lang='lat' dir='ltr'><strong>couscientia</strong></span> <span class='ocrx_word' id='word_1_194' title='bbox 929 1842 1067 1906; x_wconf 88' lang='lat' dir='ltr'><strong>colamus.</strong></span> 
     </span>
     <span class='ocr_line' id='line_1_22' title="bbox 252 1919 1304 1998; baseline -0.006 -14"><span class='ocrx_word' id='word_1_195' title='bbox 252 1927 280 1984; x_wconf 88' lang='grc'><strong>4.</strong></span> <span class='ocrx_word' id='word_1_196' title='bbox 317 1919 510 1998; x_wconf 75' lang='lat' dir='ltr'><strong>Elcmosyaa</strong></span> <span class='ocrx_word' id='word_1_197' title='bbox 533 1933 585 1980; x_wconf 82' lang='lat' dir='ltr'><strong>tuo</strong></span> <span class='ocrx_word' id='word_1_198' title='bbox 608 1923 641 1980; x_wconf 79' lang='lat' dir='ltr'><strong>in</strong></span> <span class='ocrx_word' id='word_1_199' title='bbox 665 1919 783 1980; x_wconf 72' lang='lat' dir='ltr'><strong>comalio.</strong></span> <span class='ocrx_word' id='word_1_200' title='bbox 822 1921 949 1980; x_wconf 90' lang='lat' dir='ltr'><strong>Videtur</strong></span> <span class='ocrx_word' id='word_1_201' title='bbox 974 1922 1045 1982; x_wconf 87' lang='lat' dir='ltr'><strong>baec</strong></span> <span class='ocrx_word' id='word_1_202' title='bbox 1070 1920 1214 1980; x_wconf 85' lang='lat' dir='ltr'><strong>sententia</strong></span> <span class='ocrx_word' id='word_1_203' title='bbox 1238 1942 1304 1979; x_wconf 92' lang='lat' dir='ltr'><strong>cum</strong></span> 
     </span>
     <span class='ocr_line' id='line_1_23' title="bbox 175 1993 1304 2080; baseline 0.002 -22"><span class='ocrx_word' id='word_1_204' title='bbox 175 1995 274 2058; x_wconf 88' lang='lat' dir='ltr'><strong>multis</strong></span> <span class='ocrx_word' id='word_1_205' title='bbox 300 1995 471 2076; x_wconf 85' lang='lat' dir='ltr'><strong>Scripturae</strong></span> <span class='ocrx_word' id='word_1_206' title='bbox 503 1996 576 2058; x_wconf 86' lang='lat' dir='ltr'><strong>locis</strong></span> <span class='ocrx_word' id='word_1_207' title='bbox 602 2017 749 2080; x_wconf 88' lang='lat' dir='ltr'><strong>pugnare,</strong></span> <span class='ocrx_word' id='word_1_208' title='bbox 783 1993 832 2056; x_wconf 94' lang='lat' dir='ltr'><strong>ubi</strong></span> <span class='ocrx_word' id='word_1_209' title='bbox 855 1995 994 2056; x_wconf 90' lang='lat' dir='ltr'><strong>iubemur</strong></span> <span class='ocrx_word' id='word_1_210' title='bbox 1019 1997 1123 2058; x_wconf 86' lang='lat' dir='ltr'><strong>iratres</strong></span> <span class='ocrx_word' id='word_1_211' title='bbox 1149 1995 1304 2060; x_wconf 86' lang='lat' dir='ltr'><strong>aedificare</strong></span> 
     </span>
    </p>
   </div>
   <div class='ocr_carea' id='block_1_10' title="bbox 176 2071 1387 2166">
    <p class='ocr_par' dir='ltr' id='par_1_10' title="bbox 176 2071 1387 2166">
     <span class='ocr_line' id='line_1_24' title="bbox 176 2071 1387 2166; baseline 0 -33"><span class='ocrx_word' id='word_1_212' title='bbox 176 2073 264 2134; x_wconf 89' lang='lat' dir='ltr'><strong>bonis</strong></span> <span class='ocrx_word' id='word_1_213' title='bbox 289 2071 434 2154; x_wconf 87' lang='lat' dir='ltr'><strong>exemplis.</strong></span> <span class='ocrx_word' id='word_1_214' title='bbox 473 2072 534 2134; x_wconf 87' lang='lat' dir='ltr'><strong>Sed</strong></span> <span class='ocrx_word' id='word_1_215' title='bbox 554 2072 578 2134; x_wconf 90' lang='lat' dir='ltr'><strong>si</strong></span> <span class='ocrx_word' id='word_1_216' title='bbox 601 2085 735 2134; x_wconf 87' lang='lat' dir='ltr'><strong>tetremns</strong></span> <span class='ocrx_word' id='word_1_217' title='bbox 756 2073 868 2136; x_wconf 88' lang='lat' dir='ltr'><strong>Christi</strong></span> <span class='ocrx_word' id='word_1_218' title='bbox 888 2074 1056 2150; x_wconf 90' lang='lat' dir='ltr'><strong>consilium,</strong></span> <span class='ocrx_word' id='word_1_219' title='bbox 1079 2072 1167 2134; x_wconf 81' lang='lat' dir='ltr'><strong>rerba</strong></span> <span class='ocrx_word' id='word_1_220' title='bbox 1188 2071 1304 2166; x_wconf 73' lang='lat' dir='ltr'><strong>longius</strong></span> <span class='ocrx_word' id='word_1_221' title='bbox 1386 2129 1387 2142; x_wconf 66' lang='grc'>,</span> 
     </span>
    </p>
   </div>
   <div class='ocr_carea' id='block_1_11' title="bbox 173 2148 1304 2231">
    <p class='ocr_par' dir='ltr' id='par_1_11' title="bbox 173 2148 1304 2231">
     <span class='ocr_line' id='line_1_25' title="bbox 173 2148 1304 2231; baseline -0.002 -19"><span class='ocrx_word' id='word_1_222' title='bbox 173 2148 291 2212; x_wconf 81' lang='lat' dir='ltr'><strong>trabere</strong></span> <span class='ocrx_word' id='word_1_223' title='bbox 310 2170 365 2212; x_wconf 91' lang='lat' dir='ltr'><strong>nos</strong></span> <span class='ocrx_word' id='word_1_224' title='bbox 385 2161 513 2230; x_wconf 81' lang='lat' dir='ltr'><strong>oportet.</strong></span> <span class='ocrx_word' id='word_1_225' title='bbox 557 2149 648 2212; x_wconf 90' lang='lat' dir='ltr'><strong>Iubet</strong></span> <span class='ocrx_word' id='word_1_226' title='bbox 664 2171 733 2212; x_wconf 89' lang='lat' dir='ltr'><strong>suos</strong></span> <span class='ocrx_word' id='word_1_227' title='bbox 759 2151 916 2231; x_wconf 88' lang='lat' dir='ltr'><strong>discipulos</strong></span> <span class='ocrx_word' id='word_1_228' title='bbox 940 2171 1016 2231; x_wconf 89' lang='lat' dir='ltr'><strong>pure</strong></span> <span class='ocrx_word' id='word_1_229' title='bbox 1041 2163 1073 2218; x_wconf 89' lang='lat' dir='ltr'><strong>et</strong></span> <span class='ocrx_word' id='word_1_230' title='bbox 1095 2148 1199 2230; x_wconf 89' lang='lat' dir='ltr'><strong>procul</strong></span> <span class='ocrx_word' id='word_1_231' title='bbox 1223 2172 1304 2210; x_wconf 88' lang='lat' dir='ltr'><strong>omur</strong></span> 
     </span>
    </p>
   </div>
   <div class='ocr_carea' id='block_1_12' title="bbox 174 2224 1387 2310">
    <p class='ocr_par' dir='ltr' id='par_1_12' title="bbox 174 2224 1387 2310">
     <span class='ocr_line' id='line_1_26' title="bbox 174 2224 1387 2310; baseline -0.003 -24"><span class='ocrx_word' id='word_1_232' title='bbox 174 2224 442 2288; x_wconf 80' lang='lat' dir='ltr'><strong>ambitione‘bonir</strong></span> <span class='ocrx_word' id='word_1_233' title='bbox 461 2227 602 2308; x_wconf 83' lang='lat' dir='ltr'><strong>operibus</strong></span> <span class='ocrx_word' id='word_1_234' title='bbox 622 2229 691 2290; x_wconf 85' lang='lat' dir='ltr'><strong>dare</strong></span> <span class='ocrx_word' id='word_1_235' title='bbox 710 2249 843 2310; x_wconf 87' lang='lat' dir='ltr'><strong>operam:</strong></span> <span class='ocrx_word' id='word_1_236' title='bbox 865 2240 899 2288; x_wconf 89' lang='lat' dir='ltr'><strong>ut</strong></span> <span class='ocrx_word' id='word_1_237' title='bbox 916 2227 975 2290; x_wconf 95' lang='lat' dir='ltr'><strong>boc</strong></span> <span class='ocrx_word' id='word_1_238' title='bbox 994 2228 1053 2305; x_wconf 87' lang='lat' dir='ltr'><strong>fiat,</strong></span> <span class='ocrx_word' id='word_1_239' title='bbox 1072 2227 1174 2288; x_wconf 91' lang='lat' dir='ltr'><strong>oculos</strong></span> <span class='ocrx_word' id='word_1_240' title='bbox 1194 2227 1230 2287; x_wconf 86' lang='lat' dir='ltr'><strong>ab</strong></span> <span class='ocrx_word' id='word_1_241' title='bbox 1246 2227 1301 2286; x_wconf 91' lang='lat' dir='ltr'><strong>bo·</strong></span> <span class='ocrx_word' id='word_1_242' title='bbox 1386 2245 1387 2282; x_wconf 76' lang='grc'>;</span> 
     </span>
    </p>
   </div>
   <div class='ocr_carea' id='block_1_13' title="bbox 172 2301 1301 2541">
    <p class='ocr_par' dir='ltr' id='par_1_13' title="bbox 172 2301 1301 2541">
     <span class='ocr_line' id='line_1_27' title="bbox 172 2301 1301 2398; baseline 0.001 -37"><span class='ocrx_word' id='word_1_243' title='bbox 172 2303 286 2363; x_wconf 88' lang='lat' dir='ltr'><strong>minum</strong></span> <span class='ocrx_word' id='word_1_244' title='bbox 304 2301 413 2365; x_wconf 86' lang='lat' dir='ltr'><strong>iutuitu</strong></span> <span class='ocrx_word' id='word_1_245' title='bbox 430 2301 493 2364; x_wconf 88' lang='lat' dir='ltr'><strong>vult</strong></span> <span class='ocrx_word' id='word_1_246' title='bbox 512 2323 574 2366; x_wconf 88' lang='lat' dir='ltr'><strong>esse</strong></span> <span class='ocrx_word' id='word_1_247' title='bbox 594 2314 726 2380; x_wconf 75' lang='lat' dir='ltr'><strong>aversos,</strong></span> <span class='ocrx_word' id='word_1_248' title='bbox 753 2328 813 2398; x_wconf 92' lang='lat' dir='ltr'><strong>quo</strong></span> <span class='ocrx_word' id='word_1_249' title='bbox 832 2306 900 2368; x_wconf 89' lang='lat' dir='ltr'><strong>satis</strong></span> <span class='ocrx_word' id='word_1_250' title='bbox 920 2304 1046 2366; x_wconf 87' lang='lat' dir='ltr'><strong>babeant</strong></span> <span class='ocrx_word' id='word_1_251' title='bbox 1064 2327 1115 2365; x_wconf 89' lang='lat' dir='ltr'><strong>sua</strong></span> <span class='ocrx_word' id='word_1_252' title='bbox 1134 2303 1232 2364; x_wconf 86' lang='lat' dir='ltr'><strong>officia</strong></span> <span class='ocrx_word' id='word_1_253' title='bbox 1250 2305 1301 2362; x_wconf 91' lang='lat' dir='ltr'><strong>uni</strong></span> 
     </span>
     <span class='ocr_line' id='line_1_28' title="bbox 172 2376 1299 2465; baseline 0.001 -27"><span class='ocrx_word' id='word_1_254' title='bbox 172 2379 241 2442; x_wconf 84' lang='lat' dir='ltr'><strong>Deo</strong></span> <span class='ocrx_word' id='word_1_255' title='bbox 265 2376 404 2462; x_wconf 87' lang='lat' dir='ltr'><strong>probare.</strong></span> <span class='ocrx_word' id='word_1_256' title='bbox 441 2381 524 2442; x_wconf 88' lang='lat' dir='ltr'><strong>Haec</strong></span> <span class='ocrx_word' id='word_1_257' title='bbox 549 2401 620 2442; x_wconf 85' lang='lat' dir='ltr'><strong>vero</strong></span> <span class='ocrx_word' id='word_1_258' title='bbox 644 2382 813 2465; x_wconf 73' lang='lat' dir='ltr'><strong>simplicitas</strong></span> <span class='ocrx_word' id='word_1_259' title='bbox 837 2381 958 2444; x_wconf 88' lang='lat' dir='ltr'><strong>minime</strong></span> <span class='ocrx_word' id='word_1_260' title='bbox 985 2382 1107 2462; x_wconf 88' lang='lat' dir='ltr'><strong>impedit</strong></span> <span class='ocrx_word' id='word_1_261' title='bbox 1131 2381 1299 2442; x_wconf 86' lang='lat' dir='ltr'><strong>aedificandi</strong></span> 
     </span>
     <span class='ocr_line' id='line_1_29' title="bbox 172 2457 1299 2541; baseline -0.001 -23"><span class='ocrx_word' id='word_1_262' title='bbox 172 2477 269 2518; x_wconf 90' lang='lat' dir='ltr'><strong>curam</strong></span> <span class='ocrx_word' id='word_1_263' title='bbox 291 2479 325 2519; x_wconf 90' lang='lat' dir='ltr'><strong>ac</strong></span> <span class='ocrx_word' id='word_1_264' title='bbox 345 2457 481 2520; x_wconf 85' lang='lat' dir='ltr'><strong>studium.</strong></span> <span class='ocrx_word' id='word_1_265' title='bbox 520 2457 560 2517; x_wconf 88' lang='lat' dir='ltr'><strong>Et</strong></span> <span class='ocrx_word' id='word_1_266' title='bbox 579 2471 659 2520; x_wconf 86' lang='lat' dir='ltr'><strong>certe</strong></span> <span class='ocrx_word' id='word_1_267' title='bbox 680 2460 768 2541; x_wconf 90' lang='lat' dir='ltr'><strong>paulo</strong></span> <span class='ocrx_word' id='word_1_268' title='bbox 788 2473 856 2520; x_wconf 89' lang='lat' dir='ltr'><strong>ante</strong></span> <span class='ocrx_word' id='word_1_269' title='bbox 876 2480 937 2519; x_wconf 91' lang='lat' dir='ltr'><strong>non</strong></span> <span class='ocrx_word' id='word_1_270' title='bbox 956 2459 1087 2538; x_wconf 89' lang='lat' dir='ltr'><strong>praecise</strong></span> <span class='ocrx_word' id='word_1_271' title='bbox 1106 2458 1299 2518; x_wconf 87' lang='lat' dir='ltr'><strong>vetuitbene·</strong></span> 
     </span>
    </p>
   </div>
   <div class='ocr_carea' id='block_1_14' title="bbox 169 2533 1387 2824">
    <p class='ocr_par' dir='ltr' id='par_1_14' title="bbox 169 2533 1387 2824">
     <span class='ocr_line' id='line_1_30' title="bbox 171 2533 1387 2610; baseline 0 -16"><span class='ocrx_word' id='word_1_272' title='bbox 171 2533 270 2595; x_wconf 85' lang='lat' dir='ltr'><strong>lacere</strong></span> <span class='ocrx_word' id='word_1_273' title='bbox 288 2556 390 2610; x_wconf 86' lang='lat' dir='ltr'><strong>coram</strong></span> <span class='ocrx_word' id='word_1_274' title='bbox 411 2533 588 2608; x_wconf 88' lang='lat' dir='ltr'><strong>bominibus,</strong></span> <span class='ocrx_word' id='word_1_275' title='bbox 605 2537 657 2597; x_wconf 86' lang='lat' dir='ltr'><strong>scd</strong></span> <span class='ocrx_word' id='word_1_276' title='bbox 677 2538 907 2598; x_wconf 88' lang='lat' dir='ltr'><strong>ostentationem</strong></span> <span class='ocrx_word' id='word_1_277' title='bbox 927 2535 1081 2596; x_wconf 69' lang='lat' dir='ltr'><strong>damnavit.</strong></span> <span class='ocrx_word' id='word_1_278' title='bbox 1118 2534 1210 2594; x_wconf 84' lang='lat' dir='ltr'><strong>Pater</strong></span> <span class='ocrx_word' id='word_1_279' title='bbox 1227 2549 1300 2610; x_wconf 76' lang='lat' dir='ltr'><strong>ruso,</strong></span> <span class='ocrx_word' id='word_1_280' title='bbox 1386 2571 1387 2576; x_wconf 22' lang='grc' dir='ltr'><strong><em>κ</em></strong></span> 
     </span>
     <span class='ocr_line' id='line_1_31' title="bbox 169 2609 1387 2704; baseline -0.001 -34"><span class='ocrx_word' id='word_1_281' title='bbox 169 2614 222 2704; x_wconf 77' lang='lat' dir='ltr'><strong>qui</strong></span> <span class='ocrx_word' id='word_1_282' title='bbox 244 2611 319 2672; x_wconf 79' lang='lat' dir='ltr'><strong>uidet</strong></span> <span class='ocrx_word' id='word_1_283' title='bbox 340 2615 373 2702; x_wconf 74' lang='lat' dir='ltr'><strong>io</strong></span> <span class='ocrx_word' id='word_1_284' title='bbox 396 2609 516 2671; x_wconf 80' lang='lat' dir='ltr'><strong>occulto.</strong></span> <span class='ocrx_word' id='word_1_285' title='bbox 562 2613 667 2673; x_wconf 86' lang='lat' dir='ltr'><strong>Tacite</strong></span> <span class='ocrx_word' id='word_1_286' title='bbox 692 2615 865 2697; x_wconf 84' lang='lat' dir='ltr'><strong>perstringit</strong></span> <span class='ocrx_word' id='word_1_287' title='bbox 895 2612 1062 2688; x_wconf 84' lang='lat' dir='ltr'><strong>stultitiam,</strong></span> <span class='ocrx_word' id='word_1_288' title='bbox 1091 2633 1166 2692; x_wconf 91' lang='lat' dir='ltr'><strong>quae</strong></span> <span class='ocrx_word' id='word_1_289' title='bbox 1182 2613 1299 2704; x_wconf 38' lang='lat' dir='ltr'><strong>&#39;passim</strong></span> <span class='ocrx_word' id='word_1_290' title='bbox 1386 2639 1387 2644; x_wconf 42' lang='lat'>¹</span> 
     </span>
     <span class='ocr_line' id='line_1_32' title="bbox 169 2689 1387 2824; baseline 0.001 -78"><span class='ocrx_word' id='word_1_291' title='bbox 169 2699 248 2747; x_wconf 88' lang='lat' dir='ltr'><strong>rnter</strong></span> <span class='ocrx_word' id='word_1_292' title='bbox 268 2689 402 2749; x_wconf 77' lang='lat' dir='ltr'><strong>homines</strong></span> <span class='ocrx_word' id='word_1_293' title='bbox 421 2697 535 2824; x_wconf 85' lang='lat' dir='ltr'><strong>regnat,</strong></span> <span class='ocrx_word' id='word_1_294' title='bbox 556 2689 635 2766; x_wconf 86' lang='lat' dir='ltr'><strong>quod</strong></span> <span class='ocrx_word' id='word_1_295' title='bbox 654 2690 710 2750; x_wconf 88' lang='lat' dir='ltr'><strong>sibi</strong></span> <span class='ocrx_word' id='word_1_296' title='bbox 730 2691 869 2751; x_wconf 85' lang='lat' dir='ltr'><strong>videntur</strong></span> <span class='ocrx_word' id='word_1_297' title='bbox 888 2711 1013 2772; x_wconf 41' lang='lat' dir='ltr'><strong>operam,</strong></span> <span class='ocrx_word' id='word_1_298' title='bbox 1028 2689 1139 2766; x_wconf 83' lang='lat' dir='ltr'><strong>lusisse,</strong></span> <span class='ocrx_word' id='word_1_299' title='bbox 1159 2711 1214 2748; x_wconf 84' lang='lat' dir='ltr'><strong>nrsr</strong></span> <span class='ocrx_word' id='word_1_300' title='bbox 1232 2709 1300 2769; x_wconf 89' lang='lat' dir='ltr'><strong>spe·</strong></span> <span class='ocrx_word' id='word_1_301' title='bbox 1386 2759 1387 2764; x_wconf 7' lang='grc' dir='ltr'>ἵ</span> 
     </span>
    </p>
   </div>
   <div class='ocr_carea' id='block_1_15' title="bbox 127 2764 1301 3003">
    <p class='ocr_par' dir='ltr' id='par_1_15' title="bbox 127 2764 1301 3003">
     <span class='ocr_line' id='line_1_33' title="bbox 127 2764 1300 2849; baseline 0.003 -26"><span class='ocrx_word' id='word_1_302' title='bbox 127 2829 130 2843; x_wconf 46' lang='grc'><strong><em>,</em></strong></span> <span class='ocrx_word' id='word_1_303' title='bbox 170 2774 244 2824; x_wconf 87' lang='lat' dir='ltr'><strong>ctata</strong></span> <span class='ocrx_word' id='word_1_304' title='bbox 264 2765 354 2823; x_wconf 87' lang='lat' dir='ltr'><strong>luerit</strong></span> <span class='ocrx_word' id='word_1_305' title='bbox 372 2785 389 2823; x_wconf 90' lang='lat' dir='ltr'><strong>a</strong></span> <span class='ocrx_word' id='word_1_306' title='bbox 407 2783 457 2822; x_wconf 90' lang='lat' dir='ltr'><strong>mu</strong></span> <span class='ocrx_word' id='word_1_307' title='bbox 471 2764 506 2824; x_wconf 90' lang='lat' dir='ltr'><strong>tis</strong></span> <span class='ocrx_word' id='word_1_308' title='bbox 525 2764 648 2826; x_wconf 88' lang='lat' dir='ltr'><strong>testibus</strong></span> <span class='ocrx_word' id='word_1_309' title='bbox 669 2786 772 2826; x_wconf 88' lang='lat' dir='ltr'><strong>eorum</strong></span> <span class='ocrx_word' id='word_1_310' title='bbox 792 2768 889 2826; x_wconf 81' lang='lat' dir='ltr'><strong>virtus.</strong></span> <span class='ocrx_word' id='word_1_311' title='bbox 921 2768 1018 2826; x_wconf 91' lang='lat' dir='ltr'><strong>Deum</strong></span> <span class='ocrx_word' id='word_1_312' title='bbox 1032 2787 1179 2849; x_wconf 89' lang='lat' dir='ltr'><strong>ergonon</strong></span> <span class='ocrx_word' id='word_1_313' title='bbox 1194 2787 1300 2847; x_wconf 88' lang='lat' dir='ltr'><strong>magua</strong></span> 
     </span>
     <span class='ocr_line' id='line_1_34' title="bbox 169 2837 1301 2978; baseline 0.004 -81"><span class='ocrx_word' id='word_1_314' title='bbox 169 2837 236 2898; x_wconf 89' lang='lat' dir='ltr'><strong>luce</strong></span> <span class='ocrx_word' id='word_1_315' title='bbox 255 2840 389 2932; x_wconf 77' lang='lat' dir='ltr'><strong>indigere</strong></span> <span class='ocrx_word' id='word_1_316' title='bbox 408 2840 489 2915; x_wconf 88' lang='lat' dir='ltr'><strong>dicit,</strong></span> <span class='ocrx_word' id='word_1_317' title='bbox 509 2851 542 2899; x_wconf 91' lang='lat' dir='ltr'><strong>ut</strong></span> <span class='ocrx_word' id='word_1_318' title='bbox 561 2853 701 2978; x_wconf 73' lang='lat' dir='ltr'><strong>agnoscat</strong></span> <span class='ocrx_word' id='word_1_319' title='bbox 721 2842 891 2903; x_wconf 80' lang='lat' dir='ltr'><strong>benefacta:</strong></span> <span class='ocrx_word' id='word_1_320' title='bbox 912 2844 978 2922; x_wconf 89' lang='lat' dir='ltr'><strong>quia</strong></span> <span class='ocrx_word' id='word_1_321' title='bbox 998 2842 1039 2902; x_wconf 94' lang='lat' dir='ltr'><strong>illi</strong></span> <span class='ocrx_word' id='word_1_322' title='bbox 1060 2843 1215 2922; x_wconf 83' lang='lat' dir='ltr'><strong>conspicua</strong></span> <span class='ocrx_word' id='word_1_323' title='bbox 1231 2855 1301 2902; x_wconf 91' lang='lat' dir='ltr'><strong>sunt</strong></span> 
     </span>
     <span class='ocr_line' id='line_1_35' title="bbox 169 2916 1300 3003; baseline 0.007 -31"><span class='ocrx_word' id='word_1_324' title='bbox 169 2934 244 2994; x_wconf 91' lang='lat' dir='ltr'><strong>quae</strong></span> <span class='ocrx_word' id='word_1_325' title='bbox 262 2916 394 2978; x_wconf 80' lang='lat' dir='ltr'><strong>tenebris</strong></span> <span class='ocrx_word' id='word_1_326' title='bbox 412 2917 526 2998; x_wconf 87' lang='lat' dir='ltr'><strong>sepulta</strong></span> <span class='ocrx_word' id='word_1_327' title='bbox 545 2940 573 2979; x_wconf 90' lang='lat' dir='ltr'><strong>vr</strong></span> <span class='ocrx_word' id='word_1_328' title='bbox 596 2929 690 2976; x_wconf 88' lang='lat' dir='ltr'><strong>entur.</strong></span> <span class='ocrx_word' id='word_1_329' title='bbox 728 2920 797 2979; x_wconf 90' lang='lat' dir='ltr'><strong>Non</strong></span> <span class='ocrx_word' id='word_1_330' title='bbox 818 2931 862 2979; x_wconf 86' lang='lat' dir='ltr'><strong>est</strong></span> <span class='ocrx_word' id='word_1_331' title='bbox 881 2921 986 3003; x_wconf 87' lang='lat' dir='ltr'><strong>igitur,</strong></span> <span class='ocrx_word' id='word_1_332' title='bbox 1011 2941 1064 2980; x_wconf 93' lang='lat' dir='ltr'><strong>cur</strong></span> <span class='ocrx_word' id='word_1_333' title='bbox 1081 2933 1215 3000; x_wconf 84' lang='lat' dir='ltr'><strong>putemus</strong></span> <span class='ocrx_word' id='word_1_334' title='bbox 1236 2935 1300 2980; x_wconf 87' lang='lat' dir='ltr'><strong>esse</strong></span> 
     </span>
    </p>
   </div>
   <div class='ocr_carea' id='block_1_16' title="bbox 167 2991 1387 3078">
    <p class='ocr_par' dir='ltr' id='par_1_16' title="bbox 167 2991 1387 3078">
     <span class='ocr_line' id='line_1_36' title="bbox 167 2991 1387 3078; baseline 0.011 -29"><span class='ocrx_word' id='word_1_335' title='bbox 167 2991 298 3070; x_wconf 87' lang='lat' dir='ltr'><strong>perdita,</strong></span> <span class='ocrx_word' id='word_1_336' title='bbox 317 3013 393 3072; x_wconf 91' lang='lat' dir='ltr'><strong>quae</strong></span> <span class='ocrx_word' id='word_1_337' title='bbox 413 3005 603 3074; x_wconf 89' lang='lat' dir='ltr'><strong>conspectum</strong></span> <span class='ocrx_word' id='word_1_338' title='bbox 623 2993 776 3055; x_wconf 90' lang='lat' dir='ltr'><strong>bominum</strong></span> <span class='ocrx_word' id='word_1_339' title='bbox 796 2995 915 3078; x_wconf 85' lang='lat' dir='ltr'><strong>fugiunt</strong></span> <span class='ocrx_word' id='word_1_340' title='bbox 933 3009 964 3058; x_wconf 88' lang='lat' dir='ltr'><strong>ct</strong></span> <span class='ocrx_word' id='word_1_341' title='bbox 983 2997 1155 3058; x_wconf 86' lang='lat' dir='ltr'><strong>testimonio</strong></span> <span class='ocrx_word' id='word_1_342' title='bbox 1180 3009 1297 3058; x_wconf 89' lang='lat' dir='ltr'><strong>carent:</strong></span> <span class='ocrx_word' id='word_1_343' title='bbox 1386 3049 1387 3062; x_wconf 70' lang='lat'><strong>.</strong></span> 
     </span>
    </p>
   </div>
   <div class='ocr_carea' id='block_1_17' title="bbox 188 3067 1298 3157">
    <p class='ocr_par' dir='ltr' id='par_1_17' title="bbox 188 3067 1298 3157">
     <span class='ocr_line' id='line_1_37' title="bbox 188 3067 1298 3157; baseline 0.004 -29"><span class='ocrx_word' id='word_1_344' title='bbox 188 3067 235 3128; x_wconf 87' lang='lat' dir='ltr'><strong>oia</strong></span> <span class='ocrx_word' id='word_1_345' title='bbox 254 3068 337 3131; x_wconf 88' lang='lat' dir='ltr'><strong>Deus</strong></span> <span class='ocrx_word' id='word_1_346' title='bbox 355 3071 502 3132; x_wconf 87' lang='lat' dir='ltr'><strong>theatrum</strong></span> <span class='ocrx_word' id='word_1_347' title='bbox 522 3089 606 3131; x_wconf 85' lang='lat' dir='ltr'><strong>suum</strong></span> <span class='ocrx_word' id='word_1_348' title='bbox 627 3069 716 3131; x_wconf 91' lang='lat' dir='ltr'><strong>babet</strong></span> <span class='ocrx_word' id='word_1_349' title='bbox 735 3072 765 3132; x_wconf 90' lang='lat' dir='ltr'><strong>iu</strong></span> <span class='ocrx_word' id='word_1_350' title='bbox 786 3072 924 3151; x_wconf 87' lang='lat' dir='ltr'><strong>latebris,</strong></span> <span class='ocrx_word' id='word_1_351' title='bbox 950 3086 981 3135; x_wconf 89' lang='lat' dir='ltr'><strong>et</strong></span> <span class='ocrx_word' id='word_1_352' title='bbox 1000 3075 1179 3157; x_wconf 87' lang='lat' dir='ltr'><strong>aptissimum</strong></span> <span class='ocrx_word' id='word_1_353' title='bbox 1199 3093 1298 3133; x_wconf 87' lang='lat' dir='ltr'><strong>reme-</strong></span> 
     </span>
    </p>
   </div>
   <div class='ocr_carea' id='block_1_18' title="bbox 166 3087 1298 3226">
    <p class='ocr_par' dir='ltr' id='par_1_18' title="bbox 166 3087 1298 3226">
     <span class='ocr_line' id='line_1_38' title="bbox 166 3087 1298 3226; baseline 0.007 -22"><span class='ocrx_word' id='word_1_354' title='bbox 166 3087 247 3204; x_wconf 81' lang='lat' dir='ltr'><strong>dium</strong></span> <span class='ocrx_word' id='word_1_355' title='bbox 266 3146 355 3206; x_wconf 86' lang='lat' dir='ltr'><strong>allert</strong></span> <span class='ocrx_word' id='word_1_356' title='bbox 374 3147 505 3208; x_wconf 89' lang='lat' dir='ltr'><strong>curando</strong></span> <span class='ocrx_word' id='word_1_357' title='bbox 525 3147 693 3208; x_wconf 87' lang='lat' dir='ltr'><strong>ambitionis</strong></span> <span class='ocrx_word' id='word_1_358' title='bbox 713 3149 835 3226; x_wconf 88' lang='lat' dir='ltr'><strong>morbo,</strong></span> <span class='ocrx_word' id='word_1_359' title='bbox 861 3152 930 3212; x_wconf 90' lang='lat' dir='ltr'><strong>dum</strong></span> <span class='ocrx_word' id='word_1_360' title='bbox 950 3173 1005 3212; x_wconf 90' lang='lat' dir='ltr'><strong>uos</strong></span> <span class='ocrx_word' id='word_1_361' title='bbox 1025 3152 1061 3212; x_wconf 93' lang='lat' dir='ltr'><strong>ad</strong></span> <span class='ocrx_word' id='word_1_362' title='bbox 1079 3150 1137 3210; x_wconf 89' lang='lat' dir='ltr'><strong>Dei</strong></span> <span class='ocrx_word' id='word_1_363' title='bbox 1156 3153 1298 3212; x_wconf 88' lang='lat' dir='ltr'><strong>intuitum</strong></span> 
     </span>
    </p>
   </div>
   <div class='ocr_carea' id='block_1_19' title="bbox 123 3222 1387 3441">
    <p class='ocr_par' dir='ltr' id='par_1_19' title="bbox 123 3222 1387 3441">
     <span class='ocr_line' id='line_1_39' title="bbox 164 3222 1387 3308; baseline 0.007 -28"><span class='ocrx_word' id='word_1_364' title='bbox 164 3233 295 3298; x_wconf 83' lang='lat' dir='ltr'><strong>revocat,</strong></span> <span class='ocrx_word' id='word_1_365' title='bbox 316 3222 368 3304; x_wconf 93' lang='lat' dir='ltr'><strong>qui</strong></span> <span class='ocrx_word' id='word_1_366' title='bbox 387 3245 474 3287; x_wconf 79' lang='lat' dir='ltr'><strong>vanas</strong></span> <span class='ocrx_word' id='word_1_367' title='bbox 495 3245 596 3286; x_wconf 91' lang='lat' dir='ltr'><strong>omues</strong></span> <span class='ocrx_word' id='word_1_368' title='bbox 615 3224 723 3308; x_wconf 89' lang='lat' dir='ltr'><strong>glorias</strong></span> <span class='ocrx_word' id='word_1_369' title='bbox 744 3245 918 3290; x_wconf 80' lang='lat' dir='ltr'><strong>evanescere</strong></span> <span class='ocrx_word' id='word_1_370' title='bbox 935 3228 1006 3288; x_wconf 85' lang='lat' dir='ltr'><strong>facit</strong></span> <span class='ocrx_word' id='word_1_371' title='bbox 1019 3250 1053 3288; x_wconf 86' lang='lat' dir='ltr'><strong>ex</strong></span> <span class='ocrx_word' id='word_1_372' title='bbox 1069 3228 1170 3290; x_wconf 88' lang='lat' dir='ltr'><strong>animis</strong></span> <span class='ocrx_word' id='word_1_373' title='bbox 1187 3230 1299 3288; x_wconf 86' lang='lat' dir='ltr'><strong>nostris</strong></span> <span class='ocrx_word' id='word_1_374' title='bbox 1386 3253 1387 3272; x_wconf 56' lang='lat'>¹</span> 
     </span>
     <span class='ocr_line' id='line_1_40' title="bbox 123 3300 1387 3441; baseline 0.006 -85"><span class='ocrx_word' id='word_1_375' title='bbox 123 3337 125 3356; x_wconf 74' lang='lat'><strong>.</strong></span> <span class='ocrx_word' id='word_1_376' title='bbox 164 3307 195 3357; x_wconf 89' lang='lat' dir='ltr'><strong>et</strong></span> <span class='ocrx_word' id='word_1_377' title='bbox 214 3315 334 3381; x_wconf 81' lang='lat' dir='ltr'><strong>prorsus</strong></span> <span class='ocrx_word' id='word_1_378' title='bbox 354 3300 441 3362; x_wconf 88' lang='lat' dir='ltr'><strong>delet.</strong></span> <span class='ocrx_word' id='word_1_379' title='bbox 480 3301 620 3362; x_wconf 86' lang='lat' dir='ltr'><strong>Secundo</strong></span> <span class='ocrx_word' id='word_1_380' title='bbox 638 3303 794 3380; x_wconf 88' lang='lat' dir='ltr'><strong>membro,</strong></span> <span class='ocrx_word' id='word_1_381' title='bbox 820 3306 900 3386; x_wconf 88' lang='lat' dir='ltr'><strong>quod</strong></span> <span class='ocrx_word' id='word_1_382' title='bbox 919 3306 1051 3386; x_wconf 89' lang='lat' dir='ltr'><strong>proxime</strong></span> <span class='ocrx_word' id='word_1_383' title='bbox 1070 3306 1216 3441; x_wconf 73' lang='lat' dir='ltr'><strong>sequitur,</strong></span> <span class='ocrx_word' id='word_1_384' title='bbox 1242 3306 1298 3365; x_wconf 82' lang='lat' dir='ltr'><strong>ad·</strong></span> <span class='ocrx_word' id='word_1_385' title='bbox 1386 3329 1387 3336; x_wconf 48' lang='lat'>¹</span> 
     </span>
    </p>
   </div>
   <div class='ocr_carea' id='block_1_20' title="bbox 162 3373 1300 3463">
    <p class='ocr_par' dir='ltr' id='par_1_20' title="bbox 162 3373 1300 3463">
     <span class='ocr_line' id='line_1_41' title="bbox 162 3373 1300 3463; baseline 0.009 -31"><span class='ocrx_word' id='word_1_386' title='bbox 162 3386 267 3435; x_wconf 88' lang='lat' dir='ltr'><strong>mouet</strong></span> <span class='ocrx_word' id='word_1_387' title='bbox 287 3373 430 3456; x_wconf 87' lang='lat' dir='ltr'><strong>Christus,</strong></span> <span class='ocrx_word' id='word_1_388' title='bbox 449 3377 482 3438; x_wconf 90' lang='lat' dir='ltr'><strong>iu</strong></span> <span class='ocrx_word' id='word_1_389' title='bbox 523 3381 669 3440; x_wconf 84' lang='lat' dir='ltr'><strong>uaereuda</strong></span> <span class='ocrx_word' id='word_1_390' title='bbox 688 3379 838 3442; x_wconf 89' lang='lat' dir='ltr'><strong>bonorum</strong></span> <span class='ocrx_word' id='word_1_391' title='bbox 856 3401 981 3462; x_wconf 85' lang='lat' dir='ltr'><strong>operum</strong></span> <span class='ocrx_word' id='word_1_392' title='bbox 1000 3402 1097 3445; x_wconf 87' lang='lat' dir='ltr'><strong>merce</strong></span> <span class='ocrx_word' id='word_1_393' title='bbox 1120 3382 1300 3463; x_wconf 88' lang='lat' dir='ltr'><strong>epatienter</strong></span> 
     </span>
    </p>
   </div>
   <div class='ocr_carea' id='block_1_21' title="bbox 100 3399 1296 3696">
    <p class='ocr_par' dir='ltr' id='par_1_21' title="bbox 100 3399 1296 3696">
     <span class='ocr_line' id='line_1_42' title="bbox 100 3399 1296 3530; baseline 0.008 -21"><span class='ocrx_word' id='word_1_394' title='bbox 100 3475 106 3490; x_wconf 56' lang='grc'><strong>·’</strong></span> <span class='ocrx_word' id='word_1_395' title='bbox 162 3451 387 3530; x_wconf 84' lang='lat' dir='ltr'><strong>exspectandum</strong></span> <span class='ocrx_word' id='word_1_396' title='bbox 407 3473 469 3514; x_wconf 89' lang='lat' dir='ltr'><strong>esse</strong></span> <span class='ocrx_word' id='word_1_397' title='bbox 492 3399 626 3518; x_wconf 82' lang='lat' dir='ltr'><strong>riltimum</strong></span> <span class='ocrx_word' id='word_1_398' title='bbox 653 3461 876 3528; x_wconf 84' lang='lat' dir='ltr'><strong>resurrectionis</strong></span> <span class='ocrx_word' id='word_1_399' title='bbox 903 3459 988 3519; x_wconf 90' lang='lat' dir='ltr'><strong>diem.</strong></span> <span class='ocrx_word' id='word_1_400' title='bbox 1026 3460 1116 3520; x_wconf 86' lang='lat' dir='ltr'><strong>Pater</strong></span> <span class='ocrx_word' id='word_1_401' title='bbox 1137 3471 1218 3530; x_wconf 85' lang='lat' dir='ltr'><strong>tuus,</strong></span> <span class='ocrx_word' id='word_1_402' title='bbox 1244 3459 1296 3518; x_wconf 94' lang='lat' dir='ltr'><strong>in-</strong></span> 
     </span>
     <span class='ocr_line' id='line_1_43' title="bbox 160 3528 1296 3666; baseline 0.008 -79"><span class='ocrx_word' id='word_1_403' title='bbox 160 3529 240 3666; x_wconf 76' lang='lat' dir='ltr'><strong>quit,</strong></span> <span class='ocrx_word' id='word_1_404' title='bbox 264 3528 370 3590; x_wconf 88' lang='lat' dir='ltr'><strong>reddet</strong></span> <span class='ocrx_word' id='word_1_405' title='bbox 393 3529 448 3600; x_wconf 86' lang='lat' dir='ltr'><strong>tibi</strong></span> <span class='ocrx_word' id='word_1_406' title='bbox 474 3531 585 3612; x_wconf 82' lang='lat' dir='ltr'><strong>palam.</strong></span> <span class='ocrx_word' id='word_1_407' title='bbox 622 3534 770 3627; x_wconf 78' lang='lat' dir='ltr'><strong>Quando?</strong></span> <span class='ocrx_word' id='word_1_408' title='bbox 800 3549 907 3629; x_wconf 78' lang='lat' dir='ltr'><strong>nempe</strong></span> <span class='ocrx_word' id='word_1_409' title='bbox 932 3558 1023 3628; x_wconf 81' lang='lat' dir='ltr'><strong>quum</strong></span> <span class='ocrx_word' id='word_1_410' title='bbox 1041 3549 1147 3624; x_wconf 35' lang='lat' dir='ltr'><strong>&#39;exorta</strong></span> <span class='ocrx_word' id='word_1_411' title='bbox 1172 3535 1296 3596; x_wconf 86' lang='lat' dir='ltr'><strong>ultimae</strong></span> 
     </span>
     <span class='ocr_line' id='line_1_44' title="bbox 181 3609 1195 3696; baseline 0.008 -31"><span class='ocrx_word' id='word_1_412' title='bbox 181 3625 219 3668; x_wconf 86' lang='lat' dir='ltr'><strong>rer</strong></span> <span class='ocrx_word' id='word_1_413' title='bbox 239 3625 354 3683; x_wconf 80' lang='lat' dir='ltr'><strong>aurora,</strong></span> <span class='ocrx_word' id='word_1_414' title='bbox 374 3626 449 3688; x_wconf 86' lang='lat' dir='ltr'><strong>quae</strong></span> <span class='ocrx_word' id='word_1_415' title='bbox 468 3629 547 3670; x_wconf 87' lang='lat' dir='ltr'><strong>nuuc</strong></span> <span class='ocrx_word' id='word_1_416' title='bbox 567 3609 738 3674; x_wconf 75' lang='lat' dir='ltr'><strong>abscondita</strong></span> <span class='ocrx_word' id='word_1_417' title='bbox 758 3626 828 3675; x_wconf 89' lang='lat' dir='ltr'><strong>suut</strong></span> <span class='ocrx_word' id='word_1_418' title='bbox 846 3637 876 3674; x_wconf 89' lang='lat' dir='ltr'><strong>m</strong></span> <span class='ocrx_word' id='word_1_419' title='bbox 894 3613 1195 3696; x_wconf 77' lang='lat' dir='ltr'><strong>tenebrrspatefient</strong></span> 
     </span>
    </p>
   </div>
   <div class='ocr_carea' id='block_1_22' title="bbox 828 3753 846 3806">
    <p class='ocr_par' dir='ltr' id='par_1_22' title="bbox 828 3753 846 3806">
     <span class='ocr_line' id='line_1_45' title="bbox 828 3753 846 3806; baseline 0 -22"><span class='ocrx_word' id='word_1_420' title='bbox 828 3753 846 3806; x_wconf 51' lang='lat' dir='ltr'><strong>&#39;t</strong></span> 
     </span>
    </p>
   </div>
   <div class='ocr_carea' id='block_1_23' title="bbox 101 3853 1292 4156">
    <p class='ocr_par' dir='ltr' id='par_1_23' title="bbox 101 3853 1292 4156">
     <span class='ocr_line' id='line_1_46' title="bbox 200 3853 1291 3956; baseline 0.006 -34"><span class='ocrx_word' id='word_1_421' title='bbox 200 3855 280 3937; x_wconf 84' lang='lat'><strong>(53.)</strong></span> <span class='ocrx_word' id='word_1_422' title='bbox 306 3853 485 3956; x_wconf 20' lang='lat' dir='ltr'><strong>&#39;MA&#39;r&#39;rtt</strong></span> <span class='ocrx_word' id='word_1_423' title='bbox 508 3855 564 3926; x_wconf 84' lang='lat' dir='ltr'><strong>vl.</strong></span> <span class='ocrx_word' id='word_1_424' title='bbox 597 3863 626 3928; x_wconf 87' lang='lat'><strong>5.</strong></span> <span class='ocrx_word' id='word_1_425' title='bbox 648 3862 691 3928; x_wconf 88' lang='lat' dir='ltr'><strong>Et</strong></span> <span class='ocrx_word' id='word_1_426' title='bbox 711 3885 809 3950; x_wconf 89' lang='lat' dir='ltr'><strong>quum</strong></span> <span class='ocrx_word' id='word_1_427' title='bbox 831 3866 983 3944; x_wconf 86' lang='lat' dir='ltr'><strong>oraveris,</strong></span> <span class='ocrx_word' id='word_1_428' title='bbox 1004 3876 1073 3930; x_wconf 84' lang='lat' dir='ltr'><strong>non</strong></span> <span class='ocrx_word' id='word_1_429' title='bbox 1095 3866 1158 3932; x_wconf 89' lang='lat' dir='ltr'><strong>eris</strong></span> <span class='ocrx_word' id='word_1_430' title='bbox 1180 3886 1291 3952; x_wconf 89' lang='lat' dir='ltr'><strong>quem-</strong></span> 
     </span>
     <span class='ocr_line' id='line_1_47' title="bbox 101 3953 1291 4046; baseline 0.005 -20"><span class='ocrx_word' id='word_1_431' title='bbox 101 4003 108 4026; x_wconf 70' lang='lat'><strong>.</strong></span> <span class='ocrx_word' id='word_1_432' title='bbox 155 3953 330 4024; x_wconf 77' lang='lat' dir='ltr'><strong>admodum</strong></span> <span class='ocrx_word' id='word_1_433' title='bbox 350 3956 561 4046; x_wconf 78' lang='lat' dir='ltr'><strong>hypocritae:</strong></span> <span class='ocrx_word' id='word_1_434' title='bbox 589 3985 663 4030; x_wconf 84' lang='lat' dir='ltr'><strong>nam</strong></span> <span class='ocrx_word' id='word_1_435' title='bbox 684 3962 735 4030; x_wconf 90' lang='lat' dir='ltr'><strong>illi</strong></span> <span class='ocrx_word' id='word_1_436' title='bbox 764 3963 872 4030; x_wconf 88' lang='lat' dir='ltr'><strong>solent</strong></span> <span class='ocrx_word' id='word_1_437' title='bbox 897 3968 932 4031; x_wconf 93' lang='lat' dir='ltr'><strong>in</strong></span> <span class='ocrx_word' id='word_1_438' title='bbox 954 3953 1179 4036; x_wconf 82' lang='lat' dir='ltr'><strong>conciliabulis</strong></span> <span class='ocrx_word' id='word_1_439' title='bbox 1201 3969 1291 4032; x_wconf 87' lang='lat' dir='ltr'><strong>etin</strong></span> 
     </span>
     <span class='ocr_line' id='line_1_48' title="bbox 154 4057 1292 4156; baseline 0.009 -36"><span class='ocrx_word' id='word_1_440' title='bbox 154 4057 280 4143; x_wconf 85' lang='lat' dir='ltr'><strong>augulis</strong></span> <span class='ocrx_word' id='word_1_441' title='bbox 299 4059 480 4147; x_wconf 83' lang='lat' dir='ltr'><strong>platearum</strong></span> <span class='ocrx_word' id='word_1_442' title='bbox 510 4074 630 4132; x_wconf 86' lang='lat' dir='ltr'><strong>stantes</strong></span> <span class='ocrx_word' id='word_1_443' title='bbox 651 4085 765 4146; x_wconf 88' lang='lat' dir='ltr'><strong>orare,</strong></span> <span class='ocrx_word' id='word_1_444' title='bbox 791 4087 858 4152; x_wconf 91' lang='lat' dir='ltr'><strong>quo</strong></span> <span class='ocrx_word' id='word_1_445' title='bbox 880 4069 1047 4156; x_wconf 83' lang='lat' dir='ltr'><strong>conspicui</strong></span> <span class='ocrx_word' id='word_1_446' title='bbox 1067 4071 1133 4132; x_wconf 88' lang='lat' dir='ltr'><strong>sint</strong></span> <span class='ocrx_word' id='word_1_447' title='bbox 1151 4067 1292 4132; x_wconf 89' lang='lat' dir='ltr'><strong>bomini-</strong></span> 
     </span>
    </p>
   </div>
   <div class='ocr_carea' id='block_1_24' title="bbox 150 4148 1387 4254">
    <p class='ocr_par' dir='ltr' id='par_1_24' title="bbox 150 4148 1387 4254">
     <span class='ocr_line' id='line_1_49' title="bbox 150 4148 1387 4254; baseline 0.015 -36"><span class='ocrx_word' id='word_1_448' title='bbox 150 4151 227 4221; x_wconf 87' lang='lat' dir='ltr'><strong>bus:</strong></span> <span class='ocrx_word' id='word_1_449' title='bbox 252 4179 346 4226; x_wconf 87' lang='lat' dir='ltr'><strong>amen</strong></span> <span class='ocrx_word' id='word_1_450' title='bbox 368 4148 443 4232; x_wconf 81' lang='lat' dir='ltr'><strong>dido</strong></span> <span class='ocrx_word' id='word_1_451' title='bbox 464 4163 569 4248; x_wconf 86' lang='lat' dir='ltr'><strong>vobis,</strong></span> <span class='ocrx_word' id='word_1_452' title='bbox 589 4167 680 4254; x_wconf 92' lang='lat' dir='ltr'><strong>quod</strong></span> <span class='ocrx_word' id='word_1_453' title='bbox 701 4164 824 4235; x_wconf 86' lang='lat' dir='ltr'><strong>babent</strong></span> <span class='ocrx_word' id='word_1_454' title='bbox 842 4167 1022 4234; x_wconf 90' lang='lat' dir='ltr'><strong>mercedem</strong></span> <span class='ocrx_word' id='word_1_455' title='bbox 1040 4189 1139 4234; x_wconf 85' lang='lat' dir='ltr'><strong>suam.</strong></span> <span class='ocrx_word' id='word_1_456' title='bbox 1179 4169 1209 4232; x_wconf 89' lang='lat'><strong>6.</strong></span> <span class='ocrx_word' id='word_1_457' title='bbox 1232 4169 1288 4235; x_wconf 85' lang='lat' dir='ltr'><strong>Tu</strong></span> <span class='ocrx_word' id='word_1_458' title='bbox 1386 4219 1387 4224; x_wconf 17' lang='grc' dir='ltr'>η</span> 
     </span>
    </p>
   </div>
   <div class='ocr_carea' id='block_1_25' title="bbox 149 4257 1288 4456">
    <p class='ocr_par' dir='ltr' id='par_1_25' title="bbox 149 4257 1288 4456">
     <span class='ocr_line' id='line_1_50' title="bbox 149 4257 1288 4352; baseline 0.018 -37"><span class='ocrx_word' id='word_1_459' title='bbox 149 4273 230 4320; x_wconf 84' lang='lat' dir='ltr'><strong>vero</strong></span> <span class='ocrx_word' id='word_1_460' title='bbox 252 4281 350 4344; x_wconf 90' lang='lat' dir='ltr'><strong>quum</strong></span> <span class='ocrx_word' id='word_1_461' title='bbox 372 4286 454 4347; x_wconf 86' lang='lat' dir='ltr'><strong>oras,</strong></span> <span class='ocrx_word' id='word_1_462' title='bbox 474 4269 607 4352; x_wconf 72' lang='lat' dir='ltr'><strong>introito</strong></span> <span class='ocrx_word' id='word_1_463' title='bbox 629 4271 664 4336; x_wconf 90' lang='lat' dir='ltr'><strong>in</strong></span> <span class='ocrx_word' id='word_1_464' title='bbox 689 4266 845 4350; x_wconf 80' lang='lat' dir='ltr'><strong>conclave</strong></span> <span class='ocrx_word' id='word_1_465' title='bbox 865 4279 965 4348; x_wconf 86' lang='lat' dir='ltr'><strong>tuum,</strong></span> <span class='ocrx_word' id='word_1_466' title='bbox 988 4267 1022 4336; x_wconf 85' lang='lat' dir='ltr'><strong>et</strong></span> <span class='ocrx_word' id='word_1_467' title='bbox 1043 4257 1176 4338; x_wconf 82' lang='lat' dir='ltr'><strong>occluso‘</strong></span> <span class='ocrx_word' id='word_1_468' title='bbox 1198 4270 1288 4336; x_wconf 89' lang='lat' dir='ltr'><strong>ostio</strong></span> 
     </span>
     <span class='ocr_line' id='line_1_51' title="bbox 150 4361 1287 4456; baseline 0.015 -41"><span class='ocrx_word' id='word_1_469' title='bbox 150 4363 205 4415; x_wconf 85' lang='lat' dir='ltr'><strong>tuo</strong></span> <span class='ocrx_word' id='word_1_470' title='bbox 228 4376 285 4421; x_wconf 89' lang='lat' dir='ltr'><strong>ora</strong></span> <span class='ocrx_word' id='word_1_471' title='bbox 307 4361 434 4433; x_wconf 80' lang='lat' dir='ltr'><strong>Patrem</strong></span> <span class='ocrx_word' id='word_1_472' title='bbox 454 4372 636 4456; x_wconf 46' lang='lat' dir='ltr'><strong>tuum‚.qui</strong></span> <span class='ocrx_word' id='word_1_473' title='bbox 659 4382 707 4438; x_wconf 89' lang='lat' dir='ltr'><strong>est</strong></span> <span class='ocrx_word' id='word_1_474' title='bbox 728 4371 762 4437; x_wconf 90' lang='lat' dir='ltr'><strong>in</strong></span> <span class='ocrx_word' id='word_1_475' title='bbox 786 4367 931 4438; x_wconf 86' lang='lat' dir='ltr'><strong>occulto:</strong></span> <span class='ocrx_word' id='word_1_476' title='bbox 951 4381 986 4438; x_wconf 89' lang='lat' dir='ltr'><strong>et</strong></span> <span class='ocrx_word' id='word_1_477' title='bbox 1006 4371 1102 4438; x_wconf 87' lang='lat' dir='ltr'><strong>Pater</strong></span> <span class='ocrx_word' id='word_1_478' title='bbox 1122 4379 1203 4452; x_wconf 84' lang='lat' dir='ltr'><strong>tuus,</strong></span> <span class='ocrx_word' id='word_1_479' title='bbox 1225 4373 1287 4454; x_wconf 84' lang='lat' dir='ltr'><strong>qui</strong></span> 
     </span>
    </p>
   </div>
   <div class='ocr_carea' id='block_1_26' title="bbox 0 0 1408 4748">
    <p class='ocr_par' dir='ltr' id='par_1_26' title="bbox 0 0 1408 4748">
     <span class='ocr_line' id='line_1_52' title="bbox 0 0 1408 4748; baseline 0 9"><span class='ocrx_word' id='word_1_480' title='bbox 0 0 1408 4748; x_wconf 95' lang='lat' dir='ltr'><strong> </strong></span> 
     </span>
    </p>
   </div>
  </div>
 </body>
</html>
