2786 4742
423 230 678 320 Asosrouoauu
697 245 896 292 rusurrurro.
1170 237 1227 298 111

101 392 189 455 quem
209 371 326 434 colebat
344 370 444 434 civitas
464 371 609 434 decaron.
646 372 756 434 Baalim
776 385 872 436 autem
892 375 961 438 dicti
980 387 1048 440 sunt
1068 361 1224 436 (1111111110-

100 471 163 523 res,
183 449 233 530 qui
251 449 341 510 hodie
360 450 477 531 patroni
496 449 634 512 dicuntur
653 451 691 510 iu*
704 450 826 532 Papatu.
867 451 967 526 Quum
986 465 1083 514 autem
1103 452 1224 542 Baalsg-

100 526 161 586 bub
181 525 353 592 tantundem
372 527 466 586 valeat
485 547 518 587 ae
538 539 829 607 patronum-muscae
848 529 894 588 vel
912 551 1084 604 muscarum,
1105 529 1223 612 quidam

101 623 210 662 nomen
237 601 305 663 hinc
328 614 433 683 putant
452 603 625 678 deductum,
657 604 736 683 quod
760 603 884 686 propter
907 605 1088 665 victimarum
1110 608 1222 700 cupium

3 727 5 734 .
100 700 265 739 muscarum
285 681 413 740 examine
434 680 581 760 templum
600 691 740 740 scateret:
766 701 822 762 ego
848 691 944 742 autem
964 682 1061 762 potius
1081 683 1222 756 corintio,

100 773 118 814 o
143 775 188 889 pn
209 756 343 816 adversus
362 777 483 829 muscas,
503 776 577 837 quae
597 755 664 819 loco
683 757 805 818 infestae
818 769 924 832 essent,
942 758 1065 838 petitam
1080 757 1165 820 fuisse
1184 759 1220 820 ab

98 775 149 891 iio
162 853 189 891 0.
227 833 302 892 Nasu
322 854 410 912 quum
431 831 576 894 Ochozias
595 834 796 915 superstitiose
821 853 992 914 responsum
1013 832 1049 892 de
1074 854 1124 894 sua
1143 836 1221 896 sani-

99 918 159 966 tate
179 907 215 968 ab
229 929 265 968 eo
278 921 442 989 quaereret,
461 908 646 984 devocabat,
667 910 745 969 unde
766 923 887 990 apparet
906 930 967 970 non
988 909 1075 969 fuisse
1095 910 1222 989 probro-

97 1003 160 1044 sum
180 1004 299 1045 nomen.
338 985 433 1046 Porro
453 986 540 1046 sicuti
559 985 711 1068 gehenuae
729 991 839 1047 nomeu
859 987 951 1048 sancti
970 985 1104 1048 homiues
1123 987 1158 1044 ad
1178 987 1223 1046 in·

3 1107 4 1110 ¹
96 1059 179 1120 feros·
195 1062 419 1138 transtulerunt,
439 1074 473 1120 ut
489 1061 608 1122 iufamia
627 1074 765 1124 notarent
784 1063 881 1125 locum
901 1062 995 1140 illum,
1016 1063 1058 1124 sie
1076 1061 1106 1120 in
1122 1062 1235 1124 odium·

3 1187 4 1190 ,
97 1148 128 1197 et
148 1137 372 1200 detestationem
391 1139 479 1212 idoli,
503 1136 673 1199 Beelzebub
692 1153 835 1202 vocarunt
854 1139 1013 1200 diabolum.
1055 1139 1140 1198 Unde
1159 1139 1235 1198 col-.

3 1407 7 1424 .‹
93 1388 157 1426 mus

3 1263 4 1270 ,
95 1211 221 1296 ligimus,
241 1215 397 1295 reprobos,
416 1227 450 1275 ut
469 1214 669 1276 detestabilem
688 1217 777 1298 vulgo
799 1217 948 1279 Christum
967 1215 1135 1290 redderent,
1156 1235 1222 1276 eous

3 1315 5 1348 ι
96 1311 157 1370 qno
177 1303 317 1427 poteraut
335 1293 460 1352 maximo
480 1290 593 1372 probro
613 1304 745 1374 nousse,
772 1293 852 1431 ‹puasi
872 1291 1038 1368 diabolum,
1058 1292 1113 1428 (pui
1132 1291 1222 1352 maxi·
1324 1323 1336 1354 ι

191 1380 258 1428 oret
275 1367 426 1458 religionis
436 1367 536 1430 hostis.
576 1367 677 1442 Quare
696 1371 720 1430 si
740 1389 779 1430 no
802 1369 991 1462 iseontiogat
1003 1388 1055 1428 ean
1079 1388 1122 1427 em
1134 1367 1223 1450 igno-

2 1471 7 1503 .·
94 1443 213 1504 minium
237 1445 330 1517 iuuet,
359 1443 452 1506 videri
476 1464 585 1507 novum
611 1461 673 1505 nou
698 1445 802 1522 debet,
831 1445 914 1527 quod
939 1467 971 1506 ru
994 1444 1091 1525 capite
1112 1444 1221 1524 coepit,

3 1547 7 1578 f
95 1519 212 1608 impleri
231 1521 263 1580 in
282 1521 429 1582 membris.

3 1937 7 1946 Ι
136 1861 216 1942 (87.)
257 1861 429 1932 ΜΑΤΤΗ.
450 1865 488 1930 X.
530 1864 580 1930 26.
600 1863 652 1931 Ne
673 1867 770 1951 igitur
796 1861 945 1933 metuatis
967 1885 1039 1932 eos:
1066 1862 1155 1956 nibil]
1172 1873 1220 1930 est

3 1961 7 2044 ἶ,
92 1965 177 2028 enim
197 1973 315 2032 tectum
322 2015 331 2046 ‚
350 1966 455 2054 squod
469 1989 551 2034 non
572 1971 612 2032 sit
632 1965 858 2053 retegendum,
884 1976 917 2032 et
943 1964 1027 2032 nibil
1049 1965 1219 2044 occtsltuur,
1274 1977 1278 1994 ¹

14 2067 19 2074 '
91 2065 170 2150 quin
190 2065 331 2130 futurum
351 2071 406 2146 sit,
435 2078 472 2132 ut
492 2071 620 2132 sciatur.
640 2057 643 2066 ’
660 2068 713 2132 27.
733 2065 835 2153 Quod
857 2057 932 2130 dico
952 2066 1048 2132 vobis
1070 2070 1104 2130 in
1126 2075 1218 2146 tene-

3 2187 6 2200 ’
89 2160 169 2239 bris,
190 2163 287 2230 dicite
307 2168 342 2230 in
361 2166 451 2232 luce:
471 2177 503 2230 et
524 2164 613 2252 quod
635 2167 670 2229 iu
692 2187 801 2230 aurem
822 2167 953 2243 auditis,
975 2164 1161 2254 praedicate
1182 2167 1218 2231 in

4 2271 5 2274 ’
90 2265 191 2331 tectis.
232 2265 283 2330 28.-
302 2265 345 2331 Et
365 2288 407 2333 ne
428 2269 577 2332 metuetis
599 2262 640 2329 ab
662 2264 721 2343 his,
742 2268 797 2352 qui
819 2267 973 2332 occidunt
994 2287 1127 2353 corpus,
1151 2269 1219 2333 ani·

4 2403 5 2406 =
88 2385 171 2428 mam
193 2375 299 2430 autem
323 2387 391 2431 non
412 2356 551 2450 possunt
570 2365 738 2431 occidere:
763 2364 822 2430 sed
844 2369 976 2430 metuite
997 2369 1097 2451 magis
1116 2365 1216 2443 illum,

5 2477 6 2480 ’
89 2467 147 2552 qui
173 2476 281 2552 potest
307 2476 340 2558 et
368 2469 502 2564 animaru
528 2475 561 2532 et
587 2487 705 2554 corpus
736 2466 876 2553 perdere
901 2469 937 2531 in
962 2465 1119 2554 gebenna.
1164 2464 1215 2528 29:
1312 2518 1314 2526 .

4 2559 15 2626 ³.
87 2560 213 2633 Nonne'
232 2564 298 2634 duc
318 2565 495 2653 passerculi
519 2569 643 2632 minuto
667 2576 1069 2646 ssseveneuut,etunus
1091 2563 1216 2632 exiliis
1325 2569 1334 2578 ”

86 2689 156 2736 non
184 2669 279 2752 cedet
305 2670 341 2734 in
371 2679 489 2734 terram
514 2669 585 2732 sine
613 2668 708 2732 Patre
735 2671 864 2733 vestro?
916 2669 968 2734 30.
992 2668 1104 2732 Vestri
1133 2687 1215 2732 vero

89 2773 185 2836 ctiam
205 2769 266 2858 pili
290 2773 402 2857 eapitis
421 2791 533 2836 omues
553 2771 711 2847 numerati
737 2777 819 2858 suut.
861 2766 912 2834 31.
938 2767 1050 2836 Nolite
1073 2766 1215 2856 ergo'ti·
1301 2785 1304 2792 ·

5 2941 7 2964 ἰ
87 2893 191 2938 mere:
211 2891 271 2936 vos
292 2871 398 2938 multis
419 2870 612 2959 passerculis
633 2869 735 2958 pluris
755 2871 840 2936 estis.

5 3095 7 3098 Ι
171 2999 310 3070 Multc.
331 3007 386 3071 IV.
432 3007 484 3070 22.
519 3007 597 3072 Non
628 3016 677 3071 est
716 3006 801 3070 enim
826 2973 1017 3092 'quicquum¹
1042 2971 1213 3094 occultunt,
1282 3043 1284 3052 ι

5 3185 7 3198 Ι
88 3105 178 3194 quod
198 3128 266 3173 uon
287 3105 522 3182 manifesteturs
541 3128 648 3193 neque
671 3105 731 3171 fuit
751 3116 925 3186 secretum,
944 3103 1004 3170 scd
1025 3113 1062 3170 ut
1081 3105 1115 3170 iu
1136 3122 1213 3190 pro-

5 3246 9 3255 ·
86 3206 230 3296 patulum
264 3210 381 3272 veniat
431 3209 483 3274 23.
514 3207 550 3271 Si
579 3210 652 3296 quis
672 3204 783 3272 'habet
813 3226 907 3272 sures
929 3203 979 3271 'ad
1007 3202 1212 3282 audiendum,
1262 3300 1268 3315 .

85 3309 203 3376 audiat.
1201 3331 1203 3336 ’

57 3497 68 3512 .
169 3441 272 3510 LUC.
293 3441 377 3506 Vnt
419 3441 566 3508 sutton
588 3449 637 3506 est
661 3443 746 3507 enisu
763 3439 931 3519 occultum,
952 3439 1041 3528 quud
1062 3459 1130 3506 nou
1147 3449 1212 3502 ms-

6 3551 7 3574 *
85 3543 236 3612 niicstum
258 3544 298 3608 sit
321 3542 475 3608 flaturum:
495 3565 558 3608 nec
580 3541 812 3621 absconditum,
833 3541 923 3629 quod
944 3564 1012 3608 nou
1034 3544 1075 3606 sit
1092 3561 1211 3626 cogno·
1234 3623 1238 3630 Ι

85 3645 256 3723 scendum,
284 3655 316 3709 et
335 3646 370 3710 in
390 3643 494 3708 lucem
516 3645 711 3710 venturum.
747 3644 815 3708 ΧΠ.
845 3643 874 3708 2
894 3642 983 3708 Nihil
1007 3643 1092 3710 euim
1115 3657 1212 3722 open.

85 3759 152 3813 tum
175 3756 232 3826 est,
254 3743 343 3832 quod
363 3765 431 3810 non
450 3743 623 3826 reveletur,
644 3765 752 3831 neque
775 3741 1009 3820 abscunditum,
1031 3737 1121 3826 quod
1142 3758 1211 3802 non

7 3909 9 3918 ,
84 3850 212 3916 sciatur.
252 3847 281 3912 3.
303 3845 467 3936 Quoniam
490 3868 572 3932 quae
593 3848 627 3910 in
648 3842 792 3910 tenebris
805 3844 936 3921 dixistis,
956 3847 991 3908 in
1013 3839 1135 3913 lumine
1158 3859 1214 3902 eu·

86 3949 232 4018 dicutur:
252 3957 285 4011 et
300 3943 393 4034 quod
410 3949 445 4020 in
467 3967 584 4016 eurem.
595 3945 723 4033 loquuti
740 3947 815 4011 estis
836 3947 869 4010 in
883 3939 1101 4022 conclavibus,
1121 3960 1214 4030 praes

86 4047 249 4117 dicabitur
268 4050 302 4113 in
328 4049 447 4113 tectis
479 4047 509 4116 4.
536 4048 621 4112 Dico
650 4057 755 4121 autem
775 4044 870 4114 'vobis
897 4045 1005 4112 amicis
1032 4042 1132 4120 meis,
1159 4040 1211 4108 Ne
1269 4079 1273 4086 -

85 4151 270 4222 terreamini
293 4147 332 4222 ab
355 4149 419 4229 his,
451 4151 506 4235 qui
529 4147 679 4214 occidunt
707 4169 841 4236 eorpus,
878 4156 910 4210 et
936 4154 1010 4230 post
1037 4143 1119 4214 baec
1144 4161 1212 4240 nou

86 4244 227 4338 hebent,
262 4249 351 4337 quod
379 4235 516 4340 amplius
536 4247 660 4314 iaciant.
715 4249 745 4314 ὃ.
779 4244 958 4344 Ostendam
981 4254 1087 4311 autem
1108 4241 1212 4320 vobis,

87 4373 184 4452 quem
204 4353 357 4428 timeatis:v
377 4354 486 4421 tiluete
508 4373 598 4429 eum,
630 4353 704 4446 qpi,
726 4359 897 4444 postquem
918 4345 1092 4426 occiderit,
1116 4342 1215 4441 babel
1246 4360 1248 4364 ’
1303 4376 1312 4394 .
