2808 4748
385 289 533 365 (ts—te.
553 265 681 350 loairnes
699 233 895 370 praedicans.)
947 288 950 302 ¹
1165 299 1205 360 97

78 422 222 514 agendum
241 444 287 494 est
306 451 372 494 cum
391 430 530 514 professis
550 429 660 492 Christi
679 429 821 508 hostibus,
840 433 969 512 quinon
987 436 1080 498 modo
1097 449 1203 524 cortur-¹

78 511 201 574 maciter
229 504 516 592 respudntomnem
540 527 628 568 sanae
651 507 804 568 doctrinae
828 521 960 592 gustum,
988 513 1040 574 sed
1066 514 1147 576 ferro
1172 526 1228 576 et

65 585 87 648 ¹i
109 587 140 646 ni
159 587 195 646 ad
215 585 372 646 delendum
392 584 632 648 Cbristinomen
656 581 722 664 plus
747 605 833 663 quam
851 585 995 648 violenter
1017 591 1204 672 grasmnturi

79 607 171 724 derce
190 662 217 724 si
228 665 344 743 ¹Papam
364 660 554 722 et'loetidum
575 661 635 720 eius
655 659 766 722 clerum
787 682 852 720 cum
863 661 1038 726 sadducaeis
1057 679 1088 726 et
1100 668 1203 729 Phari·
1279 667 1282 674 ’

78 739 152 800 sacis
178 759 344 821 compares,
372 750 407 798 ut
432 760 498 798 cum
521 735 578 801 illis
597 737 746 798 mitissime
771 750 890 818 agatur,
921 741 1094 803 coniiciendi
1117 745 1203 806 simul

12 818 15 826 ’
78 815 215 876 enuntio
233 838 325 876 unum
343 814 519 876 fasciculum.
559 812 661 886 Quare
680 834 743 874 non
762 813 1076 889 nobiscum,'sedcutn
1090 820 1204 900 Spiritu

78 893 138 951 Dei
158 892 355 972 expostulent,
380 889 485 972 quibus
504 900 563 949 tam
585 889 726 951 delicatae
745 902 814 959 sunt
831 911 930 966 aures,
954 902 988 952 ut
1006 892 1078 952 nihil
1095 895 1127 954 in
1145 896 1202 957 Pa·
1250 891 1256 910 ’

77 987 144 1047 pam
164 967 269 1030 acerbe
289 969 346 1030 diei
365 967 534 1030 sustineant.
572 964 690 1028 Interea
701 963 758 1050 sibi
772 977 891 1028 caveant
909 966 1116 1047 pii-,doctorem
1135 973 1204 1032 dum

77 1055 179 1106 sancto
198 1041 263 1107 'zelo
282 1044 419 1106 feruntur
439 1055 541 1105 contra
558 1042 706 1104 Ecclesiae
725 1055 884 1125 tyrannos,
909 1063 948 1104 ne
967 1044 1064 1105 carnis
1082 1047 1205 1108 allectus

78 1121 281 1200 permisceant.
316 1123 364 1198 ¹Et
388 1119 456 1200 quia
480 1139 543 1179 non
587 1130 664 1180 otest
680 1119 869 1182 vehementia
892 1120 960 1181 Deo
985 1121 1123 1258 probari,
1147 1124 1204 1184 nisi
1250 1139 1252 1144 ’

102 1217 166 1256 uam
185 1198 357 1259 moderatur
398 1196 533 1256 rudentia
577 1196 694 1274 pinitus,
717 1216 779 1257 non
805 1196 896 1257 modo
921 1197 989 1257 cohi
1012 1207 1080 1258 ea'nt
1098 1198 1141 1259 illi
1160 1199 1205 1260 al-

78 1217 171 1334 dectus
195 1267 281 1349 suos,
305 1274 357 1334 sed
375 1217 503 1354 1ipiritui
527 1283 628 1332 sancto
648 1292 680 1332 se
698 1273 845 1355 regendos
863 1273 980 1334 tradant
999 1295 1033 1335 ae
1052 1295 1206 1336 commen-

79 1350 158 1427 dent,
178 1370 216 1411 ne
238 1349 310 1430 quid
327 1348 545 1410 inconsiderate
564 1349 682 1408 excidat.
706 1353 879 1424 Progeniem
894 1353 1060 1426 oiprmumcm
1070 1356 1205 1412 nominat

79 1427 175 1508 potius
193 1447 284 1507 vquarn
302 1426 425 1506 viperas,
444 1435 478 1482 ut
496 1423 552 1484 toti
571 1424 669 1485 ordini
688 1424 846 1504 exprobret
863 1426 1038 1488 virulentam
1048 1427 1205 1489 malitiam:

78 1521 175 1582 neque
199 1504 279 1562 enim
303 1512 550 1594 paucos‘tantum
571 1499 639 1562 illos
666 1501 716 1580 qui
739 1500 875 1576 aderant,
900 1504 952 1564 sed
976 1516 1073 1564 totum
1099 1526 1206 1586 corpus
1275 1506 1277 1513 '

78 1578 216 1639 damnare
236 1571 344 1652 voluit,
361 1577 419 1638 acsi
437 1578 558 1652 diceret,
576 1589 731 1660 utramque
750 1577 908 1639 factionem
926 1601 988 1640 non
1008 1583 1063 1642 nisi
1083 1602 1207 1662 serpen-

77 1663 122 1714 tet
151 1655 285 1738 gignere.
325 1654 488 1718 Certabant
518 1655 636 1734 quidem
664 1654 745 1724 inter
766 1674 798 1714 se
823 1655 959 1736 gravibus
983 1657 1123 1734 dissidiis,
1154 1659 1228 1720 sedx

78 1732 243 1791 communis
263 1741 325 1791 erat
343 1729 478 1792 omnibus
498 1742 683 1811 contemptus
702 1729 779 1807 Dei,
804 1728 894 1810 impia
913 1732 1083 1795 dominandi
1101 1735 1206 1812 libido,

78 1827 166 1868 sanae
193 1807 347 1868 doctrinae
377 1808 493 1884 odium,
525 1819 556 1866 et
583 1808 743 1868 multorum
772 1807 915 1868 scelernm
945 1810 1092 1872 colluvies.
1185 1816 1207 1832 '¹

78 1883 156 1944 uobis
173 1882 410 1952 sommam..
440 1885 519 1960 Quia
537 1896 710 1966 suspectam,
721 1881 849 1947 babebat
867 1905 970 1949 eorum
982 1889 1207 1969 poenitentiam,

80 1961 214 2023 dubitans
235 1983 301 2022 cum
321 1961 514 2038 admiratione
532 1961 664 2054 inquirit,
681 1961 758 2024 sitne
777 1960 929 2041 possibile,
947 1975 981 2023 ut
1001 1967 1142 2027 exanimo
1157 1987 1207 2026 re·
1270 1979 1272 1984 '

79 2039 227 2120 sipiscant:
254 2037 312 2099 boc
325 2036 424 2109 'modo'
442 2059 493 2099 eos
510 2039 553 2106 ad¹
566 2041 688 2100 interius
709 2038 907 2100 conscientiae
925 2058 1046 2102 examen
1066 2042 1150 2120 citat,
1172 2055 1207 2103 ut

80 2134 111 2173 se
129 2115 246 2195 penitus
266 2115 427 2190 excutiant,
451 2127 483 2176 et
508 2115 613 2195 procul
637 2115 758 2176 remotis
784 2114 932 2178 blanditiis
955 2137 1085 2180 severam
1104 2119 1136 2178 in
1156 2119 1206 2181 ba-

80 2190 174 2252 benda
198 2190 343 2254 malorum
365 2213 486 2260 suorum
533 2193 685 2252 uaestioue
702 2201 864 2250 exerceant
887 2203 1046 2254 censuram.
1070 2194 1139 2255 -Iro
1159 2197 1206 2257 bic

79 2289 135 2348 pro
154 2269 213 2328 Dei
232 2268 358 2347 iudicio,
384 2279 417 2326 ut
440 2213 573 2347 pluribus
599 2266 663 2327 aliis
688 2266 777 2341 locis,
801 2268 927 2347 capitur:
960 2272 1206 2362 quemadmodum

81 2365 175 2423 quum.
191 2345 261 2404 dicit
279 2343 388 2406 Paulus
405 2343 504 2418 (Rom.
521 2344 559 2420 λ4,
579 2349 626 2408 15.
647 2353 677 2402 et
696 2349 746 2417 tt,
765 2347 845 2420 tlt),
884 2344 945 2402 Lex
964 2365 1038 2403 iram
1058 2359 1208 2426 operatur,

81 2421 204 2480 etDate
221 2421 321 2480 locuni
339 2422 410 2479 irae.
434 2419 579 2479 Futurum
589 2429 686 2480 autem
703 2429 801 2491 vocat,
820 2439 895 2496 quae
913 2418 1044 2498 ipsorum
1064 2423 1205 2500 capitibus
1297 2448 1302 2458 ’

10 2521 12 2542 .
79 2495 250 2576 impendet,
275 2514 314 2554 ne
333 2514 435 2556 secure
459 2495 516 2554 sibi
538 2499 701 2585 pro'more
724 2493 906 2628 indulgeant.
943 2495 1017 2554 Nam
1035 2506 1070 2554 ut
1087 2497 1130 2557 ira
1147 2498 1222 2559 Dei·

79 2571 210 2633 exundet
228 2580 369 2631 ettotam
388 2582 494 2630 terram
520 2571 626 2630 feriant
650 2571 712 2632 eius
735 2568 866 2650 flagela,
892 2588 1009 2649 semper
1031 2580 1129 2634 tamen
1152 2573 1208 2654 by-

10 2711 11 2720 ,
79 2649 212 2728 pocritae
231 2667 262 2708 se
280 2643 424 2709 immunes
442 2647 508 2706 fore
528 2645 690 2716 confidunt.
725 2645 817 2726 Irmu¹
828 2643 890 2704 Dei
898 2645 1034 2730 jugere,
1047 2649 1078 2707 in
1097 2649 1207 2712 bonam

102 2738 194 2786 artem
214 2723 263 2796 bic
293 2723 416 2815 ponitur
460 2743 495 2784 ro
516 2744 552 2785 eo
573 2723 652 2804 qnod
673 2734 732 2800 est,
749 2723 895 2783 rationem
913 2743 1057 2804 quaerere
1073 2725 1209 2808 placandi
1299 2785 1303 2794 .

10 2815 12 2826 ’
80 2745 155 2878 bei,
175 2813 214 2862 ut
232 2790 318 2862 nobis
336 2800 421 2862 irasci
439 2744 563 2862 desinat.
597 2801 674 2861 Nam
698 2799 778 2860 bona
804 2821 869 2892 pars
894 2799 1056 2878 bominum,
1075 2813 1109 2863 ut
1128 2803 1207 2864 eflu-

81 2879 141 2959 giat
158 2881 231 2940 iram
251 2877 325 2954 Dei,
343 2897 407 2938 sese
426 2878 462 2938 ab
484 2881 544 2939 eius
563 2898 652 2946 manu
673 2888 704 2938 et
727 2877 834 2938 iudicio
854 2876 1004 2938 subducit:
1030 2881 1118 2960 atqui
1131 2881 1228 2942 adeo.

81 2956 153 3015 nibil
184 2954 304 3037 prolicit
332 2966 473 3036 peccator
497 2955 640 3040 fugiendo
663 2953 778 3036 Deum,
811 2965 845 3016 ut
874 2954 966 3038 magis
988 2954 1062 3018 iram
1086 2957 1147 3019 eius
1175 2959 1207 3024 in
1287 2959 1290 2966 ⁴

81 3051 112 3092 se
151 3043 282 3093 revocet.
1143 3055 1146 3062 ·

130 3055 294 3172 pMattb.8.
304 3105 408 3173 Lue8.
422 3089 930 3188 Fooiteergofruotuspoeniterttiae.
951 3107 1115 3171 Confirmat
1127 3111 1208 3192 quod

81 3184 158 3262 prius
178 3184 248 3260 dixi,
267 3183 351 3244 nihili
370 3205 432 3246 esse
465 3206 530 3248 uam
548 3185 645 3248 verbis
663 3197 809 3248 testantur
826 3185 1049 3265 poenitentiam,
1069 3187 1125 3248 nisi
1143 3209 1208 3250 eam
1229 3199 1230 3202 ’

81 3281 113 3319 re
131 3263 193 3344 ipsa
212 3261 420 3342 comprobent.
444 3207 510 3344 illst
530 3263 607 3323 enim
626 3281 673 3322 res
692 3263 784 3344 magis
808 3263 954 3343 pretiosa,
980 3283 1065 3342 qnam
1090 3264 1126 3325 de
1142 3282 1209 3346 .qua
1284 3275 1293 3290 ¹

82 3335 143 3398 leve
163 3350 194 3399 et
212 3337 301 3398 futile
320 3336 459 3414 iudicium
478 3337 542 3399 lieri
566 3340 677 3400 deceat.
714 3340 788 3400 Ideo
812 3338 949 3400 sulficere
973 3352 1062 3422 negat
1080 3339 1208 3402 Ioannes
1265 3352 1268 3358 “

81 3414 212 3476 sollenne
233 3412 318 3490 illud,
338 3415 418 3494 quod
437 3414 598 3475 reddebant
615 3415 826 3491 testimonium,
844 3415 895 3475 sed
908 3417 1056 3508 ‚temporis
1074 3439 1210 3480 successu

102 3490 172 3552 alam
190 3491 311 3562 tandem
330 3491 461 3568 futurum
479 3491 552 3551 dicit
571 3513 605 3552 ex
623 3492 691 3571 ipsis
711 3492 859 3572 operibus,
878 3511 915 3552 an
932 3513 1009 3554 serio
1023 3493 1208 3574 resipuerint.

81 3511 251 3630 ilotaudum
277 3577 335 3642 est,
362 3569 442 3648 quod
472 3565 547 3627 bona
571 3589 662 3644 opero
693 3568 803 3629 lructus
827 3580 970 3632 vocantur
993 3573 1208 3651 poenitentiae:

85 3655 127 3703 est
147 3646 223 3705 enim
266 3644 427 3716 oenitentia
447 3664 493 3705 res
513 3644 653 3721 interior,
678 3666 753 3724 quae
778 3644 877 3706 sedem
896 3646 927 3704 in
953 3647 1043 3706 corde
1063 3659 1095 3705 et
1113 3647 1210 3705 anima
1241 3670 1244 3684 .

84 3716 186 3800 babet,
210 3665 263 3783 sed
282 3720 393 3782 fructus
417 3719 612 3793 deindesuos
636 3722 753 3802 profert
771 3721 801 3781 in
821 3721 898 3781 vitae
916 3723 1089 3784 mutatione.
1129 3721 1209 3796 Quia

85 3807 178 3858 autem
198 3798 229 3858 in
248 3797 290 3858 Pa
313 3810 362 3860 atu
380 3808 443 3860 tota
461 3797 535 3858 haec
554 3819 618 3878 pars
630 3798 790 3866 ,doctrinae
806 3797 902 3873 ¹foede
922 3810 1060 3879 corrupta
1076 3796 1143 3874 fuit,
1162 3807 1209 3857 te-

86 3875 212 3934 nendum
232 3884 276 3936 est
292 3817 353 3936 boc
373 3874 544 3948 discrimen,
571 3875 651 3956 quod
671 3873 857 3955 'poenitentia
879 3875 1004 3936 interior
1027 3874 1064 3934 sit
1084 3873 1209 3935 bominis

87 3952 251 4087 rcnpvatio,
275 3971 350 4088 guae
377 3950 408 4010 in
433 3961 582 4012 externam
605 3951 695 4015 vitam
704 3951 858 4036 remergit,
881 3951 958 4013 sicut
982 3969 1017 4010 ex
1039 3969 1071 4010 se
1096 3949 1209 4010 fructus

44 4039 340 4090 smmum
714 4038 718 4060 ²

85 4045 104 4101 P
158 4101 262 4164 Mattb.
278 4111 306 4172 9,
350 4102 400 4164 Ne
417 4106 543 4180 cogitetis
559 4102 662 4166 dicere.
728 4125 783 4165 rue.
800 4107 828 4169 8.
872 4102 922 4164 Ne
939 4103 1088 4178 coeperitis
1105 4097 1229 4162 diceres
1316 4113 1318 4120 '

90 4172 187 4247 Quum
207 4191 319 4242 certum
337 4180 389 4258 sit,
410 4182 534 4240 eundem
556 4201 618 4242 esse
636 4181 694 4242 utri
731 4201 788 4261 que
807 4178 990 4261 loquutiouis
1009 4193 1144 4254 sensum,
1164 4175 1208 4240 la-

89 4251 141 4312 cile
165 4251 232 4316 coll*
254 4257 342 4335 imus,
366 4258 437 4337 quid
461 4257 708 4321 volueritloann
730 4284 749 4318 s.
785 4256 895 4318 Donec
918 4266 1090 4334 premantur
1111 4254 1208 4338 hypo-

89 4329 186 4408 critae,
205 4352 240 4394 ve
270 4333 329 4396 suis
347 4335 423 4395 vitiis
442 4335 637 4412 indormiunt,
655 4333 703 4398 vel
733 4335 846 4396 icenter
865 4330 1016 4393 exsultant.
1037 4330 1117 4392 Dum
1136 4353 1208 4395 vero

89 4403 212 4467 citantur
229 4411 265 4470 ad
284 4411 343 4471 Dei
361 4411 506 4488 tribunal,
530 4413 612 4474 anxie
633 4433 688 4494 qua
735 4423 798 4474 tant
822 4408 1004 4492 subterfugia
1023 4421 1054 4471 et
1072 4408 1209 4484 latebras,

110 4502 199 4552 carme
213 4521 294 4558 coum
309 4512 430 4560 tanaim.
444 4513 489 4560 uv.
505 4513 555 4560 vor.
566 4513 585 4561 r.
988 4491 1007 4551 7
