2824 4756
190 253 230 316 34
307 223 317 236 ’
369 197 522 305 soemo
541 237 582 298 Il.
620 235 759 298 luamus
777 233 964 299 Bao‘r1sran
982 248 1138 296 narseus.

188 383 271 454 ¹[irate
290 386 396 469 ipsoiir
416 384 549 451 futurum¹
564 394 624 442 tem
646 403 679 441 us
697 379 915 461 promitterent.
954 377 1057 438 Voluit
1072 377 1150 438 enim
1169 361 1234 439 euin
1245 377 1313 442 Do-

190 470 287 528 minus
298 466 332 526 ab
340 476 427 524 utero
440 461 510 520 raris
521 401 809 541 iusignihusprnare,
822 476 859 515 ne
872 455 1012 515 obscurus
1023 466 1124 535 postea
1136 467 1165 515 et
1176 468 1223 516 tan
1248 470 1314 517 uam

85 597 89 617 ,
186 541 410 622 unusquilibet
430 558 464 597 er
475 537 564 619 vulgo
585 535 620 595 ad
641 533 854 668 exsepuendum
865 531 1032 612 Prophetae
1052 531 1155 591 munus
1173 478 1315 612 prodiret.

191 622 292 681 Brimo
314 627 411 678 narrat
429 615 537 686 Lucas,
561 612 681 672 Mariam
720 610 795 670 uisse
816 608 851 668 ad
876 620 935 668 tres
962 608 1025 666 iere
1046 628 1158 668 menses
1179 631 1243 669 cum
1263 633 1315 672 sua

188 708 333 780 cognata,
363 711 469 770 nempe
488 709 579 768 usque
599 687 634 747 ad
656 688 731 747 diern
750 697 863 765 partus:
895 684 1048 765 probabile
1069 684 1145 744 enim
1168 697 1225 760 est,
1251 707 1315 746 nou

190 774 275 835 aliam
295 771 383 830 tuisse
403 778 501 827 tantae
520 785 620 824 morae
641 783 769 836 causam,
795 763 852 823 uisi
878 773 910 820 nt
930 760 1044 820 divinae
1069 761 1180 841 gratiae
1199 775 1313 853 specta-

191 851 259 910 culo
281 847 443 918 l'rueretur,
467 861 541 922 quae
561 839 603 900 illi
623 839 775 920 proposita
795 837 831 899 ab
851 836 968 920 Angelo
989 836 1083 898 suerat
1102 839 1132 898 in
1152 838 1219 898 fider
1233 859 1315 900 'con-

190 924 395 987 firmationem
1319 928 1324 934 “

213 1033 215 1038 .
265 1005 312 1066 58.
350 993 520 1057 Audieram
537 993 624 1051 duint
642 1004 668 1050 et
686 991 810 1068 cogrrrsts'.
853 990 990 1050 Dubitari
1014 1001 1128 1071 potest,
1155 1010 1189 1051 ex
1213 991 1314 1052 solane

127 1125 133 1139 r
189 1076 397 1139 benedictione
422 1069 586 1153 gignendae
612 1067 723 1129 sobolis
746 1068 927 1149 magnificam
953 1067 1011 1150 Dei
1035 1069 1154 1148 gratiam
1179 1069 1313 1138 aestima-

188 1155 287 1217 verint
305 1151 353 1212 isti
371 1148 520 1219 homines,
540 1167 576 1204 an
596 1165 668 1204 vero
710 1144 767 1204 rius
789 1145 949 1216 audissent,
974 1145 1137 1224 apparuisse
1157 1144 1313 1206 Zachariae

188 1229 353 1312 Angelum,
384 1225 435 1304 qui
459 1221 550 1282 lilium
573 1221 615 1281 illi
661 1166 788 1281 sllicitus
809 1231 892 1290 esset
931 1221 1002 1279 Erat
1027 1232 1108 1280 certe
1128 1221 1183 1284 hoc
1201 1221 1314 1281 benefi-

188 1308 264 1369 cium
274 1305 332 1364 Dei
344 1319 404 1361 uon
416 1298 545 1380 vulgare,
566 1317 625 1377 quo
666 1309 782 1378 praeter
801 1307 921 1357 naturae
932 1297 1066 1358 ordinem
1086 1298 1190 1359 sterilis
1209 1298 1314 1360 mulier

188 1380 360 1445 exsertam
380 1386 475 1436 aetate
495 1375 664 1454 peperisset.
703 1375 808 1433 Potest
827 1393 898 1454 ergo
915 1373 998 1448 lieri,
1016 1385 1050 1432 ut
1069 1373 1122 1433 hac
1141 1386 1253 1435 tantum
1274 1375 1312 1437 de

126 1515 128 1520 ,
188 1479 273 1520 causa
293 1457 406 1514 divinoe
426 1452 566 1512 bonitatis
582 1450 815 1530 magnitudinem
830 1449 996 1513 extulerint
1035 1450 1131 1510 Porro
1147 1451 1193 1511 dic
1207 1465 1311 1513 octavo

187 1534 279 1596 ollicii
299 1530 414 1610 quidam
434 1540 465 1588 et
484 1528 669 1588 humanitatis
689 1548 772 1587 causa
792 1531 841 1604 (ut
859 1526 923 1584 fieri
942 1526 1029 1596 solet)
1048 1529 1238 1603 conveniunt,
1259 1527 1311 1589 sed

187 1612 251 1672 hac¹
267 1607 421 1668 occasione
447 1606 539 1665 utitur
557 1603 653 1680 Deus,
680 1616 714 1662 ut
732 1603 846 1663 virtutis
875 1621 943 1662 suae
976 1615 1006 1662 et
1030 1603 1140 1686 gloriae
1163 1616 1251 1664 testes
1277 1625 1311 1665 ac

186 1697 366 1766 spectatores
386 1681 481 1742 faciat
519 1681 582 1740 Nec
601 1699 673 1740 vero
694 1680 815 1739 dubium
837 1691 896 1754 est,
921 1679 992 1758 quin
1012 1681 1106 1740 maior
1125 1681 1161 1740 ad
1181 1694 1311 1741 extraor-

187 1761 330 1825 dinarium
362 1770 476 1840 partum
507 1777 666 1817 concursus
697 1755 847 1815 hominnm
873 1755 967 1829 ‚factus
994 1756 1040 1815 sit.
1078 1757 1214 1817 Portenti
1239 1757 1306 1816 loco

185 1839 349 1902 habuerant
367 1835 494 1899 venulam
514 1845 544 1892 et
563 1833 691 1913 sterilepn
711 1843 833 1912 repente
851 1833 952 1892 videre
971 1833 1131 1914 gravidam:
1152 1855 1239 1907 nunc,
1259 1834 1310 1892 uhi

123 1981 124 1986 ἵ
185 1928 271 1976 natus
297 1925 341 1973 est
366 1930 456 1991 puer,
484 1921 643 1970 renovatur
672 1922 703 1968 et
727 1920 850 1989 augetur
873 1909 1034 1968 admiratio.
1059 1910 1250 1992 ‘Colligimus
1276 1930 1310 1970 ex

185 1993 284 2052 Lucae
302 1990 409 2062 verbis,
428 1989 555 2067 quamvis
575 1984 656 2046 domi
676 1985 918 2045 circumciderent
936 1993 1003 2045 su‘os
1023 1985 1164 2060 infantes,
1176 2009 1244 2064 xnon
1258 1995 1308 2046 ‘ta-

185 2089 254 2130 men
275 2067 305 2126 id
326 2066 423 2125 lacere
442 2063 542 2124 solitos
561 2063 624 2122 sine
645 2061 797 2122 homiuum
817 2060 981 2140 frequentia
999 2068 1200 2122 etuon'ventu:
1220 2063 1307 2142 idque
1399 2126 1400 2130 ,

120 2199 124 2212 ,
185 2145 303 2204 merito.
346 2143 420 2200 Nam
441 2161 531 2219 quum
552 2151 627 2198 esset
647 2151 803 2198 commune
823 2137 970 2198 Ecclesiae
989 2152 1220 2216 sacramentum,
1246 2161 1307 2199 non

186 2221 288 2281 debuit
307 2218 381 2280 clam
400 2217 446 2277 vel
467 2215 600 2296 privatim
620 2213 822 2276 administrari.

260 2303 308 2362 59.
338 2290 504 2370 Vocabusst
527 2314 592 2350 eum
611 2295 708 2367 petris
732 2293 854 2350 nomine.
906 2291 1036 2365 Scimus,
1062 2291 1146 2352 initio
1172 2292 1307 2372 imposita

186 2372 275 2434 luisse
294 2371 461 2432 hominibus
482 2369 610 2443 nomina,
630 2368 676 2428 vel
696 2373 729 2428 er
749 2387 846 2428 rerum
867 2381 984 2444 eventu,
1004 2367 1049 2427 vel
1072 2370 1157 2428 etiam
1199 2370 1305 2450 rophe„

183 2453 244 2512 tico
265 2449 416 2519 instinctu,
436 2447 472 2506 ad
492 2445 652 2506 notandum
672 2443 790 2525 aliquod
811 2465 946 2504 arcannm
958 2445 1016 2524 Dei
1035 2465 1124 2525 opus:
1144 2391 1196 2506 sed
1206 2458 1306 2525 postca

184 2527 277 2609 longo
306 2525 449 2600 temporis
478 2541 627 2597 successu,
657 2545 748 2602 quum
778 2519 899 2582 uberior
931 2533 1007 2604 esset
1037 2522 1188 2582 nominum
1212 2526 1307 2602 copia,
1399 2576 1400 2580 ,

185 2625 271 2684 quam
291 2615 324 2661 ut
343 2622 419 2661 nova
438 2599 571 2679 quotidie
592 2601 664 2690 fiogi
687 2597 841 2660 commode
868 2610 1001 2679 possent,
1034 2601 1166 2658 contenti
1186 2603 1305 2660 vetustis

95 2743 97 2748 ,
184 2679 349 2738 nominibus
376 2689 405 2735 et
435 2677 492 2733 iam
518 2687 644 2755 receptis
673 2677 816 2734 maiorum
848 2677 967 2735 nomine
999 2686 1133 2756 posteros
1157 2687 1306 2736 vocarunt.

176 2755 233 2813 'Sic
254 2765 322 2813 ante
342 2763 453 2832 patrem
474 2750 593 2810 Ioannis
613 2752 711 2830 plures
733 2751 849 2810 fuerant
867 2751 1038 2824 Zachariae,
1059 2763 1089 2810 et
1109 2752 1186 2811 forte
1207 2751 1252 2811 hic
1273 2773 1305 2811 ex

183 2828 244 2890 filio
269 2827 425 2887 Barachiae
455 2827 600 2905 originem
626 2839 759 2888 traxerat.
807 2828 922 2886 Scimus
948 2840 1062 2901 autem,
1088 2840 1121 2886 ut
1150 2829 1305 2909 plurimum

91 2967 95 2978 ,
184 2906 264 2985 quod
291 2926 344 2963 usu
368 2916 400 2972 et
422 2901 635 2962 consuetudine
659 2915 809 2982 receptum
834 2909 878 2964 est
904 2925 957 2983 pro
985 2906 1050 2986 lege
1077 2904 1188 2965 haberi.
1231 2906 1304 2966 Ideo

182 2981 366 3058 contendunt
385 2979 432 3040 isti
451 2977 594 3051 homines,
614 2999 727 3039 morem
747 2982 798 3058 qui
818 2979 978 3041 invaluerat
1002 2981 1173 3042 servandum
1193 3001 1255 3043 cese
1274 2983 1305 3042 in

183 3059 303 3118 nomine
325 3056 452 3116 infantis.
497 3053 655 3115 Caeterum
680 3068 713 3115 ut
738 3055 815 3116 nulla
841 3057 870 3115 in
897 3058 1062 3118 nominibus
1085 3059 1306 3120 statuenda.est

181 3133 299 3214 religio,
317 3135 357 3192 ita
376 3134 425 3212 pie
446 3143 476 3190 et
494 3131 606 3191 utiliter
617 3132 762 3193 delectum
781 3156 797 3194 a
816 3133 950 3196 fidelibus
970 3135 1022 3194 hac
1041 3135 1071 3193 in
1091 3148 1175 3227 parte
1194 3135 1307 3211 haberi,

180 3228 269 3284 neruo
290 3231 375 3270 sanus
395 3207 528 3290 negabit:
554 3221 587 3268 ut
605 3209 717 3270 scilicet
736 3211 856 3290 nomina
876 3211 1031 3290 imponant
1049 3212 1115 3271 lilius
1134 3212 1209 3287 suis,
1229 3231 1305 3292 quae

134 3335 135 3338 ,
181 3286 333 3354 doctrinae
353 3298 382 3346 et
402 3284 610 3357 admonitionis
630 3287 693 3346 vice
713 3286 767 3348 illis
786 3289 860 3358 sint,
887 3287 992 3347 deinde
1018 3289 1114 3380 potius
1134 3301 1305 3348 mutuentur

180 3381 214 3422 ex
233 3363 339 3423 sanctis
359 3362 494 3423 Patribus
525 3363 572 3439 (ut
596 3363 671 3423 filios
694 3385 762 3424 suos
788 3365 826 3424 ad
845 3364 963 3424 illorum
982 3365 1173 3425 imitationem
1194 3386 1304 3446 provo-

175 3441 263 3516 cent)
284 3461 371 3519 quam
390 3449 534 3499 arcessant
551 3460 576 3498 a«
589 3440 727 3519 prolenis.
1398 3503 1399 3520 ,

255 3522 302 3580 60.
340 3513 530 3591 Respondeas
548 3531 639 3576 muter
655 3521 724 3576 eius.
764 3517 912 3577 Incertum
934 3530 993 3594 est,
1018 3539 1055 3578 an
1076 3517 1197 3584 oraculo
1217 3517 1302 3578 etiam

127 3640 129 3645 s
179 3592 285 3652 edocta
304 3593 393 3652 luerit
411 3590 569 3652 Elisabeth.
621 3594 797 3730 Quaupuam
817 3595 971 3670 verisimile
991 3605 1049 3669 est,
1080 3616 1169 3731 ‹puum
1188 3595 1304 3656 videret

180 3669 331 3733 Zacharias
355 3689 386 3728 se
413 3669 517 3727 nimiae
543 3669 573 3728 in
599 3672 704 3730 creden
728 3692 745 3730 o
773 3673 915 3732 tarditatis
934 3693 1059 3752 poenam
1102 3692 1190 3748 nere,
1219 3672 1302 3732 uxori

177 3746 269 3816 luisse
284 3758 421 3838 testatum
441 3765 494 3825 per
518 3747 706 3838 scripturam,
731 3749 811 3828 quod
832 3748 868 3808 de
893 3750 1013 3808 nomine
1032 3749 1162 3831 Angelus
1183 3769 1303 3830 praece·

160 3835 276 3958 perat:
298 3821 407 3902 alioqui
427 3843 488 3881 non
507 3825 718 3904 paruissetDei
738 3825 886 3887 mandato.
925 3825 1021 3887 Porro
1043 3848 1095 3886 cur
1114 3847 1222 3886 nomen
1243 3825 1302 3886 hoc
1399 3885 1400 3894 ,

204 3899 324 3992 aptistae
336 3899 473 3959 divinitus
491 3899 613 3960 inditum
626 3900 725 3973 suerit,
738 3923 828 3984 supra
842 3904 971 3993 exposui.
1013 3902 1152 3984 Cognati,
1172 3903 1300 3982 quamvis
1397 3917 1399 3976 4

175 3989 319 4038 rationem
346 3997 407 4036 nou
431 3989 565 4051 teneant,
596 3990 752 4054 moventur
769 3991 867 4038 tamen
888 3999 931 4037 rer
956 3980 1100 4054 novitate,
1130 3980 1300 4060 praesertim

175 4054 244 4129 quia
264 4055 325 4114 non
345 4065 458 4112 temere
478 4053 534 4114 hoc
553 4054 616 4112 fieri
637 4056 807 4115 coniiciunt.

252 4137 298 4194 64.
337 4131 482 4204 Apertum
500 4145 540 4190 est
559 4151 591 4190 os
609 4133 677 4189 eius.
715 4132 796 4190 Deus
821 4131 944 4191 natalem
965 4131 1130 4212 Prophetae
1150 4131 1194 4192 sui
1214 4133 1300 4192 resti-

176 4213 239 4263 tuta
251 4206 327 4283 patri
347 4206 444 4288 lingua
455 4208 604 4268 nobilitat:
626 4204 721 4288 neque
742 4210 818 4268 enim
833 4208 953 4268 duhium
967 4220 1019 4281 est,
1040 4210 1110 4288 quin
1124 4208 1298 4268 heneficium
1398 4275 1399 4279 ,

177 4277 234 4337 hoc
254 4300 290 4339 eo
311 4281 369 4340 fine
389 4295 419 4341 et
439 4284 702 4346 consilioindiem
722 4283 803 4343 illum
825 4283 980 4360 distulerit,
1001 4297 1034 4345 ut
1054 4283 1204 4345 hominnm
1225 4285 1297 4344 ocu'-

172 4351 219 4413 lo's
249 4356 280 4414 iu
305 4357 447 4424 loannem
464 4361 673 4424 converteret
724 4361 838 4422 Dicitur
865 4362 1015 4422 Zacharias
1039 4362 1169 4424 laudasse
1188 4361 1298 4436 Deum,
