2824 4756
78 287 80 292 ·
184 261 224 324 ra
368 252 521 318 suerro
541 253 599 316 11c
636 252 1126 318 resuscitandorum
1165 217 1172 228 ’

186 403 269 464 tione
295 419 357 460 non
383 410 494 482 egeret.
536 398 638 473 Quare
662 397 810 478 sequitur,
835 417 940 459 omues
962 399 993 458 in
1017 397 1112 458 Adam
1136 396 1223 460 fnisse
1246 417 1324 460 cor-

187 491 306 558 ruptos,
331 478 448 557 quando
474 475 646 556 pollutionis
673 475 847 536 damnantur
872 496 924 534 ore
948 475 1079 535 Domini.
1117 475 1180 534 Nee
1208 474 1324 550 obstat,

188 556 269 636 qnod
289 553 359 614 alibi
371 565 512 614 vocantur
523 552 624 611 Iudaei
634 553 705 615 rami
716 553 808 611 sancti
827 572 860 610 ex
871 552 968 611 radice
981 564 1078 612 sancta
1090 551 1324 626 (nonunt-t,

188 635 256 712 quia
276 631 333 690 boc
353 631 464 690 bouum
484 629 540 688 illis
562 629 642 708 quasi
663 628 856 687 adventicium
878 641 948 687 erat.
974 628 1037 688 Etsi
1059 629 1136 686 enim
1149 629 1323 708 adoptionis

187 706 342 790 privilegio
363 707 508 788 segregati
530 717 611 764 erant
630 707 661 764 in
681 703 823 784 populum
844 703 980 777 electum,
1000 705 1083 784 prior
1101 706 1323 764 tamenordine

189 795 254 844 erat
271 783 462 844 haereditaria
489 803 522 842 ex
546 782 638 840 Adam
663 781 825 859 corruptio.
865 776 1056 861 Distinguere
1082 801 1152 862 ergo
1179 782 1325 841 convenit
1381 840 1406 854 ,Ἴ

188 860 267 920 inter
286 860 409 939 primam
431 871 572 930 naturam,
594 870 623 916 et
643 855 789 936 peculiare
812 857 937 916 foederis
958 857 1143 929 beneficium,
1163 878 1221 936 quo
1236 857 1322 918 Deus

189 957 256 998 suos
277 958 292 994 a
313 937 462 996 communi
482 933 685 993 maledictione
705 933 820 992 liberat.
863 936 959 1026 Atque
980 934 1036 992 buc
1049 934 1199 1013 spectabat
1219 933 1323 1015 legalis
1405 947 1406 954 ’

188 1013 341 1094 purgatio,
373 1024 406 1072 ut
429 1011 538 1071 seirent
562 1009 680 1084 Iudaei,
710 1009 838 1092 abstergi
862 1009 920 1070 Der
948 1009 1040 1092 gratIa
1065 1031 1134 1146 quas
1159 1031 1256 1070 secum
1289 1011 1322 1069 in
1405 1025 1406 1056 ³

189 1090 331 1148 mundum
352 1088 452 1148 sordes
473 1087 619 1146 nascendo
645 1085 811 1146 attulerant.
851 1086 929 1146 Hinc
956 1087 1042 1146 etiam
1090 1087 1238 1146 iscendum
1264 1099 1323 1161 est,

192 1187 279 1244 quam
294 1164 446 1225 -borribilis
467 1164 504 1222 sit
523 1163 633 1241 peccati
653 1163 804 1241 contagio,
823 1183 899 1242 quae
919 1163 1078 1244 legitimum
1099 1175 1217 1224 naturae
1238 1163 1324 1222 ordi·
1366 1207 1368 1214 .

145 1303 149 1308 ,
189 1262 258 1301 nem
280 1235 373 1320 aliqua
394 1251 528 1320 exparte
549 1239 690 1317 inquinat.
730 1239 839 1300 Fateor
859 1239 997 1318 quidem,
1017 1259 1113 1318 neque
1134 1241 1322 1320 puerperium
1343 1281 1349 1288 »

188 1317 370 1378 immundum
391 1336 462 1389 esse,
481 1316 540 1374 imo
561 1313 657 1375 fateor
677 1315 804 1375 libidinis
816 1317 918 1376 vitium
935 1315 1064 1397 coniugii
1081 1318 1231 1374 sanctitate
1247 1317 1322 1396 tegi,

189 1395 241 1455 sed
261 1393 377 1454 interim
398 1405 455 1451 tam
477 1391 676 1472 profunda-,ac
697 1392 822 1452 fecunda
842 1404 885 1452 est
898 1392 1010 1472 pcccati
1023 1397 1180 1473 scaturigo,
1200 1404 1233 1451 ut
1253 1394 1322 1451 inde
1405 1397 1406 1460 j

189 1489 306 1550 seniper
336 1467 479 1528 ebulliant
504 1469 599 1548 aliqua
624 1468 709 1546 vitia,
742 1489 817 1550 quae
843 1469 963 1530 maculis
995 1481 1154 1551 aspergunt
1182 1469 1322 1549 quicquid

186 1539 300 1625 alioqui
321 1566 426 1626 purum
448 1557 518 1605 erat.
689 1556 692 1560 ’
1185 1561 1187 1574 ’
1363 1583 1366 1588 ·

267 1628 317 1686 23,
356 1621 438 1682 Sicca
461 1625 599 1698 scriptum
622 1634 663 1682 est
685 1625 718 1680 in
741 1619 830 1696 Lege.
873 1622 941 1682 Hoc
965 1619 1087 1682 alterum
1112 1621 1228 1700 pietatis
1253 1622 1323 1682 offi-

191 1698 268 1758 cium
289 1698 358 1773 fuit,
386 1719 445 1778 quo
467 1699 599 1758 defuncti
618 1709 687 1759 sunt
706 1699 813 1778 loseph
836 1710 865 1758 et
884 1698 985 1758 Maria.
1023 1698 1148 1757 lubebat
1166 1699 1323 1773 Dominus,

191 1795 294 1834 omnes
313 1777 457 1836 masculos
477 1775 534 1836 sibi
555 1776 645 1835 dicari
664 1775 696 1834 in
718 1775 927 1866 redemptionis
940 1776 1119 1848 memoriam,
1133 1776 1212 1855 quia,
1253 1799 1321 1836 uum

191 1849 323 1932 Angelus
342 1853 442 1912 omnia
461 1852 660 1934 primogenita
672 1852 802 1933 Aegypti
815 1851 1005 1922 interficeret,
1018 1853 1219 1932 primogenitis
1232 1797 1322 1916 lsrael

191 1938 367 2009 pepercerat
395 1931 495 2005 (Num.
515 1933 550 2004 3,
575 1929 650 2005 13.):
703 1927 920 2007 ostealcuique
952 1927 1058 1988 licebat
1088 1929 1318 2010 primogenitum

193 2025 276 2064 suum
290 2016 372 2063 certo
387 2005 484 2084 pretio
498 2005 652 2064 redimere.
681 1949 737 2064 llla
757 2004 813 2064 fuit
831 2017 913 2076 vetus
933 2005 1113 2064 ceremonia:
1136 2027 1212 2064 nunc
1233 2027 1322 2085 quum
1405 2027 1406 2066 t

192 2079 340 2140 Dominus
361 2080 522 2149 communis
543 2081 674 2142 omnium
694 2082 732 2140 sit
751 2081 937 2160 redemptor,
964 2081 1027 2140 iure
1048 2103 1101 2142 uos
1121 2081 1178 2141 sibi
1199 2103 1214 2141 a
1234 2083 1339 2141 mini-.
1405 2073 1406 2136 l

192 2177 243 2216 mo
264 2177 356 2236 usque
376 2158 411 2216 ad
425 2157 584 2219 ‘maximum
605 2159 739 2218 vindicat.
779 2158 875 2217 Porro
897 2179 957 2218 non
979 2159 1084 2220 frustra
1104 2158 1215 2238 saepius
1236 2179 1322 2238 repe·
1405 2219 1406 2226 χ

193 2233 231 2292 tit
254 2233 363 2308 Lucas,
388 2234 496 2315 Ioseph
515 2247 554 2294 et
581 2233 701 2295 blaciam
728 2235 830 2294 fecisse
878 2235 936 2294 uod
961 2235 1170 2315 praescriptum
1200 2247 1261 2294 erat
1290 2235 1321 2294 in
1405 2253 1406 2266 ¹

193 2309 276 2392 Lege
299 2309 429 2369 Domini.
467 2311 620 2370 Doccmur
644 2313 721 2370 enim
747 2311 791 2372 bis
816 2257 929 2385 scibis,
955 2309 1026 2369 nibil
1054 2311 1173 2390 proprio
1200 2311 1321 2370 arbitrio

95 2395 99 2406 '
194 2388 366 2446 tentandum
387 2407 449 2448 esse
469 2390 498 2447 in
513 2388 670 2465 cultuDei,
683 2388 734 2449 sed
754 2389 930 2450 obedienter
948 2387 1129 2468 sequendum
1150 2407 1221 2464 esse,
1242 2389 1321 2468 quod
1405 2389 1406 2392 ’

193 2463 286 2526 verbo
308 2485 364 2524 suo
402 2466 478 2526 raeci
501 2467 531 2525 it

272 2547 319 2606 24.
389 2556 453 2601 tut
472 2487 575 2602 durent
597 2538 729 2608 bostium.
769 2540 948 2624 Sacrificium
972 2539 1031 2600 hoc
1056 2540 1195 2600 adcitum
1217 2561 1339 2622 purga--
1405 2531 1406 2542 ¹

195 2618 284 2678 tionis
305 2620 471 2696 spectabat,
492 2640 529 2678 ne
551 2621 613 2699 quis
636 2632 733 2700 putet,
760 2620 891 2689 oblatum
912 2639 972 2678 esse
993 2617 1153 2676 redimendi
1175 2619 1321 2698 primoge-
1405 2625 1406 2630 ’

126 2751 128 2760 ,
195 2695 362 2769 uiticausa.
404 2696 504 2768 Quum
526 2718 576 2775 par
596 2709 741 2756 turturum
762 2695 808 2754 vel
829 2695 897 2754 duas
917 2693 1067 2754 columbas
1084 2695 1214 2753 nominat
1228 2697 1322 2753 Evan-

195 2771 309 2850 gelista,
329 2771 384 2848 pro
406 2771 540 2830 confesso
561 2776 657 2844 sumit,
678 2784 786 2831 tautam
802 2772 888 2830 fuisse
901 2771 1029 2850 inopiam
1042 2771 1148 2849 loseph
1163 2783 1193 2830 et
1204 2771 1322 2845 Mariae,

105 2875 108 2880 Δ
196 2857 231 2904 ut
250 2847 284 2904 ad
306 2845 493 2906 offerendum
518 2869 624 2928 agnum
649 2847 885 2906 non·sufficeret
913 2847 1039 2906 facultas.
1078 2847 1151 2906 Nam
1177 2849 1247 2908 baec
1274 2849 1321 2906 ex'-
1405 2859 1406 2866 ’

197 2921 297 3000 ceptio
317 2922 423 2983 diserte
445 2923 564 3001 ponitur
581 2923 676 2982 Levit.
695 2929 743 2996 42,
762 2929 789 2987 6.
820 2923 862 2980 -Si
883 2923 945 3001 quis
966 2917 1095 2996 obiiciat,
1110 2944 1213 2983 aurum
1235 2924 1321 3005 paulo

185 3010 266 3072 ,ante
286 3019 302 3058 a
319 2999 413 3080 magis
434 2999 520 3058 fuisse
540 2999 680 3071 oblatum,
701 2999 779 3057 unde
800 3011 947 3073 emerent,
974 3001 1155 3078 respondeo,
1181 3023 1239 3060 non
1261 3021 1322 3059 esse

146 3108 149 3114 ·
197 3073 364 3154 fingendam
390 3074 475 3136 nobis
500 3077 562 3136 auri
588 3077 720 3154 copiam,
752 3095 826 3155 quae
852 3087 976 3155 repente
1006 3095 1150 3156 pauperes
1182 3077 1322 3136 ditaverit.

195 3149 266 3210 Nou
287 3152 364 3210 euim
384 3151 516 3234 legimus,
538 3165 661 3232 onustos
681 3151 768 3211 fuisse
788 3153 860 3212 auro
882 3151 1024 3226 camelos,
1043 3153 1093 3213 sed
1114 3153 1322 3233 potiuscredi·

199 3226 260 3286 bile
292 3241 350 3301 est,
371 3227 459 3288 fuisse
493 3230 627 3309 exiguum
648 3229 768 3307 aliquod
792 3228 938 3304 libamen,
963 3229 1042 3307 quod
1067 3241 1177 3289 tantum
1204 3231 1322 3290 honoris
1405 3227 1406 3274 ἶ

143 3334 146 3342 ·
198 3318 287 3363 eausa*
303 3303 469 3378 attulerant.
508 3308 570 3366 Nec
591 3327 661 3382 vero
681 3307 742 3364 Lex
762 3307 890 3386 praecise
915 3306 1087 3382 mandabat,
1110 3319 1143 3364 ut
1168 3307 1196 3365 in
1218 3305 1322 3367 sacrifi·

199 3379 275 3439 cium
301 3393 509 3441 consumerent
533 3394 636 3444 tenues
667 3404 745 3443 suam
771 3383 977 3456 substantiam,
1009 3383 1059 3442 sed
1091 3403 1107 3442 a
1134 3383 1268 3442 divitibus
1292 3383 1328 3443 iu·

198 3455 345 3538 sacrificiis
370 3477 421 3517 eos
447 3460 612 3520 discernens
641 3471 759 3540 sumptu
785 3480 835 3518 eos
862 3457 983 3519 levabat.
1041 3459 1140 3538 Quare
1168 3459 1240 3522 nibil
1266 3461 1322 3520 erit
1405 3487 1406 3514 ;

198 3531 391 3608 incommodi,
410 3533 433 3592 si
455 3535 581 3596 dicamus
594 3536 699 3616 Ioseph
721 3548 751 3594 et
764 3533 884 3596 blaciam
906 3536 1029 3608 dedisse,
1049 3548 1191 3614 quantum
1211 3535 1322 3596 ferebat
1353 3571 1357 3582 ·

197 3607 328 3688 ipsorum
350 3611 497 3684 conditio,
524 3612 633 3672 etiamsi
660 3612 729 3692 quid
752 3613 892 3692 pecuniae
918 3613 954 3672 ad
975 3611 1143 3674 tolerandos
1162 3612 1273 3674 itineris
1293 3623 1323 3673 et
1405 3623 1406 3690 ᾖ

197 3689 273 3747 vitae
294 3697 424 3765 sumptus
445 3689 605 3766 repositum
625 3689 776 3749 baberent.
1215 3731 1218 3740 .

266 3769 321 3828 25.
360 3761 437 3822 Ecce
459 3761 543 3823 domo
569 3781 631 3824 eunt
653 3765 876 3843 Hierosolymis.
927 3765 1056 3825 Historia
1081 3763 1154 3825 baec
1185 3764 1321 3840 refertur,

197 3849 233 3898 ut
251 3841 384 3916 sciamus,
404 3862 492 3919 quum
512 3863 543 3900 se
564 3853 642 3902 totus
663 3845 724 3902 fere
743 3843 870 3922 populus
889 3841 926 3900 im
951 3843 978 3901 io
992 3843 1050 3903 Dei
1065 3855 1236 3921 contemptu
1254 3863 1322 3920 pro·
1360 3875 1362 3883 ‹

151 3947 153 3952 ·
198 3915 340 3991 sanasset,
366 3939 472 3997 paucos
499 3931 596 3976 tamen
622 3919 797 3998 superfuisse
816 3863 1037 3996 Deilcuitotes,
1063 3931 1094 3978 et
1114 3919 1261 3980 Christum
1286 3917 1320 3976 ab
1360 3923 1363 3930 ’

198 3992 256 4054 illis
277 3994 363 4054 fuisse
385 3994 534 4076 cognitum
556 4016 570 4054 a
593 3997 682 4074 prima
700 3993 794 4076 lisque
816 3995 944 4054 infautia.
971 3997 1047 4054 Istae
1068 4008 1151 4055 erant
1171 3993 1320 4073 reliquiae,

137 4083 138 4086 ’
200 4089 270 4202 quas
293 4070 401 4130 Paulus
431 4072 589 4130 secundum
615 4073 769 4152 gratuitam
795 4071 853 4131 Dei
878 4071 1053 4130 electionem
1076 4085 1206 4132 servatas
1238 4071 1321 4132 fuisse

222 4157 296 4205 ocet.
340 4149 440 4226 Atque
469 4153 500 4206 in
531 4147 584 4207 bae
617 4149 717 4229 exigua
747 4169 836 4206 manu
866 4147 975 4208 inclusa
1008 4160 1071 4208 erat
1094 4147 1226 4208 Ecclesia
1256 4146 1321 4222 Dei,

101 4279 106 4290 ,
200 4217 327 4296 qua'mvis
347 4225 513 4284 sacerdotes
534 4235 564 4283 et
583 4225 695 4284 scribae
707 4224 856 4285 Ecclesiae
869 4223 985 4282 titulum
1004 4247 1065 4284 nou
1086 4227 1182 4286 minus
1197 4223 1322 4304 superbe

198 4314 287 4428 guam
308 4297 551 4362 falsoiactarent.
589 4300 676 4362 Duos
694 4305 808 4361 tantum
828 4313 1037 4361 commemorat
1055 4302 1252 4383 Evangeli'sta,
1272 4299 1320 4378 qui

233 4371 423 4452 ierosolymae
448 4377 596 4440 Christum
629 4376 820 4462 agnoverint,
850 4397 938 4457 quum
962 4377 994 4438 iu
1018 4377 1159 4458 templum
1183 4377 1321 4466 adductus
