2824 4756
172 237 211 299 tu
348 224 499 292 SECTIO
519 223 560 288 11.
598 225 736 300 loturus
755 216 945 312 Biorrsrrn
959 225 1115 286 suranus.

73 403 77 416 ·
152 431 154 444 ,
174 363 262 438 situm
287 371 332 436 ilii
355 372 443 434 fuisse
462 370 497 432 ab
510 369 639 452 bugeio,
659 382 693 430 ut
710 369 781 430 fides
801 381 902 429 nostra
920 369 950 428 iu
970 358 1067 445 coelo,
1087 366 1197 428 nonin
1216 375 1299 426 terra

177 452 296 512 fundata
316 450 362 510 sit.
401 449 567 508 Deducitur
587 469 602 507 a
624 459 700 522 nuh,
721 447 799 526 quod
825 445 966 506 Hebraeis
995 458 1039 506 est
1054 446 1149 519 salus,
1168 442 1245 516 unde
1266 455 1300 501 et

177 534 301 618 verbum
318 535 445 604 'ustum
475 529 555 609 quod
587 549 701 590 servare
730 527 882 610 significat.
932 525 1028 588 Porro
1056 527 1177 587 futiliter
1200 524 1301 605 arguti

178 628 256 688 sunt,
274 615 324 693 qui
345 613 465 673 differre
485 613 669 672 contendunt
688 611 723 672 ab
743 612 1030 672 hebraiconomine·
1044 623 1172 682 numana·
1203 607 1299 682 Quod

177 696 308 758 Rabhini
327 695 460 774 scribunt
478 693 591 773 ubique,
613 695 696 768 iesu,
724 705 838 778 epustat
864 692 988 774 maligne
1008 693 1045 752 ah
1064 694 1135 774 ipsis
1154 692 1231 765 fieri,
1257 711 1311 749 ne.

178 774 328 838 Christum
349 769 510 831 honorifice
529 769 692 850 appellent,
712 770 784 848 quin
804 770 902 849 potius
920 771 1102 843 insimulent,
1122 770 1300 850 degenerem

178 852 268 912 fuisse
298 848 423 926 aliquem
447 846 596 906 Iudaeum.
639 848 742 924 Itaque
766 847 939 906 tantundem
964 847 1142 908 auctoritatis
1168 857 1300 904 meretur
1396 883 1397 908 ι

180 948 284 1000 eorum
303 924 422 1004 scriptio
447 943 479 982 ac
507 924 588 984 canis.
602 921 731 982 latratus.
777 923 869 996 Quod
892 923 982 1004 louge
1005 923 1127 982 iuferius
1154 921 1300 1002 dignitate
1396 931 1397 1004 ,

178 1003 246 1064 Filii
259 1001 316 1060 Dei
336 1020 397 1060 esse
408 998 562 1070 obiiciunt,
581 998 605 1056 si
624 1019 733 1058 nomen
751 999 856 1060 babeat
875 1021 940 1060 eum
960 998 1021 1061 aliis
1034 1019 1200 1073 commune,
1220 995 1300 1062 idem

180 1094 211 1141 et
235 1079 271 1138 de
292 1077 410 1138 Christo
437 1074 559 1134 obtendi
582 1087 702 1152 posset,
733 1075 794 1134 Sed
820 1077 855 1135 de
879 1088 1006 1156 utroque
1030 1073 1138 1149 solutio
1167 1087 1210 1134 est
1229 1121 1234 1140 ,
1254 1073 1299 1132 lus

180 1178 266 1238 qnam
286 1153 393 1228 facilis,
419 1169 525 1229 nempe
538 1150 623 1228 quod
642 1151 695 1211 suh
715 1153 797 1233 Lege
815 1153 970 1212 umbratile
990 1153 1063 1224 init,
1093 1151 1219 1213 in-Fitto
1271 1150 1300 1208 ei

178 1233 267 1314 plene
288 1241 318 1288 et
338 1228 373 1288 ad
392 1226 517 1286 solidum
537 1239 689 1303 constare,
710 1230 763 1288 uel
783 1228 970 1298 substantiale
993 1232 1024 1289 in
1050 1230 1059 1287 i
1084 1250 1115 1288 so
1127 1248 1198 1310 pesse
1219 1227 1300 1317 quod

178 1322 252 1370 tunc
275 1307 430 1393 figuratuqn
455 1302 528 1368 suit.¹
563 1302 663 1374 Nihilo
689 1304 754 1384 plus
774 1306 915 1364 momenti
942 1303 1030 1364 babet
1049 1251 1140 1364 altera
1159 1302 1300 1364 obiectio.

178 1386 312 1466 Negant,
329 1377 529 1446 venerandum
549 1399 610 1438 esse
630 1393 661 1440 et
677 1383 862 1442 tremendum
882 1401 990 1445 nomen
1010 1382 1092 1456 lesu,
1120 1393 1218 1439 corant
1238 1399 1299 1456 quo

180 1452 373 1539 omue'genu
396 1455 477 1520 flecti
503 1467 656 1535 oporteat,
689 1458 744 1519 nisi
774 1458 860 1518 unice
885 1470 1034 1542 competat
1056 1461 1086 1517 in
1105 1457 1211 1516 Filium
1230 1456 1299 1514 Dei.

39 1532 41 1541 ⁴
137 1601 144 1614 .
178 1538 284 1614 Neque
304 1533 382 1592 enim
402 1528 508 1593 Paulus
528 1531 615 1608 (Phil.
634 1539 664 1605 2,
683 1537 725 1606 9.)
755 1555 864 1594 nomen
883 1539 1025 1616 magicum
1051 1533 1093 1594 illi
1113 1533 1241 1607 inducit,
1267 1532 1300 1590 iu
1381 1595 1384 1598 ,

180 1613 260 1676 cuius
280 1609 397 1689 syllabis
417 1608 526 1674 inclusa
545 1609 582 1668 sit
602 1612 747 1684 maiestas,
770 1612 821 1670 sed
847 1613 966 1691 perinde
985 1611 1061 1675 valet
1084 1609 1218 1689 loquutio
1240 1609 1299 1668 acsi

179 1687 306 1761 dixisset,
327 1685 447 1748 Christo
461 1685 567 1745 datum
588 1706 649 1746 esse
669 1709 812 1746 summum
825 1688 984 1766 imperium
1006 1709 1023 1747 a
1042 1689 1145 1760 Patre,
1165 1685 1217 1745 sub
1238 1706 1299 1763 quo

147 1767 159 1816 ἰ
177 1776 276 1826 totum
294 1763 436 1822 mundum
454 1761 601 1826 humiliari
625 1775 752 1842 oportet.
796 1751 916 1824 Talibus
942 1785 1013 1846 ergo
1039 1764 1184 1845 figmentis
1202 1763 1300 1821 valere

177 1839 263 1902 iussis
286 1841 564 1913 sciamus,nomen
587 1838 654 1898 Iesu
681 1839 768 1898 luisse
792 1840 911 1900 Christo
937 1841 1120 1922 impositum,
1151 1851 1183 1916 ut
1205 1838 1236 1897 in
1262 1858 1306 1897 eu»
1396 1847 1397 1856 ’

179 1936 321 2000 quaerere
341 1916 452 1996 discant
471 1913 587 1988 fideles,
612 1915 692 1993 quod
713 1916 785 1975 olim
803 1917 856 1976 sub
877 1917 957 1998 Lege
976 1917 1176 1976 adumbratum
1197 1915 1300 2000 fuerat.
1396 1967 1397 1978 ι

236 1999 303 2056 ,32.
342 1991 405 2050 Hic
428 1994 483 2049 erit
504 2013 532 2050 m
572 2013 635 2054 nus.
683 1991 767 2051 Idem
793 1993 823 2051 el
848 1993 884 2052 de
904 1995 1016 2054 Ioanne
1040 1991 1301 2072 Baptista‘dixerat
1396 1999 1397 2004 ’

179 2068 331 2162 Angelus,
362 2088 450 2148 quem
474 2079 553 2130 tam*
593 2067 712 2159 Christo
738 2088 862 2147 aequare
886 2068 989 2130 noluit.
1042 2070 1102 2129 Sed
1121 2069 1250 2148 Baptista
1268 2069 1305 2158 iu.

179 2147 285 2208 ordine
304 2165 357 2206 suo
377 2165 508 2226 maguus,
529 2144 637 2206 Cbrrstr
657 2157 753 2204 autem
772 2147 942 2226 magnitudo
963 2147 1104 2207 contiuuo
1125 2158 1192 2226 post
1205 2165 1301 2224 expri-

179 2222 285 2295 mitur,
309 2241 384 2301 quae
404 2241 470 2284 euru
490 2242 576 2299 supra
596 2242 697 2282 omnes
717 2224 862 2282 creaturas
882 2222 1002 2282 extollit.
1046 2223 1112 2286 Hoc
1132 2222 1208 2280 euim
1229 2242 1300 2300 pro-

178 2299 278 2380 primn
298 2310 328 2370 et
344 2296 493 2378 singulare
513 2320 587 2357 unus
606 2297 705 2372 habet,
724 2311 763 2359 ut
778 2311 898 2358 vocetur
918 2300 1008 2358 Filius
1024 2299 1092 2372 Dei,
1109 2298 1301 2378 quemadmo-
1396 2323 1397 2336 ι

162 2376 249 2436 ·dum
268 2375 429 2454 Apostolus
448 2375 617 2448 contendit,
631 2375 723 2434 Hebr.
743 2383 772 2450 1,
792 2382 820 2440 5.
860 2377 967 2435 Fateor
987 2377 1112 2454 quidem,
1132 2375 1301 2455 etAugelos

180 2463 211 2512 et
229 2451 326 2533 Reges
345 2452 493 2511 interdum
513 2453 613 2511 ornari
632 2448 690 2510 boc
709 2452 795 2514 titulo
817 2453 846 2511 in
868 2453 1028 2532 Scriptura,
1048 2453 1098 2510 sed
1120 2452 1148 2512 bi
1168 2452 1197 2510 in
1218 2471 1300 2510 com-

178 2549 269 2592 mune
288 2529 346 2588 Dei
371 2512 421 2588 lilii
442 2540 565 2620 propter
584 2529 783 2588 excellentiam
804 2529 949 2590 dicuntur.
992 2530 1032 2587 At
1054 2525 1084 2587 ui
1107 2529 1224 2588 minime
1245 2526 1300 2586 ob-

179 2603 504 2666 scurum*veldub1um
523 2616 581 2676 est,
622 2605 671 2662 uin
692 2605 800 2664 Filium
821 2627 903 2664 suum
923 2605 1002 2664 Deus
1024 2550 1059 2664 ab
1080 2604 1214 2664 omnibus
1233 2604 1300 2662 reli-

83 2720 90 2746 ,ι
138 2674 142 2692 ⁶
180 2681 245 2760 quis
262 2681 386 2753 eximat,
416 2700 504 2757 quum
553 2627 718 2738 eculiariter
740 2681 822 2740 illum
841 2683 883 2741 sic
902 2681 1075 2760 alloquitur,
1106 2681 1195 2739 Filius
1219 2700 1300 2739 meus

181 2775 212 2816 es
238 2768 277 2818 tu
292 2755 382 2831 (P-sal.
401 2759 434 2827 2,
454 2761 501 2828 7.).
556 2755 620 2834 'rgo
642 2756 688 2816 hic
721 2776 817 2834 neque
848 2759 988 2835 angelis,
1010 2777 1105 2835 neque
1135 2757 1301 2816 bominibus

115 2902 118 2907 .
179 2831 318 2890 miscetur
328 2825 471 2903 Christus,
488 2840 522 2898 ut
540 2830 579 2888 sit
598 2852 671 2890 unus
692 2852 726 2889 ex
744 2851 834 2913 grege
854 2835 981 2892 filiorum
1001 2833 1068 2906 Dei,
1087 2834 1136 2894 sed
1158 2833 1236 2912 quod
1257 2833 1300 2890 illi

157 2919 158 2926 ’
181 2907 277 2984 datur,
298 2905 372 2979 nulli
390 2905 474 2964 alteri
492 2926 606 2965 sumere
626 2905 668 2966 sas
689 2920 759 2966 est«
778 2910 844 2968 Filii
863 2909 920 2968 Dei
940 2923 1007 2970 sunt
1021 2931 1120 2992 reges,
1140 2922 1219 2990 cepte
1239 2931 1302 2968 nou
1396 2927 1397 2940 ¹

180 2983 245 3043 iure
265 2993 401 3056 naturae,
424 2982 475 3042 sed
499 2977 565 3061 quia
589 2993 672 3041 tauto
699 2989 749 3044 eos
773 2985 888 3046 honore
909 2986 1051 3067 dignatus.
1066 2987 1217 3056 estDeus.
1255 2987 1301 3045 Ne

181 3057 291 3140 angelis
306 3058 430 3136 vquidem
449 3059 589 3130 convenit
607 3059 663 3117 hoe
684 3058 823 3141 elogium,
842 3063 896 3122 nisi
917 3064 981 3154 quia
1002 3063 1054 3122 sub
1075 3083 1186 3122 summo
1207 3063 1301 3141 capite
1396 3073 1397 3080 ’

180 3134 261 3194 iuter
280 3147 424 3202 creaturas
444 3133 597 3194 excellunt.
636 3134 741 3197 Sumus
761 3151 792 3197 et
811 3159 864 3199 nos
883 3139 946 3213 filit,
965 3139 1014 3198 sed
1026 3139 1195 3218 adoptione,
1215 3159 1299 3218 quam

180 3211 240 3270 fide
260 3211 479 3291 consequimur,
505 3231 567 3270 non
594 3223 689 3270 autem
710 3213 883 3276 babemusa
907 3227 1024 3275 natura:
1050 3216 1181 3277 Christus
1205 3228 1319 3296 autern·

183 3299 214 3346 et
227 3287 352 3362 punicus,
381 3300 410 3346 et
435 3289 610 3370 unigenitus.
661 3289 753 3362 Quod
778 3304 875 3352 autern
897 3291 1019 3352 verbum
1045 3292 1136 3351 futuri
1160 3292 1301 3371 temporis
1349 3289 1352 3296 ’

183 3381 219 3422 eo
239 3375 361 3442 torquet
384 3363 488 3422 foedus
508 3365 585 3424 canis
605 3365 759 3442 Servetus,
779 3381 812 3428 ut
832 3368 980 3428 Christum
1000 3369 1107 3449 probet
1126 3389 1187 3434 nun
1207 3381 1302 3426 aeter·
1396 3401 1397 3404 ¹

183 3460 254 3500 num
275 3459 336 3500 esse
355 3438 413 3511 Dei
433 3439 553 3513 Filium,
577 3440 628 3500 sed
649 3445 781 3524 coepisse
804 3443 891 3505 talem
915 3445 1043 3517 censeri,
1063 3463 1097 3504 ex
1122 3465 1180 3523 quo
1205 3444 1302 3508 induit

182 3536 300 3575 carnem
323 3527 467 3588 nostram,
500 3517 584 3578 nimis
605 3519 884 3588 calumniosumest.
921 3521 1124 3580 Ratiocinatur
1143 3516 1207 3594 ille,
1238 3543 1302 3580 non

181 3590 440 3652 suisse'Christum
455 3591 514 3651 Dei
533 3589 641 3671 filium,
661 3609 816 3678 antequam
837 3619 924 3658 carne
944 3599 1060 3658 indutus
1081 3597 1190 3656 mundo
1211 3619 1301 3676 appa-

133 3717 135 3729 .
180 3668 290 3743 ruerit,
309 3667 376 3748 quia
396 3667 504 3726 dictum
521 3671 561 3730 sit
580 3671 616 3730 ab
636 3673 769 3755 bugeio,
784 3674 961 3735 ‘Vocabitur
998 3675 1065 3755 Ege
1083 3687 1178 3733 autem
1198 3687 1302 3735 contra

182 3746 306 3825 excipio,
326 3765 387 3804 uon
406 3741 483 3804 aliud
496 3755 606 3807 'sonare
624 3751 733 3842 bugeli
752 3752 850 3825 verba,
871 3772 956 3829 quam
977 3770 1038 3810 esse
1057 3749 1144 3810 talem
1164 3751 1193 3808 in
1214 3771 1301 3810 carne
1326 3767 1329 3776 ’

180 3819 424 3882 manifestandum
435 3820 494 3878 Del
513 3822 614 3900 filium,
634 3849 683 3906 qur
705 3839 838 3888 aeternus
859 3828 964 3886 iuerat:
986 3847 1051 3887 nam
1069 3831 1168 3890 vocari
1186 3826 1220 3892 ad
1241 3826 1301 3886 cla·
1396 3863 1397 3888 ;

180 3920 242 3960 ram
266 3897 401 3958 notitiam
425 3889 561 3964 refertur·
608 3904 699 3982 Atqui
726 3905 803 3964 inter
838 3903 891 3964 ista
921 3905 979 3963 duo
1011 3905 1134 3962 multum
1165 3903 1298 3976 interest,
1396 3909 1397 3924 ¹

181 3975 354 4055 coeperitne
373 3992 434 4034 esse
453 3972 512 4032 Dei
527 3974 611 4041 ,filius
631 3983 680 4059 qui
699 3981 778 4059 prius
798 4002 859 4040 non
880 3991 957 4054 erat,
975 4001 1012 4039 an
1031 3982 1191 4059 patefactus
1211 3980 1300 4041 fuerit

179 4049 258 4110 inter
281 4050 431 4124 homines,
460 4061 495 4108 ut
523 4053 631 4114 scirent
660 4077 726 4115 eum
751 4076 812 4118 esse
838 4057 887 4136 qui
939 4053 1076 4116 remissus
1102 4057 1171 4116 oiim
1196 4055 1298 4114 luerat.
1396 4055 1397 4064 ’

181 4125 272 4186 Certe
292 4145 381 4218 quum
401 4125 537 4188 omnibus
547 4131 675 4192 saeculis
695 4134 775 4193 Deus
796 4153 812 4192 a
857 4079 948 4212 opulh
967 4153 1020 4194 suo
1041 4133 1190 4197 invocatus
1210 4132 1300 4192 fuerit

178 4199 277 4290 ⁸Pater,
297 4203 366 4293 rudg
376 4201 541 4280 coniicitur,
562 4207 650 4267 suisse
669 4210 700 4268 iu
720 4209 805 4271 coelo
826 4155 945 4284 dilium,
964 4222 998 4266 er
1010 4230 1069 4299 quo
1090 4221 1120 4272 et
1138 4229 1193 4288 per
1212 4228 1298 4286 quem
1396 4205 1397 4244 ἶ

179 4286 234 4336 csta
251 4289 409 4356 paternitas
428 4280 464 4342 ad
483 4278 618 4354 homiues
628 4297 776 4350 manaret.
823 4287 954 4350 Nimium
979 4305 1056 4347 emm
1079 4284 1135 4349 sihi
1158 4291 1298 4367 arrogant
1396 4285 1397 4300 ¹
