2824 4756
181 298 222 360 8‘t
377 285 529 353 secuto
549 285 606 347 111.
643 283 720 348 Issu
740 297 888 349 saraam
908 297 949 344 nr
969 295 1136 348 imarum.

184 449 248 498 tere
267 431 389 496 auderet
413 428 584 514 explorandi
614 449 714 503 causa,
745 417 818 490 n'on¹
836 438 880 488 est
906 423 988 510 quod
1022 427 1176 506 mipemur,
1205 444 1223 486 a
1255 436 1325 486 tam

184 513 292 575 odioso
318 522 349 571 et
379 510 473 572 atroci
502 507 592 568 caede
622 505 789 586 aliquandiu
820 501 911 566 luisse
935 502 1114 578 cohibitum,
1143 503 1324 586 praesertim

185 609 275 670 quum
302 607 406 648 recens
430 584 525 646 adbuc
548 583 624 645 sauia
649 583 687 643 de
711 601 864 661 magorum
896 579 1023 642 adventu
1045 581 1171 674 vigeret.
1223 578 1326 641 Certe

185 664 348 759 probabilis
360 664 531 726 coniectura
551 671 605 734 est,
624 657 736 720 facinus
748 657 828 738 quod
848 656 978 740 agitabat
995 657 1149 748 inanimo,
1169 654 1323 748 disuilisse

184 765 216 803 m
241 763 322 837 spani
352 740 551 834 occasionem,
583 748 624 870 etl
641 736 704 795 heri
729 743 885 871 poqestibut
913 733 994 869 pippa
1017 744 1187 826 interempti
1213 731 1322 868 abdce
1389 759 1392 765 ·

184 817 1322 977 {tittltl'ttittttttttgttt,tt,titttttsttttttttttt

185 993 237 1035 eos
256 970 326 1044 niti,
358 968 501 1031 bimulum
525 965 615 1026 fuisse
635 963 803 1040 Christum,
823 984 914 1044 quum
931 963 1069 1030 adoratus
1092 962 1149 1024 iiiit
1175 983 1191 1022 a
1208 963 1319 1046 magis,

184 1051 253 1128 qnia
270 1046 431 1108 secundum
450 1056 577 1125 tempus,
597 1061 657 1121 quo
677 1051 852 1122 apparuerat
869 1039 964 1116 stella,
984 1039 1120 1100 Herodes
1140 1057 1249 1119 pueros
1263 1059 1321 1100 oc-

184 1125 291 1186 ciderit
309 1122 427 1184 bimulis
445 1119 535 1200 paulo
554 1118 693 1179 minores.
732 1117 940 1178 Stulte‘autem
960 1136 1015 1196 pro
1029 1116 1165 1178 confesso
1185 1129 1320 1194 sumunt,

183 1201 298 1263 stellam
316 1217 379 1260 non
398 1195 565 1279 apparuisse
583 1194 639 1254 nisi
665 1205 735 1274 post
758 1204 874 1274 partum
893 1192 1036 1276 Virginis.
1079 1192 1186 1273 Longe
1209 1193 1320 1253 verisi-

182 1277 281 1338 milius
293 1287 348 1352 est,
359 1285 473 1336 mature
490 1270 579 1349 fiisse
597 1271 775 1347 admonitos,
794 1281 825 1330 et
835 1270 889 1331 sub
905 1269 998 1350 ipsam
1013 1268 1192 1334 nativitatem
1203 1268 1320 1331 Christi

184 1355 242 1414 iter
260 1355 407 1435 ingressos
427 1366 507 1424 esse,
535 1359 570 1410 ut
587 1346 731 1408 infantem
750 1367 854 1408 reeens
873 1360 975 1406 natum
994 1347 1025 1404 in
1046 1346 1129 1408 cunis
1147 1344 1194 1406 vel
1213 1347 1318 1408 matris
1403 1399 1404 1402 ,

182 1430 298 1513 gremio
325 1425 542 1508 conspicerent.
589 1423 738 1506 Imprimis
759 1442 832 1485 vero
857 1422 971 1505 puerile
995 1432 1041 1482 est
1063 1421 1135 1482 illud
1162 1441 1316 1483 commen-

184 1520 261 1581 tum,
283 1501 397 1565 venisse
416 1521 451 1562 ex
473 1502 577 1584 ignota
602 1499 700 1583 aliqua
722 1499 847 1584 regione
867 1509 897 1560 et
937 1499 1001 1560 ussi
1024 1518 1059 1557 ex
1082 1498 1140 1558 alio
1161 1498 1251 1573 orbe,
1280 1511 1316 1563 ut

183 1601 278 1665 prope
296 1579 450 1652 biennium
468 1578 501 1640 in
518 1579 626 1640 itinere
638 1576 883 1657 consumpserint
953 1576 1061 1655 cuique
1078 1575 1169 1658 magis
1189 1575 1315 1638 ridicula

183 1671 253 1720 sunt
270 1675 346 1738 quae
365 1653 455 1716 aiiert
467 1654 623 1730 Osiander,
642 1674 729 1734 qnam
748 1665 781 1713 ut
799 1651 979 1714 refutatione
999 1663 1114 1731 egeant
1153 1651 1314 1714 Caeterum

182 1737 214 1795 iu
233 1735 292 1794 hoc
312 1744 451 1794 contextu
470 1731 629 1806 historiae,
659 1750 748 1821 quem
768 1747 923 1810 propono,
954 1728 1028 1788 nihil
1052 1739 1097 1788 est
1119 1727 1314 1806 incommodi,

183 1811 271 1892 quod¹
284 1810 417 1870 nondum
437 1808 546 1890 elapsox
555 1806 706 1888 puerperii
724 1817 860 1898 tempore
878 1806 1014 1868 venerint
1038 1805 1130 1888 magi,
1155 1816 1187 1864 et
1209 1825 1312 1889 regem
1379 1854 1384 1861 .

203 1886 361 1948 uaesierint
379 1885 431 1966 qui
449 1895 534 1945 natus
553 1894 625 1959 erat,
645 1903 707 1950 uon
724 1903 775 1962 qui
795 1882 938 1946 iam‘essct
954 1881 1094 1948 bimulus:
1115 1880 1271 1960 qnodlose
1292 1883 1314 1942 h

182 1909 240 2025 hiis
259 1965 290 2023 in
310 1963 433 2045 patriam
452 1959 574 2022 reversis
599 1971 692 2021 noctu
712 1957 836 2040 digerit,
858 1958 911 2018 sed
934 1965 1034 2020 umen
1057 1957 1090 2017 iii
1115 1958 1240 2018 transitu
1279 1980 1312 2018 e-

184 2041 302 2102 iunctus
322 2039 361 2100 sit
379 2036 605 2118 Hierosolymae
623 2035 740 2118 pietatis
759 2034 872 2110 officio,
891 2035 972 2115 quod
991 2035 1034 2094 Le
1057 2033 1208 2094 eDomini
1226 2054 1312 2119 prae-

182 2118 323 2197 scriptum
355 2126 419 2176 erat
446 2113 559 2195 (potuit
581 2123 678 2173 autem
702 2111 733 2171 in
758 2122 818 2172 tam
842 2111 986 2192 populosa
1005 2053 1095 2186 urie,
1119 2111 1151 2171 in
1171 2133 1257 2190 quain
1276 2131 1311 2172 ex

182 2192 321 2257 omnibns
345 2191 418 2254 locis
442 2189 571 2252 maidens
596 2197 660 2249 erat
681 2187 850 2264 confluxus,
877 2207 998 2249 securus
1022 2207 1085 2250 esse
1108 2208 1124 2249 a
1149 2189 1311 2268 periculo):

182 2269 262 2352 quod
288 2268 341 2329 illo
365 2270 397 2329 in
415 2266 584 2350 Aegyptum
609 2267 748 2348 profecto
773 2265 911 2326 Herodes
932 2265 1015 2325 anxie
1039 2265 1076 2324 de
1100 2264 1232 2346 periculo
1256 2286 1311 2326 suo
1403 2317 1404 2328 ,

182 2345 371 2431 cogitaverit,
387 2344 567 2422 tandemque
587 2341 719 2423 eruperit
736 2341 874 2403 saeuitiae
892 2340 984 2417 ulcus,
1004 2340 1084 2422 quod
1104 2341 1179 2408 ultra
1197 2342 1310 2424 sesqui-

106 2455 109 2460 *
182 2445 291 2487 anuum
311 2423 389 2483 intus
407 2421 542 2481 aluerat*
571 2419 646 2482 Nam
668 2418 841 2496 adverbium
866 2431 935 2478 tione
959 2437 1021 2479 non
1041 2417 1174 2510 designat
1195 2438 1309 2500 semper

182 2502 214 2562 in
235 2500 389 2633 Scripturq
400 2497 574 2558 continuum
591 2508 719 2578 tempus,
736 2496 789 2557 sed
808 2495 1132 2576 plerumqueoccurrit,
1150 2495 1203 2556 uhi
1221 2496 1308 2580 longa

184 2589 228 2640 est
248 2596 346 2637 rerum
388 2573 512 2634 istantia»
705 2637 714 2648 ,
834 2579 837 2586 '

184 2678 187 2696 ·
258 2657 306 2718 18„
348 2649 426 2710 Voss
443 2653 476 2709 i'ss
493 2649 603 2710 Rosia.
644 2648 767 2711 Certum
788 2658 833 2709 est
852 2647 937 2720 aPro
960 2647 1308 2727 hets(1erem.3l‚15.),

141 2781 145 2785 .
183 2727 310 2792 describi
329 2726 554 2792 clademtribus
573 2725 743 2799 Beniamin,
769 2742 845 2815 qnae
864 2725 925 2784 acci
947 2736 971 2785 it
989 2726 1050 2785 eius
1069 2736 1213 2803 tempore.
1250 2725 1306 2784 Ex-

183 2805 326 2866 cisionem
346 2801 424 2861 enirn
448 2801 545 2862 tribus
563 2800 637 2860 Iuda
655 2800 813 2882 praedixit,
841 2801 923 2878 cuius
953 2800 1079 2862 accessio
1105 2811 1168 2862 erat
1192 2799 1307 2862 dimidia
1350 2821 1353 2826 ·

181 2879 276 2940 tribus
295 2876 458 2937 Beniamin.
497 2875 591 2951 Quod
608 2875 729 2937 Racheli
747 2885 882 2935 mortuae
900 2876 1011 2938 luctum
1030 2878 1143 2954 tribuit,
1161 2897 1306 2960 prosopo-

225 2955 268 3016 eia
288 2965 348 3030 est,
370 2973 456 3034 qnae
470 2952 629 3035 plurimum
647 2951 725 3012 valet
747 2951 783 3011 ad
801 2952 964 3014 movendos
983 2953 1116 3018 aflectus.
1153 2955 1218 3014 Nec
1236 2975 1306 3016 vero

195 3030 321 3092 eremias
340 3029 506 3091 rhetoricos
517 3027 634 3089 colores
652 3026 766 3089 inducit
777 3027 926 3089 ornandae
945 3028 1192 3093 solumorationis
1212 3044 1305 3109 eausa,

1401 2607 1403 2656 l

1400 2659 1402 2702 Ι

181 3107 233 3170 sed
258 3108 327 3186 quia
356 3105 444 3167 aliter
468 3105 578 3187 corrigi
606 3123 668 3164 non
698 3114 816 3186 poterat
843 3104 963 3167 durities
988 3119 1018 3167 et
1041 3119 1145 3189 stupor
1167 3107 1307 3186 vivorum,
1400 3119 1401 3128 ¹

150 3229 156 3250 ,
181 3201 270 3320 quam
290 3183 314 3242 si
332 3181 443 3243 mortui
463 3201 479 3242 e
496 3178 637 3262 sepulcris
656 3181 875 3261 quodammodo
895 3196 1090 3254 evocarentur
1108 3184 1144 3245 ad
1167 3183 1305 3268 lugendas
1400 3207 1401 3237 t

125 3279 131 3288 ·
213 3258 242 3317 ei
256 3255 409 3332 vindictas,
430 3277 505 3338 quae
525 3256 662 3319 solebant
679 3268 714 3318 ut
732 3256 890 3339 plurimum
909 3258 1038 3321 ludibrio
1057 3260 1168 3321 haberi.
1207 3263 1305 3338 Quum

171 3348 254 3396 ‘tnnc
273 3333 454 3471 completum
479 3327 569 3395 luerit
586 3335 755 3415 Prophetae
778 3331 967 3412 vaticinium,
991 3357 1053 3397 non
1072 3338 1211 3475 intellipit
1230 3340 1305 3402 Mat-

182 3411 302 3488 thaeus,
332 3411 395 3472 ilic
424 3409 608 3493 praedictum
632 3411 722 3475 fuisse
741 3411 814 3492 quid
827 3411 962 3475 iacturas
986 3425 1062 3474 esset
1081 3415 1163 3474 Hero
1186 3435 1233 3491 es,
1255 3413 1303 3476 sed
1399 3421 1400 3432 ¹

183 3487 293 3550 Christi
311 3487 439 3549 adventu
462 3499 636 3549 renovatum
660 3484 749 3549 fuisso
767 3488 878 3549 luctum
897 3487 994 3565 illum,
1015 3485 1106 3626 quem
1121 3491 1219 3552 multis
1238 3502 1305 3552 ante

180 3563 302 3626 saeculis
321 3563 504 3645 pertulerant
521 3564 717 3626 Beniamitaez
741 3575 831 3645 atque
853 3565 894 3626 ita
916 3566 1024 3628 scanda
1037 3587 1066 3642 ov
1079 3587 1235 3628 occurrere
1252 3587 1303 3628 vo-
1398 3623 1399 3652 ,

181 3640 252 3717 luit,
271 3641 352 3722 quod
370 3638 492 3701 turbare
510 3649 629 3723 poterat
647 3653 679 3703 et
703 3652 866 3702 concutere
882 3642 945 3722 pias
964 3655 1088 3720 mentes,
1106 3663 1216 3727 pempe
1234 3639 1304 3704 nihii

181 3714 395 3788 ab'e'osalutis
421 3734 484 3776 essa
512 3717 705 3798 sperandum,
733 3718 814 3788 cuius
840 3738 940 3795 causa,
968 3719 1087 3781 simulac
1114 3732 1199 3782 uatus
1222 3731 1304 3797 esset,

180 3793 397 3855 trucidarentur
413 3791 558 3873 infantes,
586 3794 647 3856 imo
679 3793 738 3856 hoc
763 3793 910 3870 sinistrum
930 3815 992 3858 esse
1012 3809 1042 3857 et
1066 3795 1168 3858 infelix
1191 3816 1302 3878 praesaa
1398 3807 1399 3825 ¹

115 3912 122 3927 ,
180 3869 278 3952 glum,
297 3870 379 3952 quod
397 3869 696 3942 maioremsaevitiae
713 3871 859 3932 flammam
878 3872 1054 3934 accenderat
1073 3871 1184 3936 Christi
1204 3873 1303 3938 nativi-

160 3957 240 4019 tas,
265 3967 351 4028 quam
370 3945 474 4038 ardere
493 3947 587 4038 soleat
605 3948 636 4008 in
655 3946 741 4010 hellis
760 3949 882 4008 maxime
901 3948 1064 4012 hostilibus.
1101 3950 1206 4032 atqui
1232 3951 1302 4012 sieut

180 4041 203 4112 a·
215 4021 368 4106 Propheta
385 4033 558 4114 instatuatae
578 4023 769 4106 promittitur,
788 4024 841 4085 ubi
860 4045 932 4108 geas
951 4026 988 4087 ab
1007 4026 1077 4108 ipsis
1096 4047 1189 4107 usque
1208 4027 1301 4116 infan-

178 4095 258 4160 tibus
278 4099 371 4160 sicha
390 4098 498 4175 fuerit,
524 4099 566 4160 ita
583 4101 725 4164 admonet
742 4101 921 4178 Matthaeus,
944 4102 1019 4164 nihil
1042 4101 1160 4166 obstare
1179 4115 1302 4188 stragem

178 4169 277 4308 llll?
301 4175 373 4267 quin
392 4174 526 4314 Cpriatuths
542 4176 634 4314 paulo
652 4189 721 4260 post
738 4178 829 4270 totius
847 4180 944 4271 gentis
963 4179 1135 4272 redemptor
1152 4192 1300 4264 appareati

169 4290 174 4298 ·
250 4270 285 4312 us
303 4271 398 4328 enini,
436 4273 455 4314 o

176 4331 243 4475 tt
254 4329 1298 4493 ttiaittltlt‘tltta?¹35⁰,attt⁰t¹tttttt”tt÷5tttt

564 4253 614 4314 lud
638 4267 727 4335 caput
745 4275 916 4317 suavissimis
940 4255 1192 4319 consolationibus
1210 4251 1300 4317 refer-
