<?xml version="1.0" encoding="UTF-8"?>
<!DOCTYPE html PUBLIC "-//W3C//DTD XHTML 1.0 Transitional//EN"
    "http://www.w3.org/TR/xhtml1/DTD/xhtml1-transitional.dtd">
<html xmlns="http://www.w3.org/1999/xhtml" xml:lang="en" lang="en">
 <head>
  <title>
</title>
<meta http-equiv="Content-Type" content="text/html;charset=utf-8" />
  <meta name='ocr-system' content='tesseract 3.04.00' />
  <meta name='ocr-capabilities' content='ocr_page ocr_carea ocr_par ocr_line ocrx_word'/>
</head>
<body>
  <div class='ocr_page' id='page_1' title='image "./innovumtestamen01tholgoog_0063.png"; bbox 0 0 2816 4746; ppageno 0'>
   <div class='ocr_carea' id='block_1_1' title="bbox 161 235 851 351">
    <p class='ocr_par' dir='ltr' id='par_1_1' title="bbox 161 235 851 351">
     <span class='ocr_line' id='line_1_1' title="bbox 161 235 851 351; baseline -0.007 -43"><span class='ocrx_word' id='word_1_1' title='bbox 161 249 199 308; x_wconf 83' lang='lat' dir='ltr'><strong>ao</strong></span> <span class='ocrx_word' id='word_1_2' title='bbox 596 235 652 300; x_wconf 91' lang='lat'><strong>10.</strong></span> <span class='ocrx_word' id='word_1_3' title='bbox 674 235 851 351; x_wconf 41' lang='lat' dir='ltr'><strong>§mma</strong></span> 
     </span>
    </p>
   </div>
   <div class='ocr_carea' id='block_1_2' title="bbox 153 363 1290 776">
    <p class='ocr_par' dir='ltr' id='par_1_2' title="bbox 153 363 1290 776">
     <span class='ocr_line' id='line_1_2' title="bbox 164 363 1289 476; baseline -0.004 -28"><span class='ocrx_word' id='word_1_4' title='bbox 164 431 183 465; x_wconf 95' lang='lat'>„</span> <span class='ocrx_word' id='word_1_5' title='bbox 206 407 293 448; x_wconf 86' lang='lat' dir='ltr'><strong>essue.</strong></span> <span class='ocrx_word' id='word_1_6' title='bbox 332 386 392 447; x_wconf 88' lang='lat' dir='ltr'><strong>Sed</strong></span> <span class='ocrx_word' id='word_1_7' title='bbox 411 385 556 447; x_wconf 76' lang='lat' dir='ltr'>Dominus</span> <span class='ocrx_word' id='word_1_8' title='bbox 580 382 630 443; x_wconf 90' lang='lat' dir='ltr'><strong>ille</strong></span> <span class='ocrx_word' id='word_1_9' title='bbox 648 383 731 445; x_wconf 88' lang='lat' dir='ltr'><strong>Dens</strong></span> <span class='ocrx_word' id='word_1_10' title='bbox 749 395 852 446; x_wconf 91' lang='lat' dir='ltr'><strong>noster</strong></span> <span class='ocrx_word' id='word_1_11' title='bbox 869 402 932 460; x_wconf 91' lang='lat' dir='ltr'><strong>me,</strong></span> <span class='ocrx_word' id='word_1_12' title='bbox 950 401 1014 459; x_wconf 90' lang='lat' dir='ltr'><strong>me,</strong></span> <span class='ocrx_word' id='word_1_13' title='bbox 1032 381 1166 476; x_wconf 90' lang='lat' dir='ltr'><strong>inquam,</strong></span> <span class='ocrx_word' id='word_1_14' title='bbox 1185 363 1289 444; x_wconf 77' lang='lat' dir='ltr'><strong>natura</strong></span> 
     </span>
     <span class='ocr_line' id='line_1_3' title="bbox 163 409 1289 544; baseline -0.004 -20"><span class='ocrx_word' id='word_1_15' title='bbox 163 409 264 541; x_wconf 62' lang='lat' dir='ltr'><strong>„ddico</strong></span> <span class='ocrx_word' id='word_1_16' title='bbox 285 465 365 544; x_wconf 78' lang='lat' dir='ltr'><strong>qnod</strong></span> <span class='ocrx_word' id='word_1_17' title='bbox 385 484 431 523; x_wconf 89' lang='lat' dir='ltr'><strong>res</strong></span> <span class='ocrx_word' id='word_1_18' title='bbox 451 463 508 540; x_wconf 91' lang='lat' dir='ltr'><strong>est)</strong></span> <span class='ocrx_word' id='word_1_19' title='bbox 531 461 650 522; x_wconf 87' lang='lat' dir='ltr'><strong>minime</strong></span> <span class='ocrx_word' id='word_1_20' title='bbox 676 459 831 520; x_wconf 80' lang='lat' dir='ltr'><strong>audentem</strong></span> <span class='ocrx_word' id='word_1_21' title='bbox 855 461 894 521; x_wconf 89' lang='lat' dir='ltr'><strong>ita</strong></span> <span class='ocrx_word' id='word_1_22' title='bbox 918 461 1115 535; x_wconf 72' lang='lat' dir='ltr'><strong>confirmant,</strong></span> <span class='ocrx_word' id='word_1_23' title='bbox 1144 471 1179 520; x_wconf 87' lang='lat' dir='ltr'><strong>ut</strong></span> <span class='ocrx_word' id='word_1_24' title='bbox 1201 459 1289 520; x_wconf 91' lang='lat' dir='ltr'><strong>nullis</strong></span> 
     </span>
     <span class='ocr_line' id='line_1_4' title="bbox 164 535 1290 622; baseline -0.004 -22"><span class='ocrx_word' id='word_1_25' title='bbox 164 541 303 617; x_wconf 89' lang='lat' dir='ltr'><strong>„illorum</strong></span> <span class='ocrx_word' id='word_1_26' title='bbox 321 541 473 602; x_wconf 88' lang='lat' dir='ltr'><strong>conatibus</strong></span> <span class='ocrx_word' id='word_1_27' title='bbox 492 539 656 622; x_wconf 66' lang='lat' dir='ltr'><strong>cesserim</strong></span> <span class='ocrx_word' id='word_1_28' title='bbox 674 535 839 618; x_wconf 76' lang='lat' dir='ltr'><strong>Argentina</strong></span> <span class='ocrx_word' id='word_1_29' title='bbox 858 548 959 618; x_wconf 89' lang='lat' dir='ltr'><strong>postea</strong></span> <span class='ocrx_word' id='word_1_30' title='bbox 979 537 1035 598; x_wconf 89' lang='lat' dir='ltr'><strong>huc</strong></span> <span class='ocrx_word' id='word_1_31' title='bbox 1054 538 1137 611; x_wconf 90' lang='lat' dir='ltr'><strong>redii,</strong></span> <span class='ocrx_word' id='word_1_32' title='bbox 1156 538 1290 598; x_wconf 89' lang='lat' dir='ltr'><strong>vocatio-</strong></span> 
     </span>
     <span class='ocr_line' id='line_1_5' title="bbox 153 613 1290 694; baseline -0.005 -16"><span class='ocrx_word' id='word_1_33' title='bbox 153 615 252 694; x_wconf 59' lang='lat' dir='ltr'><strong>&#39;„nem</strong></span> <span class='ocrx_word' id='word_1_34' title='bbox 273 617 349 677; x_wconf 83' lang='lat' dir='ltr'><strong>lasne</strong></span> <span class='ocrx_word' id='word_1_35' title='bbox 367 617 458 677; x_wconf 90' lang='lat' dir='ltr'><strong>invito</strong></span> <span class='ocrx_word' id='word_1_36' title='bbox 479 616 576 675; x_wconf 90' lang='lat' dir='ltr'><strong>animo</strong></span> <span class='ocrx_word' id='word_1_37' title='bbox 596 624 750 692; x_wconf 88' lang='lat' dir='ltr'><strong>sequutus,</strong></span> <span class='ocrx_word' id='word_1_38' title='bbox 790 613 848 672; x_wconf 90' lang='lat' dir='ltr'><strong>uod</strong></span> <span class='ocrx_word' id='word_1_39' title='bbox 868 614 1049 674; x_wconf 83' lang='lat' dir='ltr'><strong>infructuosa</strong></span> <span class='ocrx_word' id='word_1_40' title='bbox 1067 614 1140 673; x_wconf 86' lang='lat' dir='ltr'><strong>mihi</strong></span> <span class='ocrx_word' id='word_1_41' title='bbox 1160 614 1290 674; x_wconf 58' lang='lat' dir='ltr'><strong>sorervi-</strong></span> 
     </span>
     <span class='ocr_line' id='line_1_6' title="bbox 165 635 1289 776; baseline -0.003 -22"><span class='ocrx_word' id='word_1_42' title='bbox 165 695 313 769; x_wconf 70' lang='lat' dir='ltr'><strong>„deretur</strong></span> <span class='ocrx_word' id='word_1_43' title='bbox 370 691 548 776; x_wconf 86' lang='lat' dir='ltr'><strong>Ignorabam</strong></span> <span class='ocrx_word' id='word_1_44' title='bbox 581 692 674 763; x_wconf 89' lang='lat' dir='ltr'><strong>enim,</strong></span> <span class='ocrx_word' id='word_1_45' title='bbox 713 635 787 768; x_wconf 84' lang='lat' dir='ltr'><strong>quid</strong></span> <span class='ocrx_word' id='word_1_46' title='bbox 813 691 959 751; x_wconf 79' lang='lat' dir='ltr'><strong>statuisset</strong></span> <span class='ocrx_word' id='word_1_47' title='bbox 987 691 1148 763; x_wconf 84' lang='lat' dir='ltr'><strong>Dominus,</strong></span> <span class='ocrx_word' id='word_1_48' title='bbox 1183 703 1213 750; x_wconf 90' lang='lat' dir='ltr'><strong>et</strong></span> <span class='ocrx_word' id='word_1_49' title='bbox 1242 709 1289 751; x_wconf 87' lang='lat' dir='ltr'><strong>res</strong></span> 
     </span>
    </p>
   </div>
   <div class='ocr_carea' id='block_1_3' title="bbox 103 766 1291 902">
    <p class='ocr_par' dir='ltr' id='par_1_3' title="bbox 103 766 1291 902">
     <span class='ocr_line' id='line_1_7' title="bbox 103 766 1291 902; baseline -0.004 -72"><span class='ocrx_word' id='word_1_50' title='bbox 103 805 110 816; x_wconf 87' lang='lat'><em>·</em></span> <span class='ocrx_word' id='word_1_51' title='bbox 164 783 249 846; x_wconf 90' lang='lat' dir='ltr'><strong>„erat</strong></span> <span class='ocrx_word' id='word_1_52' title='bbox 274 771 461 851; x_wconf 91' lang='lat' dir='ltr'><strong>plurimarum</strong></span> <span class='ocrx_word' id='word_1_53' title='bbox 492 770 735 902; x_wconf 80' lang='lat' dir='ltr'><strong>maximarumque</strong></span> <span class='ocrx_word' id='word_1_54' title='bbox 761 766 964 826; x_wconf 83' lang='lat' dir='ltr'><strong>difficultatum</strong></span> <span class='ocrx_word' id='word_1_55' title='bbox 989 766 1084 847; x_wconf 88' lang='lat' dir='ltr'><strong>plena.</strong></span> <span class='ocrx_word' id='word_1_56' title='bbox 1136 767 1196 826; x_wconf 89' lang='lat' dir='ltr'><strong>Sed</strong></span> <span class='ocrx_word' id='word_1_57' title='bbox 1220 787 1291 846; x_wconf 91' lang='lat' dir='ltr'><strong>per-</strong></span> 
     </span>
    </p>
   </div>
   <div class='ocr_carea' id='block_1_4' title="bbox 94 843 1293 1766">
    <p class='ocr_par' dir='ltr' id='par_1_4' title="bbox 94 843 1293 1766">
     <span class='ocr_line' id='line_1_8' title="bbox 165 843 1290 926; baseline -0.003 -20"><span class='ocrx_word' id='word_1_58' title='bbox 165 891 186 923; x_wconf 93' lang='lat'>„</span> <span class='ocrx_word' id='word_1_59' title='bbox 209 869 259 908; x_wconf 89' lang='lat' dir='ltr'><strong>ens</strong></span> <span class='ocrx_word' id='word_1_60' title='bbox 283 850 314 908; x_wconf 90' lang='lat' dir='ltr'><strong>in</strong></span> <span class='ocrx_word' id='word_1_61' title='bbox 339 846 396 908; x_wconf 86' lang='lat' dir='ltr'><strong>hoe</strong></span> <span class='ocrx_word' id='word_1_62' title='bbox 420 865 511 926; x_wconf 90' lang='lat' dir='ltr'><strong>opere</strong></span> <span class='ocrx_word' id='word_1_63' title='bbox 535 845 610 905; x_wconf 89' lang='lat' dir='ltr'><strong>sensi</strong></span> <span class='ocrx_word' id='word_1_64' title='bbox 630 854 679 902; x_wconf 90' lang='lat' dir='ltr'><strong>tan</strong></span> <span class='ocrx_word' id='word_1_65' title='bbox 703 863 749 902; x_wconf 88' lang='lat' dir='ltr'><strong>em</strong></span> <span class='ocrx_word' id='word_1_66' title='bbox 770 844 896 924; x_wconf 89' lang='lat' dir='ltr'><strong>reipsa,</strong></span> <span class='ocrx_word' id='word_1_67' title='bbox 916 844 1079 904; x_wconf 90' lang='lat' dir='ltr'><strong>Dominum</strong></span> <span class='ocrx_word' id='word_1_68' title='bbox 1102 843 1197 903; x_wconf 87' lang='lat' dir='ltr'><strong>labori</strong></span> <span class='ocrx_word' id='word_1_69' title='bbox 1221 863 1290 904; x_wconf 90' lang='lat' dir='ltr'><strong>meo</strong></span> 
     </span>
     <span class='ocr_line' id='line_1_9' title="bbox 114 867 1292 1000; baseline -0.003 -18"><span class='ocrx_word' id='word_1_70' title='bbox 114 973 117 982; x_wconf 91' lang='lat'><strong>.</strong></span> <span class='ocrx_word' id='word_1_71' title='bbox 164 867 376 1000; x_wconf 69' lang='lat' dir='ltr'><strong>„ienedixisse</strong></span> <span class='ocrx_word' id='word_1_72' title='bbox 420 925 551 984; x_wconf 90' lang='lat' dir='ltr'><strong>Perstate</strong></span> <span class='ocrx_word' id='word_1_73' title='bbox 574 921 583 979; x_wconf 93' lang='lat' dir='ltr'><strong>i</strong></span> <span class='ocrx_word' id='word_1_74' title='bbox 606 921 664 979; x_wconf 91' lang='lat' dir='ltr'><strong>itur</strong></span> <span class='ocrx_word' id='word_1_75' title='bbox 683 931 713 979; x_wconf 90' lang='lat' dir='ltr'><strong>et</strong></span> <span class='ocrx_word' id='word_1_76' title='bbox 731 921 835 980; x_wconf 74' lang='lat' dir='ltr'><strong>vostn</strong></span> <span class='ocrx_word' id='word_1_77' title='bbox 855 921 908 981; x_wconf 90' lang='lat' dir='ltr'><strong>hac</strong></span> <span class='ocrx_word' id='word_1_78' title='bbox 928 921 1100 994; x_wconf 90' lang='lat' dir='ltr'><strong>vocatione,</strong></span> <span class='ocrx_word' id='word_1_79' title='bbox 1126 920 1292 980; x_wconf 91' lang='lat' dir='ltr'><strong>institutum</strong></span> 
     </span>
     <span class='ocr_line' id='line_1_10' title="bbox 164 995 1290 1090; baseline -0.004 -29"><span class='ocrx_word' id='word_1_80' title='bbox 164 1002 321 1076; x_wconf 89' lang='lat' dir='ltr'><strong>„ordinem</strong></span> <span class='ocrx_word' id='word_1_81' title='bbox 345 1001 488 1074; x_wconf 88' lang='lat' dir='ltr'><strong>retinete,</strong></span> <span class='ocrx_word' id='word_1_82' title='bbox 520 999 586 1056; x_wconf 93' lang='lat' dir='ltr'><strong>date</strong></span> <span class='ocrx_word' id='word_1_83' title='bbox 606 995 692 1056; x_wconf 90' lang='lat' dir='ltr'><strong>simul</strong></span> <span class='ocrx_word' id='word_1_84' title='bbox 712 1017 846 1088; x_wconf 89' lang='lat' dir='ltr'><strong>operam,</strong></span> <span class='ocrx_word' id='word_1_85' title='bbox 875 1009 909 1056; x_wconf 91' lang='lat' dir='ltr'><strong>ut</strong></span> <span class='ocrx_word' id='word_1_86' title='bbox 938 998 1065 1090; x_wconf 90' lang='lat' dir='ltr'><strong>populus</strong></span> <span class='ocrx_word' id='word_1_87' title='bbox 1089 996 1290 1075; x_wconf 80' lang='lat' dir='ltr'><strong>inobsequio</strong></span> 
     </span>
     <span class='ocr_line' id='line_1_11' title="bbox 164 1073 1292 1156; baseline -0.004 -20"><span class='ocrx_word' id='word_1_88' title='bbox 164 1078 337 1153; x_wconf 84' lang='lat' dir='ltr'><strong>„doetrinae</strong></span> <span class='ocrx_word' id='word_1_89' title='bbox 357 1076 552 1138; x_wconf 89' lang='lat' dir='ltr'><strong>contineatur.</strong></span> <span class='ocrx_word' id='word_1_90' title='bbox 592 1074 670 1133; x_wconf 89' lang='lat' dir='ltr'><strong>Sunt</strong></span> <span class='ocrx_word' id='word_1_91' title='bbox 687 1093 766 1133; x_wconf 89' lang='lat' dir='ltr'><strong>emm</strong></span> <span class='ocrx_word' id='word_1_92' title='bbox 785 1073 921 1134; x_wconf 86' lang='lat' dir='ltr'><strong>nonnulli</strong></span> <span class='ocrx_word' id='word_1_93' title='bbox 939 1074 1068 1156; x_wconf 78' lang='lat' dir='ltr'><strong>improbi</strong></span> <span class='ocrx_word' id='word_1_94' title='bbox 1089 1087 1119 1134; x_wconf 92' lang='lat' dir='ltr'><strong>et</strong></span> <span class='ocrx_word' id='word_1_95' title='bbox 1138 1084 1292 1136; x_wconf 88' lang='lat' dir='ltr'><strong>contuma-</strong></span> 
     </span>
     <span class='ocr_line' id='line_1_12' title="bbox 166 1148 1292 1232; baseline -0.005 -19"><span class='ocrx_word' id='word_1_96' title='bbox 166 1174 244 1229; x_wconf 91' lang='lat' dir='ltr'><strong>‚,ces.</strong></span> <span class='ocrx_word' id='word_1_97' title='bbox 282 1155 351 1228; x_wconf 86' lang='lat' dir='ltr'><strong>Res,</strong></span> <span class='ocrx_word' id='word_1_98' title='bbox 370 1165 404 1212; x_wconf 91' lang='lat' dir='ltr'><strong>ut</strong></span> <span class='ocrx_word' id='word_1_99' title='bbox 415 1151 529 1225; x_wconf 84' lang='lat' dir='ltr'><strong>videtis,</strong></span> <span class='ocrx_word' id='word_1_100' title='bbox 549 1172 612 1211; x_wconf 93' lang='lat' dir='ltr'><strong>non</strong></span> <span class='ocrx_word' id='word_1_101' title='bbox 630 1148 707 1212; x_wconf 88' lang='lat' dir='ltr'><strong>male</strong></span> <span class='ocrx_word' id='word_1_102' title='bbox 724 1163 793 1210; x_wconf 91' lang='lat' dir='ltr'><strong>sunt</strong></span> <span class='ocrx_word' id='word_1_103' title='bbox 803 1151 995 1212; x_wconf 88' lang='lat' dir='ltr'><strong>constitutae:</strong></span> <span class='ocrx_word' id='word_1_104' title='bbox 1017 1172 1076 1230; x_wconf 88' lang='lat' dir='ltr'><strong>qno</strong></span> <span class='ocrx_word' id='word_1_105' title='bbox 1089 1151 1179 1232; x_wconf 88' lang='lat' dir='ltr'><strong>magis</strong></span> <span class='ocrx_word' id='word_1_106' title='bbox 1192 1170 1292 1210; x_wconf 89' lang='lat' dir='ltr'><strong>coram</strong></span> 
     </span>
     <span class='ocr_line' id='line_1_13' title="bbox 162 1227 1293 1321; baseline -0.004 -31"><span class='ocrx_word' id='word_1_107' title='bbox 162 1231 252 1305; x_wconf 92' lang='lat' dir='ltr'><strong>„Deo</strong></span> <span class='ocrx_word' id='word_1_108' title='bbox 272 1241 413 1290; x_wconf 81' lang='lat' dir='ltr'><strong>nocentes</strong></span> <span class='ocrx_word' id='word_1_109' title='bbox 425 1228 514 1305; x_wconf 90' lang='lat' dir='ltr'><strong>eritis,</strong></span> <span class='ocrx_word' id='word_1_110' title='bbox 535 1228 559 1289; x_wconf 90' lang='lat' dir='ltr'><strong>si</strong></span> <span class='ocrx_word' id='word_1_111' title='bbox 577 1239 672 1288; x_wconf 87' lang='lat' dir='ltr'><strong>vestra</strong></span> <span class='ocrx_word' id='word_1_112' title='bbox 685 1227 801 1321; x_wconf 81' lang='lat' dir='ltr'><strong>ignavia</strong></span> <span class='ocrx_word' id='word_1_113' title='bbox 821 1227 1043 1288; x_wconf 75' lang='lat' dir='ltr'><strong>labefactentur.</strong></span> <span class='ocrx_word' id='word_1_114' title='bbox 1082 1228 1192 1288; x_wconf 85' lang='lat' dir='ltr'><strong>Testor</strong></span> <span class='ocrx_word' id='word_1_115' title='bbox 1208 1245 1293 1300; x_wconf 88' lang='lat' dir='ltr'><strong>vero,</strong></span> 
     </span>
     <span class='ocr_line' id='line_1_14' title="bbox 164 1303 1292 1385; baseline -0.005 -19"><span class='ocrx_word' id='word_1_116' title='bbox 164 1327 233 1382; x_wconf 89' lang='lat' dir='ltr'><strong>„me</strong></span> <span class='ocrx_word' id='word_1_117' title='bbox 251 1306 418 1380; x_wconf 83' lang='lat' dir='ltr'><strong>vobiscum,</strong></span> <span class='ocrx_word' id='word_1_118' title='bbox 444 1305 565 1378; x_wconf 85' lang='lat' dir='ltr'><strong>fratres,</strong></span> <span class='ocrx_word' id='word_1_119' title='bbox 589 1324 658 1368; x_wconf 90' lang='lat' dir='ltr'><strong>vera</strong></span> <span class='ocrx_word' id='word_1_120' title='bbox 682 1324 854 1385; x_wconf 79' lang='lat' dir='ltr'><strong>sinceraque</strong></span> <span class='ocrx_word' id='word_1_121' title='bbox 879 1306 997 1366; x_wconf 86' lang='lat' dir='ltr'><strong>caritate</strong></span> <span class='ocrx_word' id='word_1_122' title='bbox 1022 1303 1292 1366; x_wconf 89' lang='lat' dir='ltr'><strong>coniunctissimum</strong></span> 
     </span>
     <span class='ocr_line' id='line_1_15' title="bbox 164 1377 1292 1461; baseline -0.003 -19"><span class='ocrx_word' id='word_1_123' title='bbox 164 1385 302 1461; x_wconf 83' lang='lat' dir='ltr'><strong>„vixisse‚</strong></span> <span class='ocrx_word' id='word_1_124' title='bbox 328 1393 359 1441; x_wconf 91' lang='lat' dir='ltr'><strong>et</strong></span> <span class='ocrx_word' id='word_1_125' title='bbox 383 1403 462 1443; x_wconf 90' lang='lat' dir='ltr'><strong>nnnc</strong></span> <span class='ocrx_word' id='word_1_126' title='bbox 481 1403 498 1442; x_wconf 88' lang='lat' dir='ltr'><strong>a</strong></span> <span class='ocrx_word' id='word_1_127' title='bbox 517 1381 602 1443; x_wconf 90' lang='lat' dir='ltr'><strong>vobis</strong></span> <span class='ocrx_word' id='word_1_128' title='bbox 622 1381 782 1456; x_wconf 80' lang='lat' dir='ltr'><strong>discedere.</strong></span> <span class='ocrx_word' id='word_1_129' title='bbox 822 1382 939 1456; x_wconf 88' lang='lat' dir='ltr'><strong>Quodsi</strong></span> <span class='ocrx_word' id='word_1_130' title='bbox 984 1381 1081 1442; x_wconf 87' lang='lat' dir='ltr'><strong>nando</strong></span> <span class='ocrx_word' id='word_1_131' title='bbox 1100 1397 1152 1440; x_wconf 86' lang='lat' dir='ltr'><strong>me</strong></span> <span class='ocrx_word' id='word_1_132' title='bbox 1177 1381 1209 1441; x_wconf 92' lang='lat' dir='ltr'><strong>in</strong></span> <span class='ocrx_word' id='word_1_133' title='bbox 1233 1377 1292 1439; x_wconf 84' lang='lat' dir='ltr'><strong>lroe</strong></span> 
     </span>
     <span class='ocr_line' id='line_1_16' title="bbox 165 1403 1292 1552; baseline -0.005 -33"><span class='ocrx_word' id='word_1_134' title='bbox 165 1460 294 1536; x_wconf 84' lang='lat' dir='ltr'><strong>„morbo</strong></span> <span class='ocrx_word' id='word_1_135' title='bbox 314 1459 511 1520; x_wconf 86' lang='lat' dir='ltr'><strong>morosiorem</strong></span> <span class='ocrx_word' id='word_1_136' title='bbox 533 1458 600 1520; x_wconf 90' lang='lat' dir='ltr'><strong>estis</strong></span> <span class='ocrx_word' id='word_1_137' title='bbox 621 1457 742 1538; x_wconf 88' lang='lat' dir='ltr'><strong>experti,</strong></span> <span class='ocrx_word' id='word_1_138' title='bbox 760 1459 874 1518; x_wconf 86' lang='lat' dir='ltr'><strong>veniam</strong></span> <span class='ocrx_word' id='word_1_139' title='bbox 893 1479 909 1519; x_wconf 91' lang='lat' dir='ltr'><strong>a</strong></span> <span class='ocrx_word' id='word_1_140' title='bbox 928 1403 1012 1520; x_wconf 57' lang='lat' dir='ltr'><strong>vodis</strong></span> <span class='ocrx_word' id='word_1_141' title='bbox 1032 1470 1115 1540; x_wconf 90' lang='lat' dir='ltr'><strong>peto,</strong></span> <span class='ocrx_word' id='word_1_142' title='bbox 1137 1469 1167 1518; x_wconf 92' lang='lat' dir='ltr'><strong>et</strong></span> <span class='ocrx_word' id='word_1_143' title='bbox 1185 1457 1292 1552; x_wconf 86' lang='lat' dir='ltr'><strong>ingen-</strong></span> 
     </span>
     <span class='ocr_line' id='line_1_17' title="bbox 94 1533 1292 1628; baseline -0.003 -32"><span class='ocrx_word' id='word_1_144' title='bbox 94 1548 96 1560; x_wconf 54' lang='lat'><em>*</em></span> <span class='ocrx_word' id='word_1_145' title='bbox 164 1548 230 1612; x_wconf 90' lang='lat' dir='ltr'><strong>„tes</strong></span> <span class='ocrx_word' id='word_1_146' title='bbox 250 1535 332 1596; x_wconf 89' lang='lat' dir='ltr'><strong>vobis</strong></span> <span class='ocrx_word' id='word_1_147' title='bbox 353 1537 457 1628; x_wconf 86' lang='lat' dir='ltr'><strong>gratias</strong></span> <span class='ocrx_word' id='word_1_148' title='bbox 478 1556 550 1618; x_wconf 89' lang='lat' dir='ltr'><strong>ago,</strong></span> <span class='ocrx_word' id='word_1_149' title='bbox 575 1536 657 1614; x_wconf 89' lang='lat' dir='ltr'><strong>qnod</strong></span> <span class='ocrx_word' id='word_1_150' title='bbox 677 1547 849 1616; x_wconf 77' lang='lat' dir='ltr'><strong>aegrotante</strong></span> <span class='ocrx_word' id='word_1_151' title='bbox 869 1557 916 1596; x_wconf 89' lang='lat' dir='ltr'><strong>me</strong></span> <span class='ocrx_word' id='word_1_152' title='bbox 937 1557 1011 1596; x_wconf 90' lang='lat' dir='ltr'><strong>onus</strong></span> <span class='ocrx_word' id='word_1_153' title='bbox 1031 1533 1102 1594; x_wconf 86' lang='lat' dir='ltr'><strong>mihi</strong></span> <span class='ocrx_word' id='word_1_154' title='bbox 1122 1535 1292 1614; x_wconf 79' lang='lat' dir='ltr'><strong>impositum</strong></span> 
     </span>
     <span class='ocr_line' id='line_1_18' title="bbox 163 1612 1293 1696; baseline -0.004 -24"><span class='ocrx_word' id='word_1_155' title='bbox 163 1613 406 1689; x_wconf 80' lang='lat' dir='ltr'><strong>„sustinueritrs”</strong></span> <span class='ocrx_word' id='word_1_156' title='bbox 444 1614 525 1674; x_wconf 92' lang='lat' dir='ltr'><strong>Haec</strong></span> <span class='ocrx_word' id='word_1_157' title='bbox 537 1613 674 1693; x_wconf 90' lang='lat' dir='ltr'><strong>loquutus</strong></span> <span class='ocrx_word' id='word_1_158' title='bbox 686 1613 813 1673; x_wconf 81' lang='lat' dir='ltr'><strong>dextram</strong></span> <span class='ocrx_word' id='word_1_159' title='bbox 823 1613 943 1696; x_wconf 89' lang='lat' dir='ltr'><strong>singulis</strong></span> <span class='ocrx_word' id='word_1_160' title='bbox 962 1612 1100 1694; x_wconf 76' lang='lat' dir='ltr'><strong>porrexit.</strong></span> <span class='ocrx_word' id='word_1_161' title='bbox 1126 1612 1189 1672; x_wconf 88' lang='lat' dir='ltr'><strong>Nos</strong></span> <span class='ocrx_word' id='word_1_162' title='bbox 1208 1630 1293 1671; x_wconf 91' lang='lat' dir='ltr'><strong>moe-</strong></span> 
     </span>
     <span class='ocr_line' id='line_1_19' title="bbox 164 1677 1292 1766; baseline -0.004 -16"><span class='ocrx_word' id='word_1_163' title='bbox 164 1677 291 1750; x_wconf 74' lang='lat' dir='ltr'><strong>stissimii</strong></span> <span class='ocrx_word' id='word_1_164' title='bbox 315 1691 438 1766; x_wconf 90' lang='lat' dir='ltr'><strong>animis,</strong></span> <span class='ocrx_word' id='word_1_165' title='bbox 469 1711 502 1750; x_wconf 90' lang='lat' dir='ltr'><strong>ac</strong></span> <span class='ocrx_word' id='word_1_166' title='bbox 527 1690 648 1748; x_wconf 82' lang='lat' dir='ltr'><strong>minime</strong></span> <span class='ocrx_word' id='word_1_167' title='bbox 673 1689 755 1750; x_wconf 90' lang='lat' dir='ltr'><strong>siccis</strong></span> <span class='ocrx_word' id='word_1_168' title='bbox 780 1689 873 1749; x_wconf 90' lang='lat' dir='ltr'><strong>oculis</strong></span> <span class='ocrx_word' id='word_1_169' title='bbox 899 1688 934 1750; x_wconf 91' lang='lat' dir='ltr'><strong>ab</strong></span> <span class='ocrx_word' id='word_1_170' title='bbox 961 1709 998 1749; x_wconf 90' lang='lat' dir='ltr'><strong>eo</strong></span> <span class='ocrx_word' id='word_1_171' title='bbox 1018 1701 1081 1748; x_wconf 87' lang='lat' dir='ltr'><strong>tum</strong></span> <span class='ocrx_word' id='word_1_172' title='bbox 1102 1688 1292 1748; x_wconf 84' lang='lat' dir='ltr'><strong>discessimus.</strong></span> 
     </span>
    </p>
   </div>
   <div class='ocr_carea' id='block_1_5' title="bbox 58 1761 1293 1848">
    <p class='ocr_par' dir='ltr' id='par_1_5' title="bbox 58 1761 1293 1848">
     <span class='ocr_line' id='line_1_20' title="bbox 58 1761 1293 1848; baseline -0.002 -23"><span class='ocrx_word' id='word_1_173' title='bbox 58 1829 60 1840; x_wconf 52' lang='grc'>,</span> <span class='ocrx_word' id='word_1_174' title='bbox 163 1767 204 1825; x_wconf 84' lang='grc' dir='ltr'><strong>ΙΙ.</strong></span> <span class='ocrx_word' id='word_1_175' title='bbox 230 1765 301 1827; x_wconf 89' lang='lat' dir='ltr'><strong>Maii</strong></span> <span class='ocrx_word' id='word_1_176' title='bbox 326 1789 416 1846; x_wconf 90' lang='lat' dir='ltr'><strong>quum</strong></span> <span class='ocrx_word' id='word_1_177' title='bbox 447 1787 480 1826; x_wconf 82' lang='lat' dir='ltr'><strong>ex</strong></span> <span class='ocrx_word' id='word_1_178' title='bbox 500 1765 609 1826; x_wconf 87' lang='lat' dir='ltr'><strong>Farelli</strong></span> <span class='ocrx_word' id='word_1_179' title='bbox 638 1765 730 1826; x_wconf 91' lang='lat' dir='ltr'><strong>literis</strong></span> <span class='ocrx_word' id='word_1_180' title='bbox 755 1765 941 1848; x_wconf 82' lang='lat' dir='ltr'><strong>cognovisset</strong></span> <span class='ocrx_word' id='word_1_181' title='bbox 967 1761 1102 1846; x_wconf 85' lang='lat' dir='ltr'><strong>(Viretus</strong></span> <span class='ocrx_word' id='word_1_182' title='bbox 1129 1765 1206 1824; x_wconf 91' lang='lat' dir='ltr'><strong>enim</strong></span> <span class='ocrx_word' id='word_1_183' title='bbox 1225 1763 1293 1824; x_wconf 88' lang='lat' dir='ltr'><strong>lon·</strong></span> 
     </span>
    </p>
   </div>
   <div class='ocr_carea' id='block_1_6' title="bbox 165 1841 1293 1926">
    <p class='ocr_par' dir='ltr' id='par_1_6' title="bbox 165 1841 1293 1926">
     <span class='ocr_line' id='line_1_21' title="bbox 165 1841 1293 1926; baseline -0.001 -25"><span class='ocrx_word' id='word_1_184' title='bbox 165 1844 229 1924; x_wconf 84' lang='lat' dir='ltr'><strong>gius</strong></span> <span class='ocrx_word' id='word_1_185' title='bbox 249 1841 378 1921; x_wconf 87' lang='lat' dir='ltr'><strong>aberat),</strong></span> <span class='ocrx_word' id='word_1_186' title='bbox 401 1844 532 1904; x_wconf 77' lang='lat' dir='ltr'><strong>statuisse</strong></span> <span class='ocrx_word' id='word_1_187' title='bbox 558 1842 641 1902; x_wconf 88' lang='lat' dir='ltr'><strong>illurn</strong></span> <span class='ocrx_word' id='word_1_188' title='bbox 666 1841 723 1902; x_wconf 87' lang='lat' dir='ltr'><strong>iam</strong></span> <span class='ocrx_word' id='word_1_189' title='bbox 744 1844 982 1926; x_wconf 85' lang='lat' dir='ltr'><strong>octuagenariurn</strong></span> <span class='ocrx_word' id='word_1_190' title='bbox 1003 1854 1034 1902; x_wconf 91' lang='lat' dir='ltr'><strong>et</strong></span> <span class='ocrx_word' id='word_1_191' title='bbox 1051 1842 1293 1903; x_wconf 87' lang='lat' dir='ltr'><strong>valetudinarium</strong></span> 
     </span>
    </p>
   </div>
   <div class='ocr_carea' id='block_1_7' title="bbox 163 1917 1401 2002">
    <p class='ocr_par' dir='ltr' id='par_1_7' title="bbox 163 1917 1401 2002">
     <span class='ocr_line' id='line_1_22' title="bbox 163 1917 1401 2002; baseline -0.003 -22"><span class='ocrx_word' id='word_1_192' title='bbox 163 1939 264 1980; x_wconf 87' lang='lat' dir='ltr'><strong>senem</strong></span> <span class='ocrx_word' id='word_1_193' title='bbox 284 1920 342 1979; x_wconf 86' lang='lat' dir='ltr'><strong>iter</strong></span> <span class='ocrx_word' id='word_1_194' title='bbox 361 1921 395 1980; x_wconf 93' lang='lat' dir='ltr'><strong>ad</strong></span> <span class='ocrx_word' id='word_1_195' title='bbox 416 1941 447 1980; x_wconf 92' lang='lat' dir='ltr'><strong>se</strong></span> <span class='ocrx_word' id='word_1_196' title='bbox 468 1919 594 2002; x_wconf 85' lang='lat' dir='ltr'><strong>ingredi,</strong></span> <span class='ocrx_word' id='word_1_197' title='bbox 612 1919 654 1980; x_wconf 88' lang='lat' dir='ltr'><strong>sic</strong></span> <span class='ocrx_word' id='word_1_198' title='bbox 671 1920 699 1980; x_wconf 90' lang='lat' dir='ltr'><strong>ei</strong></span> <span class='ocrx_word' id='word_1_199' title='bbox 718 1919 806 1979; x_wconf 90' lang='lat' dir='ltr'><strong>latine</strong></span> <span class='ocrx_word' id='word_1_200' title='bbox 819 1920 980 2000; x_wconf 86' lang='lat' dir='ltr'><strong>rescripsit:</strong></span> <span class='ocrx_word' id='word_1_201' title='bbox 999 1917 1105 1995; x_wconf 89' lang='lat' dir='ltr'><strong>„Vale,</strong></span> <span class='ocrx_word' id='word_1_202' title='bbox 1125 1919 1166 1978; x_wconf 92' lang='lat' dir='ltr'><strong>mi</strong></span> <span class='ocrx_word' id='word_1_203' title='bbox 1183 1918 1294 1998; x_wconf 90' lang='lat' dir='ltr'><strong>optime</strong></span> <span class='ocrx_word' id='word_1_204' title='bbox 1400 1923 1401 1936; x_wconf 62' lang='lat'><em>*</em></span> 
     </span>
    </p>
   </div>
   <div class='ocr_carea' id='block_1_8' title="bbox 165 1991 1366 2480">
    <p class='ocr_par' dir='ltr' id='par_1_8' title="bbox 165 1991 1366 2480">
     <span class='ocr_line' id='line_1_23' title="bbox 165 1991 1366 2078; baseline -0.001 -24"><span class='ocrx_word' id='word_1_205' title='bbox 165 1995 218 2071; x_wconf 84' lang='lat' dir='ltr'><strong>„et</strong></span> <span class='ocrx_word' id='word_1_206' title='bbox 236 1997 427 2078; x_wconf 86' lang='lat' dir='ltr'><strong>integerrime</strong></span> <span class='ocrx_word' id='word_1_207' title='bbox 448 1996 549 2072; x_wconf 85' lang='lat' dir='ltr'><strong>irater,</strong></span> <span class='ocrx_word' id='word_1_208' title='bbox 567 2008 598 2055; x_wconf 94' lang='lat' dir='ltr'><strong>et</strong></span> <span class='ocrx_word' id='word_1_209' title='bbox 617 1995 734 2076; x_wconf 90' lang='lat' dir='ltr'><strong>quando</strong></span> <span class='ocrx_word' id='word_1_210' title='bbox 755 1997 876 2056; x_wconf 88' lang='lat' dir='ltr'><strong>teDens</strong></span> <span class='ocrx_word' id='word_1_211' title='bbox 896 1997 1081 2077; x_wconf 89' lang='lat' dir='ltr'><strong>superstitem</strong></span> <span class='ocrx_word' id='word_1_212' title='bbox 1101 2015 1220 2054; x_wconf 89' lang='lat' dir='ltr'><strong>manere</strong></span> <span class='ocrx_word' id='word_1_213' title='bbox 1232 1991 1294 2054; x_wconf 82' lang='lat' dir='ltr'><strong>vult</strong></span> <span class='ocrx_word' id='word_1_214' title='bbox 1362 2060 1366 2074; x_wconf 37' lang='grc' dir='ltr'><strong><em>ι</em></strong></span> 
     </span>
     <span class='ocr_line' id='line_1_24' title="bbox 166 2065 1295 2156; baseline -0.001 -25"><span class='ocrx_word' id='word_1_215' title='bbox 166 2073 218 2147; x_wconf 91' lang='lat' dir='ltr'><strong>„in</strong></span> <span class='ocrx_word' id='word_1_216' title='bbox 238 2074 365 2149; x_wconf 89' lang='lat' dir='ltr'><strong>mundo,</strong></span> <span class='ocrx_word' id='word_1_217' title='bbox 383 2075 448 2134; x_wconf 90' lang='lat' dir='ltr'><strong>vive</strong></span> <span class='ocrx_word' id='word_1_218' title='bbox 468 2093 583 2133; x_wconf 87' lang='lat' dir='ltr'><strong>memor</strong></span> <span class='ocrx_word' id='word_1_219' title='bbox 601 2085 720 2156; x_wconf 80' lang='lat' dir='ltr'><strong>npstrae</strong></span> <span class='ocrx_word' id='word_1_220' title='bbox 740 2073 974 2148; x_wconf 89' lang='lat' dir='ltr'><strong>coniunctionis,</strong></span> <span class='ocrx_word' id='word_1_221' title='bbox 995 2093 1069 2152; x_wconf 90' lang='lat' dir='ltr'><strong>quae</strong></span> <span class='ocrx_word' id='word_1_222' title='bbox 1094 2083 1128 2131; x_wconf 92' lang='lat' dir='ltr'><strong>ut</strong></span> <span class='ocrx_word' id='word_1_223' title='bbox 1146 2065 1295 2132; x_wconf 82' lang='lat' dir='ltr'><strong>Ecclesiae</strong></span> 
     </span>
     <span class='ocr_line' id='line_1_25' title="bbox 165 2147 1294 2225; baseline -0.001 -18"><span class='ocrx_word' id='word_1_224' title='bbox 165 2149 244 2224; x_wconf 86' lang='lat' dir='ltr'><strong>„Dei</strong></span> <span class='ocrx_word' id='word_1_225' title='bbox 264 2149 321 2209; x_wconf 86' lang='lat' dir='ltr'><strong>fuit</strong></span> <span class='ocrx_word' id='word_1_226' title='bbox 340 2150 429 2225; x_wconf 91' lang='lat' dir='ltr'><strong>utilis,</strong></span> <span class='ocrx_word' id='word_1_227' title='bbox 449 2150 489 2210; x_wconf 90' lang='lat' dir='ltr'><strong>ita</strong></span> <span class='ocrx_word' id='word_1_228' title='bbox 510 2171 564 2210; x_wconf 92' lang='lat' dir='ltr'><strong>nos</strong></span> <span class='ocrx_word' id='word_1_229' title='bbox 585 2151 645 2208; x_wconf 89' lang='lat' dir='ltr'><strong>eius</strong></span> <span class='ocrx_word' id='word_1_230' title='bbox 666 2149 777 2209; x_wconf 84' lang='lat' dir='ltr'><strong>fructus</strong></span> <span class='ocrx_word' id='word_1_231' title='bbox 791 2150 827 2208; x_wconf 90' lang='lat' dir='ltr'><strong>in</strong></span> <span class='ocrx_word' id='word_1_232' title='bbox 849 2149 934 2211; x_wconf 89' lang='lat' dir='ltr'><strong>coelo</strong></span> <span class='ocrx_word' id='word_1_233' title='bbox 955 2162 1062 2210; x_wconf 78' lang='lat' dir='ltr'><strong>manet.</strong></span> <span class='ocrx_word' id='word_1_234' title='bbox 1099 2148 1180 2208; x_wconf 90' lang='lat' dir='ltr'><strong>Nolo</strong></span> <span class='ocrx_word' id='word_1_235' title='bbox 1200 2159 1231 2206; x_wconf 88' lang='lat' dir='ltr'><strong>te</strong></span> <span class='ocrx_word' id='word_1_236' title='bbox 1250 2147 1294 2206; x_wconf 87' lang='lat' dir='ltr'><strong>la·</strong></span> 
     </span>
     <span class='ocr_line' id='line_1_26' title="bbox 165 2223 1294 2308; baseline -0.002 -24"><span class='ocrx_word' id='word_1_237' title='bbox 165 2226 269 2308; x_wconf 86' lang='lat' dir='ltr'><strong>„tiges</strong></span> <span class='ocrx_word' id='word_1_238' title='bbox 283 2248 348 2286; x_wconf 89' lang='lat' dir='ltr'><strong>mea</strong></span> <span class='ocrx_word' id='word_1_239' title='bbox 367 2247 460 2288; x_wconf 88' lang='lat' dir='ltr'><strong>eausa.</strong></span> <span class='ocrx_word' id='word_1_240' title='bbox 498 2227 597 2308; x_wconf 83' lang='lat' dir='ltr'><strong>Aegre</strong></span> <span class='ocrx_word' id='word_1_241' title='bbox 607 2225 743 2304; x_wconf 89' lang='lat' dir='ltr'><strong>spiritum</strong></span> <span class='ocrx_word' id='word_1_242' title='bbox 757 2225 855 2302; x_wconf 90' lang='lat' dir='ltr'><strong>traho,</strong></span> <span class='ocrx_word' id='word_1_243' title='bbox 877 2238 908 2286; x_wconf 90' lang='lat' dir='ltr'><strong>et</strong></span> <span class='ocrx_word' id='word_1_244' title='bbox 927 2226 1038 2286; x_wconf 89' lang='lat' dir='ltr'><strong>assidue</strong></span> <span class='ocrx_word' id='word_1_245' title='bbox 1059 2237 1206 2305; x_wconf 82' lang='lat' dir='ltr'><strong>exspecto,</strong></span> <span class='ocrx_word' id='word_1_246' title='bbox 1225 2223 1294 2283; x_wconf 90' lang='lat' dir='ltr'><strong>dum</strong></span> 
     </span>
     <span class='ocr_line' id='line_1_27' title="bbox 165 2301 1293 2382; baseline -0.001 -22"><span class='ocrx_word' id='word_1_247' title='bbox 165 2323 236 2381; x_wconf 86' lang='lat' dir='ltr'><strong>„me</strong></span> <span class='ocrx_word' id='word_1_248' title='bbox 263 2302 406 2380; x_wconf 64' lang='lat' dir='ltr'><strong>anhelitus</strong></span> <span class='ocrx_word' id='word_1_249' title='bbox 431 2303 554 2364; x_wconf 83' lang='lat' dir='ltr'><strong>deficiat.</strong></span> <span class='ocrx_word' id='word_1_250' title='bbox 606 2303 680 2364; x_wconf 91' lang='lat' dir='ltr'><strong>Satis</strong></span> <span class='ocrx_word' id='word_1_251' title='bbox 713 2314 757 2362; x_wconf 90' lang='lat' dir='ltr'><strong>est</strong></span> <span class='ocrx_word' id='word_1_252' title='bbox 781 2303 861 2382; x_wconf 86' lang='lat' dir='ltr'><strong>quod</strong></span> <span class='ocrx_word' id='word_1_253' title='bbox 883 2303 1003 2364; x_wconf 85' lang='lat' dir='ltr'><strong>Christo</strong></span> <span class='ocrx_word' id='word_1_254' title='bbox 1024 2303 1088 2363; x_wconf 91' lang='lat' dir='ltr'><strong>vivo</strong></span> <span class='ocrx_word' id='word_1_255' title='bbox 1116 2313 1146 2360; x_wconf 91' lang='lat' dir='ltr'><strong>et</strong></span> <span class='ocrx_word' id='word_1_256' title='bbox 1169 2301 1293 2377; x_wconf 91' lang='lat' dir='ltr'><strong>morior,</strong></span> 
     </span>
     <span class='ocr_line' id='line_1_28' title="bbox 166 2377 1293 2480; baseline -0.003 -41"><span class='ocrx_word' id='word_1_257' title='bbox 166 2382 239 2480; x_wconf 87' lang='lat' dir='ltr'><strong>„qui</strong></span> <span class='ocrx_word' id='word_1_258' title='bbox 259 2381 316 2441; x_wconf 88' lang='lat' dir='ltr'><strong>suis</strong></span> <span class='ocrx_word' id='word_1_259' title='bbox 336 2379 447 2440; x_wconf 87' lang='lat' dir='ltr'><strong>lucrum</strong></span> <span class='ocrx_word' id='word_1_260' title='bbox 469 2392 513 2440; x_wconf 89' lang='lat' dir='ltr'><strong>est</strong></span> <span class='ocrx_word' id='word_1_261' title='bbox 532 2380 563 2439; x_wconf 91' lang='lat' dir='ltr'><strong>in</strong></span> <span class='ocrx_word' id='word_1_262' title='bbox 583 2380 641 2439; x_wconf 92' lang='lat' dir='ltr'><strong>vita</strong></span> <span class='ocrx_word' id='word_1_263' title='bbox 662 2389 817 2438; x_wconf 88' lang='lat' dir='ltr'><strong>et&#39;morte.</strong></span> <span class='ocrx_word' id='word_1_264' title='bbox 839 2381 966 2449; x_wconf 52' lang='lat' dir='ltr'><strong>,Iterum</strong></span> <span class='ocrx_word' id='word_1_265' title='bbox 983 2379 1045 2441; x_wconf 89' lang='lat' dir='ltr'><strong>vale</strong></span> <span class='ocrx_word' id='word_1_266' title='bbox 1062 2400 1128 2438; x_wconf 90' lang='lat' dir='ltr'><strong>cum</strong></span> <span class='ocrx_word' id='word_1_267' title='bbox 1149 2377 1293 2438; x_wconf 87' lang='lat' dir='ltr'><strong>fratribus.</strong></span> 
     </span>
    </p>
   </div>
   <div class='ocr_carea' id='block_1_9' title="bbox 118 2453 1295 2614">
    <p class='ocr_par' dir='ltr' id='par_1_9' title="bbox 118 2453 1295 2614">
     <span class='ocr_line' id='line_1_29' title="bbox 166 2453 1295 2534; baseline -0.004 -18"><span class='ocrx_word' id='word_1_268' title='bbox 166 2460 329 2534; x_wconf 70' lang='lat' dir='ltr'><strong>„benevae</strong></span> <span class='ocrx_word' id='word_1_269' title='bbox 348 2457 389 2516; x_wconf 93' lang='lat' dir='ltr'><strong>II.</strong></span> <span class='ocrx_word' id='word_1_270' title='bbox 409 2454 480 2517; x_wconf 89' lang='lat' dir='ltr'><strong>Maii</strong></span> <span class='ocrx_word' id='word_1_271' title='bbox 500 2455 686 2516; x_wconf 87' lang='lat' dir='ltr'><strong>MDLXIV.”</strong></span> <span class='ocrx_word' id='word_1_272' title='bbox 725 2457 817 2515; x_wconf 90' lang='lat' dir='ltr'><strong>Venit</strong></span> <span class='ocrx_word' id='word_1_273' title='bbox 839 2468 938 2516; x_wconf 89' lang='lat' dir='ltr'><strong>tamen</strong></span> <span class='ocrx_word' id='word_1_274' title='bbox 959 2455 1110 2516; x_wconf 81' lang='lat' dir='ltr'><strong>Genevam</strong></span> <span class='ocrx_word' id='word_1_275' title='bbox 1130 2455 1225 2517; x_wconf 86' lang='lat' dir='ltr'><strong>bonus</strong></span> <span class='ocrx_word' id='word_1_276' title='bbox 1244 2453 1295 2513; x_wconf 92' lang='lat' dir='ltr'><strong>ille</strong></span> 
     </span>
     <span class='ocr_line' id='line_1_30' title="bbox 118 2533 1295 2614; baseline -0.004 -19"><span class='ocrx_word' id='word_1_277' title='bbox 118 2607 122 2613; x_wconf 28' lang='grc'>1</span> <span class='ocrx_word' id='word_1_278' title='bbox 169 2555 272 2609; x_wconf 88' lang='lat' dir='ltr'><strong>senex,</strong></span> <span class='ocrx_word' id='word_1_279' title='bbox 297 2546 327 2594; x_wconf 92' lang='lat' dir='ltr'><strong>et</strong></span> <span class='ocrx_word' id='word_1_280' title='bbox 347 2555 436 2612; x_wconf 90' lang='lat' dir='ltr'><strong>quum</strong></span> <span class='ocrx_word' id='word_1_281' title='bbox 456 2556 514 2594; x_wconf 92' lang='lat' dir='ltr'><strong>una</strong></span> <span class='ocrx_word' id='word_1_282' title='bbox 532 2535 612 2593; x_wconf 92' lang='lat' dir='ltr'><strong>inter</strong></span> <span class='ocrx_word' id='word_1_283' title='bbox 629 2553 660 2594; x_wconf 89' lang='lat' dir='ltr'><strong>se</strong></span> <span class='ocrx_word' id='word_1_284' title='bbox 680 2533 795 2614; x_wconf 90' lang='lat' dir='ltr'><strong>loquuti</strong></span> <span class='ocrx_word' id='word_1_285' title='bbox 816 2545 927 2609; x_wconf 85' lang='lat' dir='ltr'><strong>essent,</strong></span> <span class='ocrx_word' id='word_1_286' title='bbox 949 2533 1091 2614; x_wconf 88' lang='lat' dir='ltr'><strong>postridie</strong></span> <span class='ocrx_word' id='word_1_287' title='bbox 1109 2533 1295 2593; x_wconf 90' lang='lat' dir='ltr'><strong>Neocomum</strong></span> 
     </span>
    </p>
   </div>
   <div class='ocr_carea' id='block_1_10' title="bbox 169 2609 1400 2702">
    <p class='ocr_par' dir='ltr' id='par_1_10' title="bbox 169 2609 1400 2702">
     <span class='ocr_line' id='line_1_31' title="bbox 169 2609 1400 2702; baseline -0.004 -32"><span class='ocrx_word' id='word_1_288' title='bbox 169 2612 264 2671; x_wconf 88' lang='lat' dir='ltr'><strong>rediit.</strong></span> <span class='ocrx_word' id='word_1_289' title='bbox 302 2613 442 2702; x_wconf 78' lang='lat' dir='ltr'><strong>Reliquos</strong></span> <span class='ocrx_word' id='word_1_290' title='bbox 467 2612 501 2670; x_wconf 92' lang='lat' dir='ltr'><strong>ad</strong></span> <span class='ocrx_word' id='word_1_291' title='bbox 524 2610 637 2675; x_wconf 85' lang='lat' dir='ltr'><strong>obitum</strong></span> <span class='ocrx_word' id='word_1_292' title='bbox 661 2631 755 2689; x_wconf 90' lang='lat' dir='ltr'><strong>usque</strong></span> <span class='ocrx_word' id='word_1_293' title='bbox 782 2611 842 2670; x_wconf 90' lang='lat' dir='ltr'><strong>dies</strong></span> <span class='ocrx_word' id='word_1_294' title='bbox 864 2612 896 2670; x_wconf 87' lang='lat' dir='ltr'><strong>in</strong></span> <span class='ocrx_word' id='word_1_295' title='bbox 918 2612 1066 2702; x_wconf 73' lang='lat' dir='ltr'><strong>perpetuis</strong></span> <span class='ocrx_word' id='word_1_296' title='bbox 1086 2628 1179 2688; x_wconf 90' lang='lat' dir='ltr'><strong>paene</strong></span> <span class='ocrx_word' id='word_1_297' title='bbox 1199 2609 1294 2689; x_wconf 90' lang='lat' dir='ltr'><strong>preci·</strong></span> <span class='ocrx_word' id='word_1_298' title='bbox 1399 2639 1400 2650; x_wconf 71' lang='lat'><strong>.</strong></span> 
     </span>
    </p>
   </div>
   <div class='ocr_carea' id='block_1_11' title="bbox 167 2685 1296 2928">
    <p class='ocr_par' dir='ltr' id='par_1_11' title="bbox 167 2685 1296 2928">
     <span class='ocr_line' id='line_1_32' title="bbox 167 2685 1295 2768; baseline -0.003 -21"><span class='ocrx_word' id='word_1_299' title='bbox 167 2688 221 2747; x_wconf 83' lang='lat' dir='ltr'><strong>bus</strong></span> <span class='ocrx_word' id='word_1_300' title='bbox 242 2699 431 2768; x_wconf 79' lang='lat' dir='ltr'><strong>consumpsit,</strong></span> <span class='ocrx_word' id='word_1_301' title='bbox 450 2706 524 2746; x_wconf 91' lang='lat' dir='ltr'><strong>voce</strong></span> <span class='ocrx_word' id='word_1_302' title='bbox 544 2687 661 2764; x_wconf 92' lang='lat' dir='ltr'><strong>quidem</strong></span> <span class='ocrx_word' id='word_1_303' title='bbox 681 2697 806 2765; x_wconf 91' lang='lat' dir='ltr'><strong>propter</strong></span> <span class='ocrx_word' id='word_1_304' title='bbox 819 2687 930 2746; x_wconf 86' lang='lat' dir='ltr'><strong>asthma</strong></span> <span class='ocrx_word' id='word_1_305' title='bbox 949 2707 1113 2768; x_wconf 79' lang='lat' dir='ltr'><strong>suspiriosa,</strong></span> <span class='ocrx_word' id='word_1_306' title='bbox 1132 2685 1183 2756; x_wconf 85' lang='lat' dir='ltr'><strong>sed</strong></span> <span class='ocrx_word' id='word_1_307' title='bbox 1203 2685 1295 2745; x_wconf 89' lang='lat' dir='ltr'><strong>oeulis</strong></span> 
     </span>
     <span class='ocr_line' id='line_1_33' title="bbox 167 2759 1295 2855; baseline -0.001 -33"><span class='ocrx_word' id='word_1_308' title='bbox 167 2762 267 2855; x_wconf 88' lang='lat' dir='ltr'><strong>quales</strong></span> <span class='ocrx_word' id='word_1_309' title='bbox 286 2763 323 2854; x_wconf 77' lang='lat' dir='ltr'><strong>ad</strong></span> <span class='ocrx_word' id='word_1_310' title='bbox 343 2775 503 2825; x_wconf 76' lang='lat' dir='ltr'><strong>extremum</strong></span> <span class='ocrx_word' id='word_1_311' title='bbox 523 2780 616 2840; x_wconf 89' lang='lat' dir='ltr'><strong>usque</strong></span> <span class='ocrx_word' id='word_1_312' title='bbox 636 2761 712 2821; x_wconf 89' lang='lat' dir='ltr'><strong>clare</strong></span> <span class='ocrx_word' id='word_1_313' title='bbox 731 2763 871 2822; x_wconf 88' lang='lat' dir='ltr'><strong>micantes</strong></span> <span class='ocrx_word' id='word_1_314' title='bbox 888 2761 991 2854; x_wconf 76' lang='lat' dir='ltr'><strong>lrabuit</strong></span> <span class='ocrx_word' id='word_1_315' title='bbox 1010 2763 1042 2822; x_wconf 90' lang='lat' dir='ltr'><strong>in</strong></span> <span class='ocrx_word' id='word_1_316' title='bbox 1063 2762 1178 2822; x_wconf 80' lang='lat' dir='ltr'><strong>coelunt</strong></span> <span class='ocrx_word' id='word_1_317' title='bbox 1197 2759 1295 2822; x_wconf 84' lang='lat' dir='ltr'><strong>subla-</strong></span> 
     </span>
     <span class='ocr_line' id='line_1_34' title="bbox 168 2838 1296 2928; baseline 0 -30"><span class='ocrx_word' id='word_1_318' title='bbox 168 2851 215 2914; x_wconf 88' lang='lat' dir='ltr'><strong>trs,</strong></span> <span class='ocrx_word' id='word_1_319' title='bbox 236 2849 267 2896; x_wconf 92' lang='lat' dir='ltr'><strong>et</strong></span> <span class='ocrx_word' id='word_1_320' title='bbox 285 2851 325 2898; x_wconf 87' lang='lat' dir='ltr'><strong>rta</strong></span> <span class='ocrx_word' id='word_1_321' title='bbox 342 2842 506 2921; x_wconf 79' lang='lat' dir='ltr'><strong>composito</strong></span> <span class='ocrx_word' id='word_1_322' title='bbox 518 2838 610 2912; x_wconf 88' lang='lat' dir='ltr'><strong>vultu,</strong></span> <span class='ocrx_word' id='word_1_323' title='bbox 629 2849 663 2896; x_wconf 92' lang='lat' dir='ltr'><strong>nt</strong></span> <span class='ocrx_word' id='word_1_324' title='bbox 681 2857 748 2928; x_wconf 71' lang='lat' dir='ltr'><strong>sese</strong></span> <span class='ocrx_word' id='word_1_325' title='bbox 764 2850 910 2916; x_wconf 79' lang='lat' dir='ltr'><strong>precantis</strong></span> <span class='ocrx_word' id='word_1_326' title='bbox 923 2839 1012 2898; x_wconf 89' lang='lat' dir='ltr'><strong>ardor</strong></span> <span class='ocrx_word' id='word_1_327' title='bbox 1029 2850 1126 2898; x_wconf 91' lang='lat' dir='ltr'><strong>totum</strong></span> <span class='ocrx_word' id='word_1_328' title='bbox 1144 2839 1296 2920; x_wconf 86' lang='lat' dir='ltr'><strong>proderet,</strong></span> 
     </span>
    </p>
   </div>
   <div class='ocr_carea' id='block_1_12' title="bbox 166 2913 1400 3072">
    <p class='ocr_par' dir='ltr' id='par_1_12' title="bbox 166 2913 1400 3072">
     <span class='ocr_line' id='line_1_35' title="bbox 166 2913 1400 2995; baseline -0.002 -19"><span class='ocrx_word' id='word_1_329' title='bbox 166 2935 252 2995; x_wconf 85' lang='lat' dir='ltr'><strong>saepe</strong></span> <span class='ocrx_word' id='word_1_330' title='bbox 282 2915 399 2976; x_wconf 88' lang='lat' dir='ltr'><strong>Davidis</strong></span> <span class='ocrx_word' id='word_1_331' title='bbox 428 2915 499 2974; x_wconf 92' lang='lat' dir='ltr'><strong>illud</strong></span> <span class='ocrx_word' id='word_1_332' title='bbox 530 2914 713 2994; x_wconf 83' lang='lat' dir='ltr'><strong>ingeminans</strong></span> <span class='ocrx_word' id='word_1_333' title='bbox 739 2935 770 2971; x_wconf 94' lang='grc' dir='ltr'><strong>ιιι</strong></span> <span class='ocrx_word' id='word_1_334' title='bbox 810 2914 976 2988; x_wconf 89' lang='lat' dir='ltr'><strong>doloribus,</strong></span> <span class='ocrx_word' id='word_1_335' title='bbox 1015 2915 1126 2990; x_wconf 79' lang='lat' dir='ltr'><strong>Tacui,</strong></span> <span class='ocrx_word' id='word_1_336' title='bbox 1157 2915 1294 2992; x_wconf 76' lang='lat' dir='ltr'><strong>Domine,</strong></span> <span class='ocrx_word' id='word_1_337' title='bbox 1399 2913 1400 2980; x_wconf 70' lang='grc' dir='ltr'>Ῑ</span> 
     </span>
     <span class='ocr_line' id='line_1_36' title="bbox 166 2988 1400 3072; baseline 0 -20"><span class='ocrx_word' id='word_1_338' title='bbox 166 2997 236 3072; x_wconf 79' lang='lat' dir='ltr'><strong>quie</strong></span> <span class='ocrx_word' id='word_1_339' title='bbox 254 2992 374 3072; x_wconf 82' lang='lat' dir='ltr'><strong>fecisti,</strong></span> <span class='ocrx_word' id='word_1_340' title='bbox 405 3004 436 3057; x_wconf 88' lang='lat' dir='ltr'><strong>et</strong></span> <span class='ocrx_word' id='word_1_341' title='bbox 464 2990 611 3051; x_wconf 88' lang='lat' dir='ltr'><strong>interdum</strong></span> <span class='ocrx_word' id='word_1_342' title='bbox 635 2988 707 3048; x_wconf 90' lang='lat' dir='ltr'><strong>illud</strong></span> <span class='ocrx_word' id='word_1_343' title='bbox 734 2989 860 3065; x_wconf 89' lang='lat' dir='ltr'><strong>Iesaiae,</strong></span> <span class='ocrx_word' id='word_1_344' title='bbox 882 2989 1036 3050; x_wconf 76' lang='lat' dir='ltr'><strong>Gemebom</strong></span> <span class='ocrx_word' id='word_1_345' title='bbox 1058 2996 1132 3052; x_wconf 65' lang='lat' dir='ltr'><strong>mmet</strong></span> <span class='ocrx_word' id='word_1_346' title='bbox 1154 2989 1294 3052; x_wconf 78' lang='lat' dir='ltr'><strong>oolunsbo.</strong></span> <span class='ocrx_word' id='word_1_347' title='bbox 1399 2993 1400 3022; x_wconf 54' lang='lat' dir='ltr'><strong>l</strong></span> 
     </span>
    </p>
   </div>
   <div class='ocr_carea' id='block_1_13' title="bbox 123 3066 1299 4070">
    <p class='ocr_par' dir='ltr' id='par_1_13' title="bbox 123 3066 1299 4070">
     <span class='ocr_line' id='line_1_37' title="bbox 169 3066 1299 3148; baseline 0 -20"><span class='ocrx_word' id='word_1_348' title='bbox 169 3070 276 3129; x_wconf 84' lang='lat' dir='ltr'><strong>Audivi</strong></span> <span class='ocrx_word' id='word_1_349' title='bbox 305 3090 425 3148; x_wconf 91' lang='lat' dir='ltr'><strong>quoque</strong></span> <span class='ocrx_word' id='word_1_350' title='bbox 458 3089 547 3148; x_wconf 93' lang='lat' dir='ltr'><strong>quum</strong></span> <span class='ocrx_word' id='word_1_351' title='bbox 586 3068 711 3141; x_wconf 88' lang='lat' dir='ltr'><strong>diceret,</strong></span> <span class='ocrx_word' id='word_1_352' title='bbox 750 3068 800 3127; x_wconf 81' lang='lat' dir='ltr'><strong>Tu</strong></span> <span class='ocrx_word' id='word_1_353' title='bbox 828 3089 873 3127; x_wconf 87' lang='lat' dir='ltr'><strong>me</strong></span> <span class='ocrx_word' id='word_1_354' title='bbox 902 3072 1041 3142; x_wconf 75' lang='lat' dir='ltr'><strong>conteris,</strong></span> <span class='ocrx_word' id='word_1_355' title='bbox 1073 3069 1215 3146; x_wconf 76' lang='lat' dir='ltr'><strong>Domine,</strong></span> <span class='ocrx_word' id='word_1_356' title='bbox 1245 3066 1299 3128; x_wconf 80' lang='lat' dir='ltr'><strong>sed</strong></span> 
     </span>
     <span class='ocr_line' id='line_1_38' title="bbox 169 3136 1296 3227; baseline -0.001 -21"><span class='ocrx_word' id='word_1_357' title='bbox 169 3143 282 3206; x_wconf 79' lang='lat' dir='ltr'><strong>abunda</strong></span> <span class='ocrx_word' id='word_1_358' title='bbox 310 3142 381 3204; x_wconf 82' lang='lat' dir='ltr'><strong>midi</strong></span> <span class='ocrx_word' id='word_1_359' title='bbox 409 3147 539 3227; x_wconf 71' lang='lat' dir='ltr'><strong>suffieit,</strong></span> <span class='ocrx_word' id='word_1_360' title='bbox 572 3141 652 3224; x_wconf 81' lang='lat' dir='ltr'><strong>quod</strong></span> <span class='ocrx_word' id='word_1_361' title='bbox 677 3157 733 3202; x_wconf 81' lang='lat' dir='ltr'><strong>tuo</strong></span> <span class='ocrx_word' id='word_1_362' title='bbox 756 3141 827 3204; x_wconf 78' lang='lat' dir='ltr'><strong>doec</strong></span> <span class='ocrx_word' id='word_1_363' title='bbox 855 3148 892 3204; x_wconf 84' lang='lat' dir='ltr'><strong>sit</strong></span> <span class='ocrx_word' id='word_1_364' title='bbox 921 3167 1031 3204; x_wconf 83' lang='lat' dir='ltr'><strong>monus.</strong></span> <span class='ocrx_word' id='word_1_365' title='bbox 1081 3147 1188 3205; x_wconf 91' lang='lat' dir='ltr'><strong>Patere</strong></span> <span class='ocrx_word' id='word_1_366' title='bbox 1218 3136 1296 3205; x_wconf 66' lang='lat' dir='ltr'><strong>dicia</strong></span> 
     </span>
     <span class='ocr_line' id='line_1_39' title="bbox 170 3222 1298 3316; baseline 0 -34"><span class='ocrx_word' id='word_1_367' title='bbox 170 3233 200 3282; x_wconf 89' lang='lat' dir='ltr'><strong>et</strong></span> <span class='ocrx_word' id='word_1_368' title='bbox 232 3234 349 3283; x_wconf 91' lang='lat' dir='ltr'><strong>noctem</strong></span> <span class='ocrx_word' id='word_1_369' title='bbox 378 3222 469 3316; x_wconf 89' lang='lat' dir='ltr'><strong>ipsius</strong></span> <span class='ocrx_word' id='word_1_370' title='bbox 501 3223 579 3282; x_wconf 87' lang='lat' dir='ltr'><strong>fores</strong></span> <span class='ocrx_word' id='word_1_371' title='bbox 611 3222 806 3302; x_wconf 89' lang='lat' dir='ltr'><strong>oportuisset,</strong></span> <span class='ocrx_word' id='word_1_372' title='bbox 837 3223 861 3282; x_wconf 93' lang='lat' dir='ltr'><strong>si</strong></span> <span class='ocrx_word' id='word_1_373' title='bbox 892 3222 1006 3283; x_wconf 90' lang='lat' dir='ltr'><strong>admissi</strong></span> <span class='ocrx_word' id='word_1_374' title='bbox 1034 3222 1174 3298; x_wconf 84' lang='lat' dir='ltr'><strong>fuissent,</strong></span> <span class='ocrx_word' id='word_1_375' title='bbox 1207 3233 1298 3302; x_wconf 85' lang='lat' dir='ltr'><strong>quot·</strong></span> 
     </span>
     <span class='ocr_line' id='line_1_40' title="bbox 171 3297 1298 3379; baseline -0.001 -21"><span class='ocrx_word' id='word_1_376' title='bbox 171 3319 287 3378; x_wconf 89' lang='lat' dir='ltr'><strong>cunque</strong></span> <span class='ocrx_word' id='word_1_377' title='bbox 308 3298 398 3360; x_wconf 78' lang='lat' dir='ltr'><strong>officis</strong></span> <span class='ocrx_word' id='word_1_378' title='bbox 419 3321 501 3360; x_wconf 89' lang='lat' dir='ltr'><strong>causa</strong></span> <span class='ocrx_word' id='word_1_379' title='bbox 520 3298 603 3358; x_wconf 89' lang='lat' dir='ltr'><strong>illum</strong></span> <span class='ocrx_word' id='word_1_380' title='bbox 628 3299 707 3366; x_wconf 83' lang='lat' dir='ltr'><strong>adire</strong></span> <span class='ocrx_word' id='word_1_381' title='bbox 732 3297 907 3379; x_wconf 89' lang='lat' dir='ltr'><strong>cupiebant,</strong></span> <span class='ocrx_word' id='word_1_382' title='bbox 939 3321 1013 3379; x_wconf 90' lang='lat' dir='ltr'><strong>quos</strong></span> <span class='ocrx_word' id='word_1_383' title='bbox 1034 3303 1122 3378; x_wconf 91' lang='lat' dir='ltr'><strong>quum</strong></span> <span class='ocrx_word' id='word_1_384' title='bbox 1142 3318 1231 3372; x_wconf 93' lang='lat' dir='ltr'><strong>voce,</strong></span> <span class='ocrx_word' id='word_1_385' title='bbox 1263 3309 1298 3358; x_wconf 91' lang='lat' dir='ltr'><strong>ut</strong></span> 
     </span>
     <span class='ocr_line' id='line_1_41' title="bbox 170 3375 1299 3457; baseline 0.001 -24"><span class='ocrx_word' id='word_1_386' title='bbox 170 3375 307 3450; x_wconf 86' lang='lat' dir='ltr'><strong>diximus,</strong></span> <span class='ocrx_word' id='word_1_387' title='bbox 330 3377 499 3457; x_wconf 87' lang='lat' dir='ltr'><strong>praepedita</strong></span> <span class='ocrx_word' id='word_1_388' title='bbox 524 3375 710 3456; x_wconf 82' lang='lat' dir='ltr'><strong>compellare</strong></span> <span class='ocrx_word' id='word_1_389' title='bbox 721 3396 753 3436; x_wconf 91' lang='lat' dir='ltr'><strong>se</strong></span> <span class='ocrx_word' id='word_1_390' title='bbox 778 3396 839 3435; x_wconf 91' lang='lat' dir='ltr'><strong>non</strong></span> <span class='ocrx_word' id='word_1_391' title='bbox 865 3395 951 3457; x_wconf 89' lang='lat' dir='ltr'><strong>posse</strong></span> <span class='ocrx_word' id='word_1_392' title='bbox 970 3375 1096 3449; x_wconf 85' lang='lat' dir='ltr'><strong>videret,</strong></span> <span class='ocrx_word' id='word_1_393' title='bbox 1122 3378 1245 3456; x_wconf 91' lang='lat' dir='ltr'><strong>petierat</strong></span> <span class='ocrx_word' id='word_1_394' title='bbox 1263 3386 1299 3434; x_wconf 87' lang='lat' dir='ltr'><strong>ut</strong></span> 
     </span>
     <span class='ocr_line' id='line_1_42' title="bbox 170 3451 1296 3536; baseline 0.002 -26"><span class='ocrx_word' id='word_1_395' title='bbox 170 3453 369 3531; x_wconf 89' lang='lat' dir='ltr'><strong>unusquisque</strong></span> <span class='ocrx_word' id='word_1_396' title='bbox 389 3454 493 3536; x_wconf 74' lang='lat' dir='ltr'><strong>&#39;potins</strong></span> <span class='ocrx_word' id='word_1_397' title='bbox 525 3473 580 3532; x_wconf 90' lang='lat' dir='ltr'><strong>pro</strong></span> <span class='ocrx_word' id='word_1_398' title='bbox 606 3455 670 3533; x_wconf 88' lang='lat' dir='ltr'><strong>ipso</strong></span> <span class='ocrx_word' id='word_1_399' title='bbox 695 3464 882 3532; x_wconf 90' lang='lat' dir='ltr'><strong>precaretur,</strong></span> <span class='ocrx_word' id='word_1_400' title='bbox 908 3467 993 3533; x_wconf 83' lang='lat' dir='ltr'><strong>quam&#39;</strong></span> <span class='ocrx_word' id='word_1_401' title='bbox 1020 3453 1056 3512; x_wconf 91' lang='lat' dir='ltr'><strong>de</strong></span> <span class='ocrx_word' id='word_1_402' title='bbox 1082 3471 1118 3510; x_wconf 90' lang='lat' dir='ltr'><strong>eo</strong></span> <span class='ocrx_word' id='word_1_403' title='bbox 1144 3451 1296 3514; x_wconf 86' lang='lat' dir='ltr'><strong>invisendo</strong></span> 
     </span>
     <span class='ocr_line' id='line_1_43' title="bbox 171 3528 1297 3610; baseline 0 -24"><span class='ocrx_word' id='word_1_404' title='bbox 171 3528 327 3588; x_wconf 83' lang='lat' dir='ltr'><strong>laboraret.</strong></span> <span class='ocrx_word' id='word_1_405' title='bbox 366 3529 422 3590; x_wconf 89' lang='lat' dir='ltr'><strong>Sae</strong></span> <span class='ocrx_word' id='word_1_406' title='bbox 445 3549 592 3610; x_wconf 87' lang='lat' dir='ltr'><strong>equoque</strong></span> <span class='ocrx_word' id='word_1_407' title='bbox 611 3530 693 3606; x_wconf 90' lang='lat' dir='ltr'><strong>mihi,</strong></span> <span class='ocrx_word' id='word_1_408' title='bbox 714 3530 795 3589; x_wconf 89' lang='lat' dir='ltr'><strong>cuius</strong></span> <span class='ocrx_word' id='word_1_409' title='bbox 808 3542 999 3609; x_wconf 89' lang='lat' dir='ltr'><strong>conspectum</strong></span> <span class='ocrx_word' id='word_1_410' title='bbox 1018 3529 1127 3607; x_wconf 89' lang='lat' dir='ltr'><strong>alioqui</strong></span> <span class='ocrx_word' id='word_1_411' title='bbox 1147 3549 1297 3608; x_wconf 88' lang='lat' dir='ltr'><strong>nunquam</strong></span> 
     </span>
     <span class='ocr_line' id='line_1_44' title="bbox 168 3551 1299 3688; baseline -0.001 -23"><span class='ocrx_word' id='word_1_412' title='bbox 168 3604 359 3665; x_wconf 90' lang='lat' dir='ltr'><strong>iniucundum</strong></span> <span class='ocrx_word' id='word_1_413' title='bbox 371 3607 398 3666; x_wconf 89' lang='lat' dir='ltr'><strong>ei</strong></span> <span class='ocrx_word' id='word_1_414' title='bbox 419 3551 505 3666; x_wconf 70' lang='lat' dir='ltr'><strong>iirisse</strong></span> <span class='ocrx_word' id='word_1_415' title='bbox 518 3628 580 3666; x_wconf 89' lang='lat' dir='ltr'><strong>sum</strong></span> <span class='ocrx_word' id='word_1_416' title='bbox 595 3619 739 3687; x_wconf 85' lang='lat' dir='ltr'><strong>expertus,</strong></span> <span class='ocrx_word' id='word_1_417' title='bbox 758 3605 939 3688; x_wconf 86' lang='lat' dir='ltr'><strong>significavit,</strong></span> <span class='ocrx_word' id='word_1_418' title='bbox 959 3606 1014 3667; x_wconf 92' lang='lat' dir='ltr'><strong>sibi</strong></span> <span class='ocrx_word' id='word_1_419' title='bbox 1034 3605 1087 3666; x_wconf 90' lang='lat' dir='ltr'><strong>reli</strong></span> <span class='ocrx_word' id='word_1_420' title='bbox 1112 3607 1209 3666; x_wconf 91' lang='lat' dir='ltr'><strong>ionem</strong></span> <span class='ocrx_word' id='word_1_421' title='bbox 1225 3623 1299 3679; x_wconf 90' lang='lat' dir='ltr'><strong>esse,</strong></span> 
     </span>
     <span class='ocr_line' id='line_1_45' title="bbox 170 3625 1297 3763; baseline -0.002 -21"><span class='ocrx_word' id='word_1_422' title='bbox 170 3681 219 3742; x_wconf 89' lang='lat' dir='ltr'><strong>vel</strong></span> <span class='ocrx_word' id='word_1_423' title='bbox 238 3681 383 3742; x_wconf 85' lang='lat' dir='ltr'><strong>tantillum</strong></span> <span class='ocrx_word' id='word_1_424' title='bbox 404 3683 612 3763; x_wconf 81' lang='lat' dir='ltr'><strong>occupationes</strong></span> <span class='ocrx_word' id='word_1_425' title='bbox 632 3705 708 3743; x_wconf 90' lang='lat' dir='ltr'><strong>meas</strong></span> <span class='ocrx_word' id='word_1_426' title='bbox 728 3685 884 3743; x_wconf 84' lang='lat' dir='ltr'><strong>remerari:</strong></span> <span class='ocrx_word' id='word_1_427' title='bbox 910 3684 985 3743; x_wconf 90' lang='lat' dir='ltr'><strong>adeo</strong></span> <span class='ocrx_word' id='word_1_428' title='bbox 1011 3682 1067 3742; x_wconf 82' lang='lat' dir='ltr'><strong>luit</strong></span> <span class='ocrx_word' id='word_1_429' title='bbox 1085 3625 1297 3762; x_wconf 72' lang='lat' dir='ltr'><strong>ille&#39;temporis</strong></span> 
     </span>
     <span class='ocr_line' id='line_1_46' title="bbox 123 3757 1297 3841; baseline -0.002 -21"><span class='ocrx_word' id='word_1_430' title='bbox 123 3804 126 3812; x_wconf 54' lang='lat'><strong>.</strong></span> <span class='ocrx_word' id='word_1_431' title='bbox 172 3781 289 3840; x_wconf 90' lang='lat' dir='ltr'><strong>parcus,</strong></span> <span class='ocrx_word' id='word_1_432' title='bbox 309 3759 387 3838; x_wconf 90' lang='lat' dir='ltr'><strong>quod</strong></span> <span class='ocrx_word' id='word_1_433' title='bbox 408 3757 547 3820; x_wconf 90' lang='lat' dir='ltr'><strong>eeclesiae</strong></span> <span class='ocrx_word' id='word_1_434' title='bbox 571 3759 700 3841; x_wconf 89' lang='lat' dir='ltr'><strong>impendi</strong></span> <span class='ocrx_word' id='word_1_435' title='bbox 719 3760 823 3834; x_wconf 90' lang='lat' dir='ltr'><strong>sciret,</strong></span> <span class='ocrx_word' id='word_1_436' title='bbox 849 3771 880 3819; x_wconf 91' lang='lat' dir='ltr'><strong>et</strong></span> <span class='ocrx_word' id='word_1_437' title='bbox 898 3759 930 3818; x_wconf 92' lang='lat' dir='ltr'><strong>in</strong></span> <span class='ocrx_word' id='word_1_438' title='bbox 950 3779 986 3819; x_wconf 91' lang='lat' dir='ltr'><strong>eo</strong></span> <span class='ocrx_word' id='word_1_439' title='bbox 1011 3759 1076 3840; x_wconf 84' lang='lat' dir='ltr'><strong>plns</strong></span> <span class='ocrx_word' id='word_1_440' title='bbox 1096 3760 1182 3820; x_wconf 91' lang='lat' dir='ltr'><strong>etiam</strong></span> <span class='ocrx_word' id='word_1_441' title='bbox 1201 3777 1297 3836; x_wconf 90' lang='lat' dir='ltr'><strong>aequo</strong></span> 
     </span>
     <span class='ocr_line' id='line_1_47' title="bbox 170 3834 1297 3918; baseline -0.003 -23"><span class='ocrx_word' id='word_1_442' title='bbox 170 3835 339 3918; x_wconf 87' lang='lat' dir='ltr'><strong>religiosus,</strong></span> <span class='ocrx_word' id='word_1_443' title='bbox 364 3856 401 3895; x_wconf 92' lang='lat' dir='ltr'><strong>ne</strong></span> <span class='ocrx_word' id='word_1_444' title='bbox 426 3835 533 3896; x_wconf 86' lang='lat' dir='ltr'><strong>amicos</strong></span> <span class='ocrx_word' id='word_1_445' title='bbox 552 3836 597 3895; x_wconf 93' lang='lat' dir='ltr'><strong>vel</strong></span> <span class='ocrx_word' id='word_1_446' title='bbox 619 3837 764 3896; x_wconf 90' lang='lat' dir='ltr'><strong>tantillum</strong></span> <span class='ocrx_word' id='word_1_447' title='bbox 812 3847 931 3896; x_wconf 85' lang='lat' dir='ltr'><strong>ravaret.</strong></span> <span class='ocrx_word' id='word_1_448' title='bbox 975 3837 1021 3896; x_wconf 87' lang='lat' dir='ltr'><strong>Ita</strong></span> <span class='ocrx_word' id='word_1_449' title='bbox 1045 3835 1134 3918; x_wconf 88' lang='lat' dir='ltr'><strong>igitur</strong></span> <span class='ocrx_word' id='word_1_450' title='bbox 1152 3856 1183 3896; x_wconf 91' lang='lat' dir='ltr'><strong>se</strong></span> <span class='ocrx_word' id='word_1_451' title='bbox 1203 3834 1297 3914; x_wconf 78' lang='lat' dir='ltr'><strong>ipsum</strong></span> 
     </span>
     <span class='ocr_line' id='line_1_48' title="bbox 171 3855 1298 3994; baseline -0.002 -22"><span class='ocrx_word' id='word_1_452' title='bbox 171 3914 328 3972; x_wconf 85' lang='lat' dir='ltr'><strong>etamicos</strong></span> <span class='ocrx_word' id='word_1_453' title='bbox 348 3912 503 3994; x_wconf 71' lang='lat' dir='ltr'><strong>consolqns</strong></span> <span class='ocrx_word' id='word_1_454' title='bbox 522 3913 589 3972; x_wconf 81' lang='lat' dir='ltr'><strong>vixit</strong></span> <span class='ocrx_word' id='word_1_455' title='bbox 610 3933 701 3992; x_wconf 88' lang='lat' dir='ltr'><strong>usqne</strong></span> <span class='ocrx_word' id='word_1_456' title='bbox 726 3913 761 3972; x_wconf 90' lang='lat' dir='ltr'><strong>ad</strong></span> <span class='ocrx_word' id='word_1_457' title='bbox 780 3855 860 3972; x_wconf 68' lang='lat' dir='ltr'><strong>rint.</strong></span> <span class='ocrx_word' id='word_1_458' title='bbox 881 3914 967 3990; x_wconf 87' lang='lat' dir='ltr'><strong>Maii,</strong></span> <span class='ocrx_word' id='word_1_459' title='bbox 993 3935 1053 3993; x_wconf 93' lang='lat' dir='ltr'><strong>quo</strong></span> <span class='ocrx_word' id='word_1_460' title='bbox 1074 3915 1121 3974; x_wconf 91' lang='lat' dir='ltr'><strong>die</strong></span> <span class='ocrx_word' id='word_1_461' title='bbox 1146 3932 1298 3973; x_wconf 87' lang='lat' dir='ltr'><strong>censuram</strong></span> 
     </span>
     <span class='ocr_line' id='line_1_49' title="bbox 170 3988 1298 4070; baseline -0.001 -23"><span class='ocrx_word' id='word_1_462' title='bbox 170 3988 249 4049; x_wconf 88' lang='lat' dir='ltr'><strong>inter</strong></span> <span class='ocrx_word' id='word_1_463' title='bbox 275 4011 329 4050; x_wconf 92' lang='lat' dir='ltr'><strong>nos</strong></span> <span class='ocrx_word' id='word_1_464' title='bbox 349 3991 497 4049; x_wconf 85' lang='lat' dir='ltr'><strong>Ministros</strong></span> <span class='ocrx_word' id='word_1_465' title='bbox 523 4009 672 4065; x_wconf 88' lang='lat' dir='ltr'><strong>exercere,</strong></span> <span class='ocrx_word' id='word_1_466' title='bbox 698 4000 728 4049; x_wconf 88' lang='lat' dir='ltr'><strong>et</strong></span> <span class='ocrx_word' id='word_1_467' title='bbox 753 4011 810 4050; x_wconf 90' lang='lat' dir='ltr'><strong>una</strong></span> <span class='ocrx_word' id='word_1_468' title='bbox 835 3990 931 4052; x_wconf 82' lang='lat' dir='ltr'><strong>cibum</strong></span> <span class='ocrx_word' id='word_1_469' title='bbox 957 4011 1062 4070; x_wconf 90' lang='lat' dir='ltr'><strong>capere</strong></span> <span class='ocrx_word' id='word_1_470' title='bbox 1085 3989 1228 4051; x_wconf 91' lang='lat' dir='ltr'><strong>amicitiae</strong></span> <span class='ocrx_word' id='word_1_471' title='bbox 1252 3999 1298 4047; x_wconf 88' lang='lat' dir='ltr'><strong>te·</strong></span> 
     </span>
    </p>
   </div>
   <div class='ocr_carea' id='block_1_14' title="bbox 151 4065 1398 4147">
    <p class='ocr_par' dir='ltr' id='par_1_14' title="bbox 151 4065 1398 4147">
     <span class='ocr_line' id='line_1_50' title="bbox 151 4065 1398 4147; baseline 0 -24"><span class='ocrx_word' id='word_1_472' title='bbox 151 4066 395 4134; x_wconf 71' lang='lat' dir='ltr'><strong>·standae„causa</strong></span> <span class='ocrx_word' id='word_1_473' title='bbox 426 4065 645 4142; x_wconf 87' lang='lat' dir='ltr'><strong>consuevimus,</strong></span> <span class='ocrx_word' id='word_1_474' title='bbox 675 4066 766 4126; x_wconf 92' lang='lat' dir='ltr'><strong>biduo</strong></span> <span class='ocrx_word' id='word_1_475' title='bbox 798 4079 866 4147; x_wconf 92' lang='lat' dir='ltr'><strong>post</strong></span> <span class='ocrx_word' id='word_1_476' title='bbox 894 4067 1033 4128; x_wconf 90' lang='lat' dir='ltr'><strong>videlicet</strong></span> <span class='ocrx_word' id='word_1_477' title='bbox 1056 4067 1236 4126; x_wconf 88' lang='lat' dir='ltr'><strong>Pentecoste</strong></span> <span class='ocrx_word' id='word_1_478' title='bbox 1267 4075 1300 4123; x_wconf 89' lang='lat' dir='ltr'><strong>et</strong></span> <span class='ocrx_word' id='word_1_479' title='bbox 1392 4065 1398 4108; x_wconf 44' lang='grc' dir='ltr'><strong>ι’</strong></span> 
     </span>
    </p>
   </div>
   <div class='ocr_carea' id='block_1_15' title="bbox 136 4139 1385 4378">
    <p class='ocr_par' dir='ltr' id='par_1_15' title="bbox 136 4139 1385 4378">
     <span class='ocr_line' id='line_1_51' title="bbox 172 4139 1384 4224; baseline 0.001 -25"><span class='ocrx_word' id='word_1_480' title='bbox 172 4139 275 4201; x_wconf 90' lang='lat' dir='ltr'><strong>Coena</strong></span> <span class='ocrx_word' id='word_1_481' title='bbox 299 4143 421 4218; x_wconf 86' lang='lat' dir='ltr'><strong>Domini</strong></span> <span class='ocrx_word' id='word_1_482' title='bbox 447 4143 621 4222; x_wconf 89' lang='lat' dir='ltr'><strong>sequuturis.</strong></span> <span class='ocrx_word' id='word_1_483' title='bbox 662 4143 782 4204; x_wconf 86' lang='lat' dir='ltr'><strong>Eodie</strong></span> <span class='ocrx_word' id='word_1_484' title='bbox 809 4165 898 4224; x_wconf 90' lang='lat' dir='ltr'><strong>quum</strong></span> <span class='ocrx_word' id='word_1_485' title='bbox 923 4144 1008 4205; x_wconf 90' lang='lat' dir='ltr'><strong>nobis</strong></span> <span class='ocrx_word' id='word_1_486' title='bbox 1035 4143 1239 4218; x_wconf 89' lang='lat' dir='ltr'><strong>concessisset,</strong></span> <span class='ocrx_word' id='word_1_487' title='bbox 1265 4152 1300 4200; x_wconf 90' lang='lat' dir='ltr'><strong>ut</strong></span> <span class='ocrx_word' id='word_1_488' title='bbox 1381 4213 1384 4220; x_wconf 18' lang='grc' dir='ltr'>ν</span> 
     </span>
     <span class='ocr_line' id='line_1_52' title="bbox 136 4216 1385 4298; baseline 0.003 -24"><span class='ocrx_word' id='word_1_489' title='bbox 136 4259 138 4264; x_wconf 68' lang='lat'><strong>,</strong></span> <span class='ocrx_word' id='word_1_490' title='bbox 173 4216 250 4294; x_wconf 89' lang='lat' dir='ltr'><strong>apud</strong></span> <span class='ocrx_word' id='word_1_491' title='bbox 274 4219 368 4298; x_wconf 87' lang='lat' dir='ltr'><strong>ipsum</strong></span> <span class='ocrx_word' id='word_1_492' title='bbox 394 4241 487 4281; x_wconf 87' lang='lat' dir='ltr'><strong>coena</strong></span> <span class='ocrx_word' id='word_1_493' title='bbox 512 4216 673 4280; x_wconf 89' lang='lat' dir='ltr'><strong>communis</strong></span> <span class='ocrx_word' id='word_1_494' title='bbox 698 4221 907 4296; x_wconf 91' lang='lat' dir='ltr'><strong>instrueretur,</strong></span> <span class='ocrx_word' id='word_1_495' title='bbox 939 4233 969 4281; x_wconf 91' lang='lat' dir='ltr'><strong>et</strong></span> <span class='ocrx_word' id='word_1_496' title='bbox 989 4241 1006 4280; x_wconf 91' lang='lat' dir='ltr'><strong>e</strong></span> <span class='ocrx_word' id='word_1_497' title='bbox 1025 4219 1134 4281; x_wconf 87' lang='lat' dir='ltr'><strong>lectulo</strong></span> <span class='ocrx_word' id='word_1_498' title='bbox 1166 4217 1298 4286; x_wconf 86' lang='lat' dir='ltr'><strong>collectis</strong></span> <span class='ocrx_word' id='word_1_499' title='bbox 1380 4238 1385 4248; x_wconf 91' lang='lat'><em>·</em></span> 
     </span>
     <span class='ocr_line' id='line_1_53' title="bbox 172 4290 1298 4378; baseline 0.004 -29"><span class='ocrx_word' id='word_1_500' title='bbox 172 4303 322 4372; x_wconf 90' lang='lat' dir='ltr'><strong>utcunque</strong></span> <span class='ocrx_word' id='word_1_501' title='bbox 342 4297 453 4358; x_wconf 88' lang='lat' dir='ltr'><strong>viribus</strong></span> <span class='ocrx_word' id='word_1_502' title='bbox 489 4290 520 4356; x_wconf 91' lang='lat' dir='ltr'><strong>in</strong></span> <span class='ocrx_word' id='word_1_503' title='bbox 555 4297 717 4378; x_wconf 88' lang='lat' dir='ltr'><strong>proximum</strong></span> <span class='ocrx_word' id='word_1_504' title='bbox 744 4293 882 4358; x_wconf 89' lang='lat' dir='ltr'><strong>conclave</strong></span> <span class='ocrx_word' id='word_1_505' title='bbox 907 4309 983 4358; x_wconf 91' lang='lat' dir='ltr'><strong>esset</strong></span> <span class='ocrx_word' id='word_1_506' title='bbox 1007 4298 1136 4371; x_wconf 89' lang='lat' dir='ltr'><strong>delatus,</strong></span> <span class='ocrx_word' id='word_1_507' title='bbox 1155 4295 1298 4374; x_wconf 87' lang='lat' dir='ltr'><strong>„Postre-</strong></span> 
     </span>
    </p>
   </div>
   <div class='ocr_carea' id='block_1_16' title="bbox 172 4371 1296 4457">
    <p class='ocr_par' dir='ltr' id='par_1_16' title="bbox 172 4371 1296 4457">
     <span class='ocr_line' id='line_1_54' title="bbox 172 4371 1296 4457; baseline -0.004 -21"><span class='ocrx_word' id='word_1_508' title='bbox 172 4391 286 4446; x_wconf 90' lang='lat' dir='ltr'><strong>„mum,</strong></span> <span class='ocrx_word' id='word_1_509' title='bbox 305 4371 443 4452; x_wconf 84' lang='lat' dir='ltr'><strong>inquit,</strong></span> <span class='ocrx_word' id='word_1_510' title='bbox 461 4375 559 4438; x_wconf 87' lang='lat' dir='ltr'><strong>advos</strong></span> <span class='ocrx_word' id='word_1_511' title='bbox 578 4375 697 4454; x_wconf 88' lang='lat' dir='ltr'><strong>accedo,</strong></span> <span class='ocrx_word' id='word_1_512' title='bbox 719 4373 834 4454; x_wconf 81' lang='lat' dir='ltr'><strong>iratres,</strong></span> <span class='ocrx_word' id='word_1_513' title='bbox 853 4395 1001 4456; x_wconf 86' lang='lat' dir='ltr'><strong>nunquam</strong></span> <span class='ocrx_word' id='word_1_514' title='bbox 1020 4373 1142 4457; x_wconf 87' lang='lat' dir='ltr'><strong>posthae</strong></span> <span class='ocrx_word' id='word_1_515' title='bbox 1158 4372 1194 4436; x_wconf 87' lang='lat' dir='ltr'><strong>ad</strong></span> <span class='ocrx_word' id='word_1_516' title='bbox 1211 4391 1296 4434; x_wconf 89' lang='lat' dir='ltr'><strong>men-</strong></span> 
     </span>
    </p>
   </div>
   <div class='ocr_carea' id='block_1_17' title="bbox 0 0 1424 4746">
    <p class='ocr_par' dir='ltr' id='par_1_17' title="bbox 0 0 1424 4746">
     <span class='ocr_line' id='line_1_55' title="bbox 0 0 1424 4746; baseline 0 0"><span class='ocrx_word' id='word_1_517' title='bbox 0 0 1424 4746; x_wconf 95' lang='lat' dir='ltr'><strong> </strong></span> 
     </span>
    </p>
   </div>
  </div>
 </body>
</html>
