2808 4748
302 101 320 136 N

168 233 227 300 tao
378 223 532 292 storto
552 189 605 285 v.
628 191 777 285 Murrus
798 221 871 285 Iesu
891 193 1088 290 neruorum.

128 339 130 346 Ι
167 346 379 470 ἐιιριιιίἰίιιιιι
398 357 531 453 montis,
555 392 655 466 super
684 391 783 459 quem
802 335 913 437 ciditas
934 368 1065 464 illorum
1092 379 1161 464 erat
1187 371 1313 438 aedifi·
1394 401 1395 404 ¹

170 489 255 557 cate,
281 485 317 541 ut
342 477 594 562 praecipitarent
621 481 717 568 euin.⁴
745 474 796 539 30.
827 473 900 560 lpse
928 481 1036 538 autern
1062 473 1220 538 transiens
1241 497 1312 561 per

171 575 313 644 medium
335 597 448 642 eorum
467 573 546 641 ibat.
585 579 604 612 'v
725 584 728 591 ⁴

248 765 296 826 23.
334 753 462 834 Medica}
480 777 554 817 curo
571 770 598 816 te
615 759 726 833 ipsane.
756 755 799 814 Ex
812 754 921 816 Christi
933 753 1030 814 verbis
1043 750 1128 814 facile
1140 753 1309 836 colligitur,
1394 817 1395 824 ,

95 877 99 896 .
173 837 369 928 contemptim
389 835 478 895 luisse
493 834 853 915 exc'eptumaNazaraeis:
874 832 988 913 profert
1008 831 1087 890 enim
1107 831 1139 890 in
1157 836 1305 908 medium,

174 932 248 996 quae
267 911 379 974 screbat
401 911 470 972 illos·
494 933 508 971 a
531 911 603 971 itare
628 910 785 984 inanimis
808 909 875 969 suis.
912 908 1035 968 Deinde
1054 909 1168 989 culpam
1193 911 1225 969 in
1250 931 1309 972 eos
1394 915 1395 970 ἱ

172 989 327 1066 transfert,
354 1010 408 1048 cur
425 987 461 1050 ab
482 1008 498 1048 e
520 987 603 1048 endis
627 988 703 1067 apud
725 1007 776 1046 eos
794 985 943 1056 miraculis
966 985 1122 1061 abstineat,
1150 997 1181 1045 et
1199 983 1307 1047 eorum
1394 991 1395 1014 l

173 1065 312 1128 malitiam
338 1065 487 1147 coarguit,
513 1065 594 1158 quod
612 1063 672 1123 Dei
691 1063 872 1144 Prophetam
896 1059 978 1120 nullo
1000 1060 1114 1122 bonore
1134 1061 1306 1144 dignentur.

176 1143 318 1204 ottectto
359 1163 424 1202 uam
444 1139 671 1222 anticipatrtalis
690 1152 749 1218 est,
777 1160 838 1199 non
863 1159 926 1201 esse
945 1138 1064 1213 mirum,
1088 1139 1112 1197 si
1133 1157 1200 1200 eum
1220 1141 1308 1200 nullo

105 1265 108 1279 .
173 1219 205 1280 in
224 1219 324 1300 pretio
338 1163 471 1286 babeant
489 1218 684 1292 conterranei,
704 1217 794 1309 quum
814 1216 936 1298 patriam
955 1235 1044 1288 snam,
1063 1227 1097 1274 ut
1116 1215 1209 1276 alle‘ua
1228 1213 1310 1296 loca,

172 1295 318 1358 miraculis
338 1317 400 1356 non
420 1294 572 1354 nobilitet:
593 1295 691 1375 itaque
710 1306 814 1354 rustam
835 1313 896 1354 csse
917 1292 990 1352 bane
1009 1291 1163 1366 ultionem,
1182 1293 1308 1354 siasuis

174 1372 321 1446 reiicitur,
343 1393 418 1452 quos
438 1372 559 1452 reliquis
584 1371 719 1432 omnibns
742 1371 907 1451 postponit
944 1369 1012 1428 Huc
1036 1368 1167 1449 pertinet
1186 1369 1310 1452 vulgare

174 1449 385 1532 proverbium,
416 1448 497 1528 quod
521 1449 651 1508 medicus
684 1470 700 1508 a
725 1469 757 1508 se
782 1460 813 1507 ct
838 1447 897 1508 suis
943 1446 1001 1504 rius
1026 1445 1158 1525 incipere
1188 1447 1308 1522 debeat,

174 1531 262 1606 quana
285 1525 419 1605 peritiam
444 1525 565 1586 curandi
588 1527 619 1585 in
645 1524 706 1586 aliis
731 1534 871 1585 ostentet
935 1543 1030 1582 ummo
1053 1521 1230 1582 obiectionis
1250 1537 1307 1599 est,

197 1613 368 1682 raepostere
391 1601 487 1662 lacere
514 1601 680 1677 Christum,
707 1601 757 1682 qui
780 1601 848 1660 alias
874 1597 1023 1659 Galilaeae
1046 1599 1134 1660 urbes
1158 1599 1309 1663 miraculis

116 1703 122 1713 ’
174 1625 321 1738 illustrans
341 1674 453 1737 nullum
472 1678 579 1740 babeat
597 1680 708 1760 patriae
726 1697 797 1758 suae
815 1689 989 1758 respectum.
1027 1675 1127 1756 litque
1153 1675 1225 1736 boec
1244 1677 1307 1738 Na-

177 1755 285 1816 ucratis
306 1753 430 1816 honesta
448 1739 602 1816 videbatur
622 1757 782 1829 excusatio,
801 1775 855 1814 cur
875 1772 941 1813 eum
960 1752 1086 1815 vicissim
1105 1765 1287 1833 respuerent.

253 1837 302 1896 24.
339 1832 440 1891 Amen
457 1831 522 1894 dico
540 1829 626 1891 vobis.
664 1831 777 1893 Eorum
796 1830 882 1910 eulpa
901 1829 965 1889 fieri
984 1829 1152 1909 exprobrat,
1172 1849 1210 1887 ne
1229 1831 1308 1910 apud
1394 1853 1395 1860 ¹

172 1925 241 1982 eos,
254 1908 334 1968 ¹elcut
354 1907 435 1982 alibi,
455 1921 566 1976 exserat
584 1929 662 1968 suam
682 1907 820 1968 virtutem
834 1907 866 1966 in
884 1904 1043 1966 miraculis:
1063 1905 1215 1968 bominum
1227 1907 1307 1968 eninr

94 2056 95 2067 χ
176 1983 363 2050 incredulitas
387 1986 498 2046 aditum
523 1985 649 2046 obstruit
673 1984 758 2059 Deo,
788 2003 827 2042 ne
858 1995 999 2065 operetur
1027 1983 1114 2042 sicuti
1143 1984 1307 2062 optandum

177 2073 254 2123 esset
277 2062 308 2122 in
328 2083 431 2122 eorum
450 2060 712 2142 salutem(Mattb.
732 2067 786 2137 13,
805 2065 851 2130 58.
890 2062 981 2120 Marc.
1000 2067 1037 2136 6,
1056 2066 1105 2137 5.),
1143 2054 1308 2142 Propterea

177 2159 241 2198 non
283 2138 471 2200 oteratlesus
488 2139 604 2222 signum
623 2139 716 2218 ullum
734 2140 812 2218 apud
832 2159 883 2198 eos
903 2138 1002 2212 edere,
1021 2139 1088 2217 quia
1108 2136 1138 2195 in
1159 2152 1224 2199 eum
1237 2142 1308 2198 bon

177 2159 349 2277 credebant.
386 2216 457 2276 Non
477 2214 557 2297 quod
576 2216 608 2274 in
628 2214 782 2278 bominum
800 2215 921 2276 arbitrio
941 2215 988 2290 sit,
1006 2211 1099 2294 ligare
1118 2208 1176 2274 Ilei
1195 2233 1308 2292 manus,

176 2292 228 2370 sed
250 2293 330 2373 quod
350 2309 474 2374 operum
499 2314 620 2354 suorum
639 2293 737 2355 fructu
761 2291 946 2374 privat,¹qui
971 2311 1024 2370 per
1048 2288 1250 2367 infidelitatem
1274 2312 1306 2352 se
1394 2357 1395 2374 χ

178 2368 479 2466 indignosreddnnt
535 2369 665 2430 Perinde
689 2372 780 2454 igitur
802 2370 881 2431 valet
905 2367 1078 2448 responsio,
1105 2367 1164 2426 acsi
1192 2367 1308 2428 dixisset
1394 2383 1395 2434 1

180 2440 326 2522 Christus,
345 2448 379 2509 Si
398 2444 608 2508 miraculorum
628 2445 713 2509 vultis
734 2467 796 2508 esse
815 2447 983 2528 participes,
1003 2443 1134 2504 curDeo
1153 2457 1216 2504 oon
1237 2445 1307 2506 datis
1394 2467 1395 2496 1

112 2541 125 2576 ί
149 2533 159 2548 ‘
178 2522 298 2585 locum?
317 2525 378 2585 imo
398 2547 452 2585 cur
469 2523 633 2586 ministrum
652 2525 805 2604 potentiae
826 2525 886 2584 eius
906 2520 1032 2604 superbe
1050 2520 1189 2580 reiicitis?
1208 2521 1308 2582 Habe·
1394 2569 1395 2574 .

150 2661 153 2672 ,
178 2601 217 2661 tis
237 2621 310 2684 ergo
330 2602 433 2661 iustam
454 2613 637 2681 contemptus
651 2604 740 2663 vostri
753 2602 929 2674 mercedem,
946 2597 1025 2680 quod
1044 2597 1127 2660 vobis
1146 2600 1308 2691 praeteritis
1394 2601 1395 2656 i

91 2738 98 2748 ,
179 2675 251 2736 alibi
268 2678 369 2760 potius
389 2677 536 2737 miraculis
555 2678 697 2754 ostendo,
716 2698 764 2738 me
784 2698 847 2738 esse
865 2678 998 2736 Messium
1018 2673 1091 2749 Dei,
1110 2695 1157 2734 eur
1176 2675 1309 2737 mandata

181 2763 226 2813 est
244 2752 396 2812 Ecclesiae
425 2753 583 2813 restitutio.
622 2754 661 2812 Et
691 2765 772 2813 certe
802 2753 853 2813 illa
881 2751 1063 2834 ingratitudo
1096 2763 1159 2810 erat
1188 2751 1308 2814 minime

181 2827 319 2902 terenda,
346 2815 444 2908 quod,
470 2850 560 2908 quum
577 2827 660 2888 Deus
680 2831 786 2889 Filium
798 2851 894 2889 ‘suum
916 2825 1033 2888 educari
1051 2826 1189 2888 voluisset
1206 2831 1238 2888 in
1257 2849 1309 2888 eo-

180 2925 247 2966 rum
267 2905 358 2981 urbe,
383 2905 472 2972 talem
491 2905 639 2967 alumnum
658 2905 844 2984 spernebant.
885 2905 987 2980 Quare
1010 2925 1129 2963 manum
1146 2913 1227 2965 suain
1246 2905 1309 2966 iure
1394 2943 1395 2950 ι

180 2981 469 3056 intereuntem
488 2981 717 3058 ludibrmaesset
736 2994 794 3042 tam
818 2983 913 3062 impiis
933 2981 1195 3060 contemptoribus.
1234 2983 1310 3044 Cae·
1394 3017 1395 3020 ι

179 3070 277 3119 terum
297 3058 366 3119 binc
384 3061 537 3134 discimus,
564 3058 666 3138 quanti
691 3060 778 3127 faciat
797 3059 942 3120 Dominus
961 3059 1083 3122 verbnm
1107 3081 1208 3134 suurn,
1232 3063 1308 3138 quia,
1394 3089 1395 3110 ι

81 3193 86 3206 ,
181 3146 216 3194 nt
240 3134 278 3194 de
302 3137 364 3196 eius
389 3147 562 3216 contemptu
587 3147 713 3216 poenam
738 3148 847 3210 sumat,
880 3138 1001 3218 gratias,
1031 3155 1106 3214 quae
1128 3138 1308 3214 praesentiae
1394 3161 1395 3168 ¹

182 3211 245 3272 eius
263 3213 434 3274 testimonia
453 3226 531 3289 sunt,
552 3233 568 3276 e
587 3211 686 3273 medio
705 3214 792 3275 tollit.
817 3214 971 3290 Quantum
984 3212 1019 3275 ad
1032 3213 1205 3273 sententiam
1217 3214 1309 3292 istam,

110 3324 112 3334 ·
184 3285 277 3362 Quod
297 3287 446 3369 Propheta
467 3289 611 3350 honorem
632 3290 817 3351 nonhabeat
836 3292 912 3372 apud
932 3312 1018 3366 suos,
1042 3289 1159 3352 videant
1183 3290 1308 3355 lectores
1394 3325 1395 3350 r

182 3384 259 3446 quae
278 3365 398 3426 diximus
418 3378 523 3446 quarto
535 3367 665 3432 ,loannis
685 3370 780 3449 capite
800 3369 876 3429 circa
894 3369 993 3428 linem.
1394 3359 1395 3384 ¹

236 3447 307 3512 .·25.
345 3441 465 3503 Multae
487 3441 590 3505 viduae
613 3459 705 3505 mant.
743 3446 903 3539 Postquam
927 3435 959 3506 in
984 3465 1035 3505 eos
1067 3442 1180 3526 culpam
1210 3445 1310 3506 reiecit

184 3516 332 3594 Christus,
353 3519 435 3598 quod
455 3519 685 3582 destituerentur
702 3523 858 3598 miraculis,
877 3524 934 3583 iam
956 3520 1070 3584 duobus
1090 3521 1227 3604 exemplis
1242 3544 1310 3606 pro·

182 3593 244 3679 bat,
263 3615 327 3656 non
347 3595 456 3662 debere
475 3598 569 3658 videri
587 3598 755 3675 absurdum,
774 3599 889 3660 siDeus
909 3599 1020 3660 alienos
1041 3599 1207 3662 domesticis
1226 3619 1310 3684 prae·
1394 3613 1395 3676 t

182 3669 271 3746 ierat,
292 3684 323 3732 et
341 3670 397 3734 sibi
416 3672 585 3739 ritio'verti
605 3695 667 3736 non
688 3678 808 3754 debere,
827 3678 852 3738 si
871 3677 929 3737 Dei
947 3671 1096 3738 vocationi
1117 3676 1309 3759 obtemperet,
1394 3741 1395 3752 ,

191 3749 432 3826 ‚uamadmodum
451 3751 523 3811 olim
543 3753 620 3812 Elias
642 3767 672 3814 et
690 3754 830 3814 Elisaens.
871 3753 1001 3834 Oblique
1021 3765 1118 3814 autem
1137 3777 1239 3816 ranam
1256 3775 1309 3824 ,eo-
1394 3755 1395 3792 7

251 3826 476 3896 „confidentiam
503 3831 688 3912 perstringit,
714 3831 796 3913 quod
819 3831 914 3912 ipsum
937 3829 1047 3890 babere
1072 3830 1129 3891 sibi
1153 3827 1309 3894 obnoxium

182 3899 313 3978 velent,
343 3903 411 3983 quia
437 3905 533 3965 fuerat
558 3909 635 3986 apud
660 3928 711 3969 eos
738 3907 886 3970 educatus.
931 3907 1003 3982 Quo
1027 3920 1176 4001 tempore,
1207 3909 1309 3990 inquit,
1394 3951 1395 3970 i

184 3989 312 4060 grassata
332 3992 376 4041 est
396 3981 485 4042 fames
504 4003 559 4061 per
578 3983 650 4046 duos
670 4005 762 4046 annos
784 3997 813 4045 et
832 3985 940 4065 sesqui,
958 3983 1067 4045 multae
1086 4007 1117 4045 m
1136 3985 1310 4050 terralsrael

183 4054 298 4132 viduae
312 4070 412 4133 erant,
432 4081 554 4138 quarum
578 4061 693 4123 inediae
720 4061 875 4123 subvenire
895 4082 957 4122 noo
980 4063 1073 4123 iussus
1098 4068 1142 4123 e'st
1164 4063 1310 4142 Propheta

183 4129 280 4209 Elias,
299 4133 362 4194 sed‘
376 4136 478 4199 missus
503 4149 547 4196 est
573 4137 609 4197 ad
633 4138 789 4200 mulierem
814 4140 1007 4222 alienigenam
1031 4139 1150 4203 ditionis
1174 4140 1310 4200 Sidoniae

110 4285 112 4291 ,
183 4203 223 4280 (L
243 4207 317 4291 Reg·
338 4216 386 4289 17,
406 4217 456 4292 9.).
496 4211 637 4275 Similiter
655 4215 789 4278 Elisaeus
809 4217 906 4295 nullos
932 4238 967 4276 ex
985 4215 1042 4277 suis
1063 4214 1309 4296 popularibus'le-

184 4289 289 4358 prosos
314 4289 441 4366 curavit,
467 4292 519 4353 sed
543 4293 673 4354 Naaman
697 4294 849 4354 bominem
876 4275 982 4377 Syrurb
1005 4292 1061 4372 (ΙΙ.
1086 4293 1160 4376 lieg.
1185 4300 1223 4370 5,
1247 4297 1310 4367 ib)-
1392 4317 1393 4320 ¹

188 4351 364 4438 Quanquam
394 4380 491 4432 autem
507 4370 711 4452 -pecnliariter
734 4372 899 4436 Nazaraeos
923 4367 1075 4450 vulnerat,
1106 4369 1309 4436 simultantes
