2824 4756
203 234 243 312 ll
393 239 544 308 SECTIO
559 209 621 322 ,tlt
658 238 733 300 Iaso
752 243 899 300 saratas
917 247 959 298 ar
978 242 1144 298 marnam.

204 381 393 448 iureiurando
421 386 625 467 promiserint,
640 401 685 446 ‘se
711 375 881 446 Beniamltis
910 379 1020 442 nullam
1049 379 1165 440 daturos
1193 395 1325 460 atrorem.

77 537 81 544 Ι
206 463 240 522 Si
266 463 322 524 boc
340 459 421 545 Lege
445 465 655 543 praescriptum
674 457 765 536 esset,
794 460 944 540 inquiunt,
969 455 1143 550 ¹nihil'epus
1162 461 1327 514 erat‘nova
1406 497 1407 508 ,

101 546 107 564 ’
206 541 369 602 sanctione.
406 539 431 598 E
455 562 471 600 o
492 552 590 600 autem
608 538 789 618 respondeo,
808 557 963 618 perperam
983 546 1013 594 et
1031 535 1133 594 inserte
1152 531 1210 591 hoc
1231 542 1326 590 extrao

207 607 394 676 ordinarium
415 561 452 677 ab
483 616 538 676 illis
567 618 598 674 in
625 634 808 674 communem
832 613 962 694 regulam
986 609 1075 670 trabi:
1106 607 1221 669 necesse
1245 607 1327 666 enim

208 705 288 766 erat,
309 693 401 752 excisa
427 707 483 752 una
503 693 597 765 tribu,
616 691 751 749 mutilum
770 690 834 748 fieri
856 689 958 769 populi
978 709 1098 766 corpus,
1124 684 1179 744 nisi
1199 684 1255 743 alio
1275 703 1326 741 re·
1398 759 1402 764 .

205 768 304 828 medio
334 769 507 829 subventum
535 767 652 826 ultimae
676 766 840 825 necessitati
873 765 959 824 loret.
1006 765 1075 823 Non
1101 774 1144 822 est
1166 761 1256 842 igitur
1280 759 1334 818 lex·

207 845 368 906 communis
399 844 447 906 hic
474 843 640 924 spectanda.
693 841 847 903 Obiieiunt
875 853 1038 922 praeterea,
1067 841 1189 900 Mariam
1215 836 1328 898 Christi

121 977 123 998 ,
206 935 329 996 matrem
349 933 503 1014 cognatam
522 920 609 980 fuisse
627 918 792 993 Elisabeth,
811 940 898 998 quum
921 917 1002 1052 prius
1019 927 1140 978 testatus
1160 924 1203 973 est
1220 915 1326 986 Lucas,

204 999 293 1058 fuisse
314 1019 348 1058 ex
366 998 478 1058 filiabus
498 996 610 1057 Aaron.
649 996 706 1054 Hie
726 1015 843 1074 quoque
864 994 919 1054 laci
932 993 954 1054 is
975 1005 1019 1054 est
1038 990 1201 1072 responsio,
1219 989 1336 1071 puellis·

208 1093 244 1134 ex
267 1074 347 1133 tribu
366 1074 438 1134 Iuda
456 1071 503 1134 rel
522 1070 575 1131 alia
595 1071 727 1150 qualibet
745 1072 857 1130 licitum
876 1071 974 1147 luisse,
994 1069 1145 1130 abnubere
1165 1066 1326 1138 intributb

206 1149 430 1212 sacerdotalem:
452 1149 599 1228 quianon
619 1147 863 1228 impertiebantur
882 1148 969 1222 ratio,
989 1167 1062 1225 quae
1082 1146 1111 1207 in
1129 1146 1210 1225 Lege
1228 1142 1327 1223 expri-
1363 1179 1370 1190 ·

205 1229 306 1300 mitur,
326 1245 363 1286 ne
382 1224 493 1286 scilicet
511 1224 617 1284 mulier
636 1224 846 1294 haereditatem
863 1245 943 1285 suam
963 1223 1020 1284 alio
1042 1223 1181 1301 quemad
1199 1219 1332 1279 tribules·

206 1309 274 1372 suos
294 1303 471 1363 transferret
510 1299 560 1360 Sic
580 1310 698 1360 uxorem
719 1300 849 1378 Ioiadae,
868 1300 971 1360 summi
989 1299 1259 1374 sacerdotis„sacra
1278 1295 1326 1353 bi-

205 1380 294 1440 storia
314 1395 347 1437 ex
366 1379 449 1458 regio
470 1396 579 1458 genere
599 1389 693 1437 ortam
712 1376 800 1438 luisse
819 1389 917 1436 narrat
936 1377 972 1448 (Ι.
991 1375 1084 1436 Parel.
1104 1381 1151 1450 12,
1172 1377 1239 1449 21.).
1268 1372 1327 1433 Ni·
1371 1435 1378 1448 ‚

204 1455 248 1526 bil
274 1473 344 1532 ergo
364 1457 469 1530 mirum
488 1453 535 1516 vel
553 1453 721 1526 insolitum,
746 1454 772 1514 'si
789 1465 883 1514 mater
900 1452 1049 1514 Elisabeth
1068 1451 1181 1513 elocuta
1200 1450 1255 1510 fuit
1278 1471 1327 1516 sa·

206 1531 328 1600 cerdoti.
368 1531 483 1610 Siquis
510 1529 582 1590 haec
607 1530 648 1607 ad¹
667 1531 784 1610 plenam
812 1529 1016 1590 certitudinem
1040 1527 1135 1588 valere
1159 1538 1261 1610 neget,
1291 1537 1327 1584 ut
1406 1559 1407 1574 r

205 1617 332 1671 statuere
351 1607 447 1682 liceat,
466 1606 588 1667 Mariam
607 1605 694 1667 fnisse
712 1605 850 1667 tribulem
866 1605 988 1686 ioseph,
1008 1607 1074 1686 quia
1094 1605 1148 1662 suit
1161 1605 1221 1665 eius
1241 1623 1326 1676 uxor,

206 1683 343 1764 e'quidem
363 1683 512 1756 concedo,
537 1704 598 1742 non
618 1683 788 1764 simpliciter
806 1683 836 1742 id
856 1683 976 1763 probari
997 1703 1030 1740 ex
1049 1680 1140 1757 nuda,
1155 1679 1258 1758 'qualis
1277 1677 1325 1737 bic

204 1760 323 1841 legitur,
344 1761 522 1834 narratione,
541 1760 594 1820 nisi
610 1758 681 1820 aliae
692 1761 925 1844 circumstantiae
941 1757 1132 1819 'accederent'
1162 1757 1220 1816 Sed
1227 1759 1326 1831 primo

204 1839 366 1897 notandum
389 1849 449 1912 est,
475 1835 671 1916 Evangelistas
692 1837 728 1895 de
753 1836 842 1896 rebus
860 1857 910 1896 sua
931 1847 1023 1896 aetate
1040 1835 1131 1916 'notis¹
1149 1833 1241 1912 loqui.
1278 1834 1326 1892 Ita
1360 1838 1369 1854 '

206 1936 296 1993 quum
316 1934 407 1994 genus
427 1911 533 1991 loseph
554 1933 645 1991 usque
665 1913 704 1972 ad*
713 1909 853 1972 Davidem
873 1924 1039 1988 contextum
1054 1923 1137 1984 esset,
1157 1922 1326 1991 promptum

206 1991 296 2050 cuivis
322 1991 391 2064 suit,
421 1990 531 2050 Mariae
558 2009 649 2070 genus
674 1989 742 2048 inde
768 1989 886 2048 elicere.
933 1989 997 2050 Nec
1021 1987 1140 2047 dubium
1166 1997 1223 2062 est,
1254 1987 1326 2066 quin

203 2067 408 2148 Evangelistae
437 2064 549 2147 vulgari
577 2065 685 2125 saeculi
709 2065 754 2127 sui
785 2066 890 2126 notitia
910 2065 979 2124 freti
1008 2065 1077 2124 ideo
1101 2065 1195 2123 minus
1218 2063 1326 2124 curiosi
1399 2126 1402 2135 ,

205 2143 325 2222 fuerint.
362 2143 436 2204 Nam
457 2142 480 2204 si
507 2141 988 2222 quisdubitaret,nondiffieilis
1012 2163 1068 2202 nec
1092 2140 1180 2220 longa
1200 2153 1261 2200 erat
1279 2141 1326 2202 in·
1400 2138 1402 2150 '

199 2221 334 2300 quisine.
371 2220 420 2279 Ad
439 2219 510 2278 baec
530 2238 584 2298 pro
605 2220 740 2280 confesso
760 2229 946 2298 sumpserunt
956 2219 1075 2298 Ioseph,
1095 2238 1182 2297 quum
1192 2217 1237 2277 vir
1247 2229 1325 2298 'pro-

204 2299 260 2358 bus
280 2309 355 2358 essct
375 2319 407 2357 ac
426 2295 585 2369 modestus,
601 2317 720 2356 uxorem
740 2315 775 2362 ex
788 2295 876 2388 Legis
895 2297 1074 2376 praescripto
1095 2317 1155 2354 non
1168 2293 1222 2354 nisi
1243 2313 1259 2352 e
1280 2293 1325 2352 sn-¹
1405 2335 1407 2356 t

203 2374 284 2435 m'ilia
309 2391 359 2435 sua
384 2373 504 2432 duxisse.
535 2371 730 2452 'Quanquam
761 2392 799 2431 ne
830 2374 879 2433 1lla
904 2373 1020 2452 quidem
1045 2373 1089 2430 lex
1109 2371 1269 2432 communis
1288 2369 1326 2429 ad

123 2497 128 2506 .
203 2451 317 2534 regium
342 2451 451 2520 Mariae
481 2468 573 2531 genus
601 2449 786 2530 probandum
816 2448 1108 2528 sufficeret:‘potuit
1132 2451 1208 2508 enim
1231 2447 1326 2506 Maria
1352 2489 1361 2500 .
1406 2463 1407 2466 ¹

136 2573 138 2580 ,
183 2582 186 2590 ,
205 2549 240 2588 ex
263 2529 343 2589 tribu
367 2527 440 2587 Iuda
464 2527 619 2608 progenita
641 2541 712 2602 esse,
732 2538 765 2585 ut
784 2537 881 2586 tamen
902 2547 963 2585 non
977 2524 1166 2584 descenderet
1183 2546 1217 2584 eu
1234 2525 1326 2603 stirpe

203 2606 334 2668 Davidis.
372 2604 476 2694 Itaque
495 2608 537 2662 sic
557 2605 719 2678 constituo,
745 2603 944 2686 Evangelistas
961 2602 1084 2737 piorum
1099 2601 1253 2660 ¹rationem
1273 2599 1325 2658 ha-

191 2683 318 2754 buisse,
347 2701 397 2758 qur
425 2700 486 2737 non
519 2681 706 2738 contentiose
733 2677 896 2760 litigarent,
926 2699 957 2738 se
1006 2678 1037 2736 in
1068 2698 1191 2757 persona
1214 2675 1326 2757 Ioseph

204 2765 399 2838 agnoscerent
417 2754 525 2812 Mariae
544 2773 648 2888 genus,
668 2756 838 2834 praesertim
859 2776 961 2833 quum,
976 2765 1009 2825 ut
1028 2747 1122 2834 n'uper
1138 2755 1267 2828 diximus,
1287 2774 1326 2814 eo

204 2830 321 2893 saeculo
341 2830 471 2889 -minime
503 2829 541 2888 du
565 2829 589 2888 ia
621 2845 704 2890 esset.
740 2831 875 2890 ¹Poterat
903 2842 1000 2890 autem
1023 2830 1115 2890 videri
1143 2823 1328 2908 incredibile,
1406 2857 1407 2868 2

205 2905 400 2990 pauperculos
427 2907 499 2965 istos
527 2918 556 2964 et
575 2905 727 2985 despectos
753 2905 894 2987 coniuges
914 2919 975 2966 esse
997 2928 1030 2966 ex
1052 2907 1175 2986 posteris
1194 2907 1327 2982 Davidis,

197 2996 236 3044 'et
255 2985 367 3065 regium
387 2981 458 3041 illud
477 3000 587 3055 semen,
607 3002 641 3040 ex
660 2999 719 3062 quo
740 2982 867 3046 oriturus
888 2993 950 3042 erat
968 2984 1158 3062 Redemptor.
1195 2983 1282 3044 Nune
1301 2985 1342 3045 si-

228 3060 270 3119 uis
291 3071 395 3150 roget,
416 3079 452 3118 an
472 3059 660 3140 genealogia,
681 3057 772 3137 qualis
791 3080 808 3117 a
828 3059 975 3119 Matthaeo
989 3071 1026 3119 et
1043 3061 1122 3119 Luca
1143 3060 1327 3136 describitur,
1406 3075 1407 3080 ’

203 3083 280 3196 blare
306 3148 337 3204 et
361 3135 423 3195 sine
448 3136 645 3195 controversia
670 3135 866 3216 demonstret,
890 3137 1008 3196 Mariam
1034 3138 1180 3216 exstirpe
1205 3136 1326 3198 Davidis

202 3213 348 3294 originem
369 3212 489 3285 duxisse,
510 3213 606 3270 fateor
623 3211 653 3270 id
673 3225 732 3271 non
753 3207 839 3292 posse
854 3223 935 3273 certo
952 3213 1070 3295 colligis
1084 3213 1134 3273 sed
1146 3235 1235 3292 quum
1253 3223 1326 3273 tune

202 3309 265 3349 non
287 3289 410 3349 obscura
431 3299 506 3347 esset
525 3287 633 3346 Mariae
654 3299 684 3346 ct
702 3287 811 3370 Ioseph
832 3285 978 3372 cognatio,
998 3288 1198 3372 Evangelistae
1217 3289 1272 3349 hac
1292 3289 1325 3349 in

202 3376 287 3446 parte
318 3365 408 3444 magis
439 3365 534 3424 securi
567 3364 693 3425 luerunt.
742 3365 860 3426 Interea
884 3369 1066 3448 propositum
1092 3365 1234 3428 ambobus
1258 3365 1326 3440 luit,

107 3451 109 3462 '
203 3440 416 3501 offendiculum
441 3440 564 3514 tollere,
593 3443 671 3533 quod
695 3441 864 3522 ignobilitas
891 3454 921 3501 et
946 3435 1130 3524 contemptus
1166 3454 1196 3502 et
1224 3443 1326 3525 inopia
1380 3497 1407 3506 ,,

202 3529 263 3578 tam
289 3515 399 3598 loseph
425 3539 509 3596 quam
535 3516 643 3577 Merrae
673 3518 819 3598 pariebat,
871 3519 1007 3580 eominus
1031 3519 1061 3577 in
1089 3518 1325 3598 illis‘quicquam

201 3594 316 3676 reglum
340 3605 440 3673 posset
458 3597 584 3674 agnosci.
611 3593 724 3653 ,Porro
745 3596 824 3673 quod
877 3597 954 3654 ariae
973 3615 1065 3677 genus
1086 3616 1100 3654 a
1120 3597 1200 3655 Luca
1219 3595 1325 3656 referri

181 3671 317 3752 ‚fingunt
336 3671 494 3750 praeterito
515 3669 648 3750 Iosepb‚‘
664 3672 693 3730 id
719 3671 800 3730 nullo
826 3691 862 3731 ne
886 3673 948 3731 otio
973 3670 1124 3731 refellitur.
1169 3671 1220 3730 Sic
1245 3672 1324 3730 enim

202 3749 238 3810 ad
258 3745 381 3816 verbum
400 3745 516 3820 scribit,
542 3747 726 3808 Censebatur
745 3747 825 3808 Iesus
850 3691 924 3810 filius
943 3747 1067 3830 loseph,
1091 3748 1144 3806 filii
1164 3747 1248 3821 Heli,
1273 3747 1325 3806 lilii

201 3821 343 3932 lllbgtbat,
366 3833 420 3881 ete.
462 3820 551 3882 Certe
572 3844 627 3882 nee
654 3836 776 3914 patrem,
796 3844 850 3882 nec
871 3847 954 3885 avum
975 3821 1087 3891 Christi
1104 3835 1324 3900 commemorat,

201 3899 254 3961 s'b'd'
271 3897 380 3960 'diserte
401 3899 521 3981 exponit
540 3919 712 3980 progeniem
731 3900 819 3981 ipsius
839 3899 955 3980 loseph.
996 3902 1058 3961 Nec
1082 3909 1129 3960 me
1153 3900 1239 3975 latet,
1265 3921 1324 3978 quo

142 3986 144 3999 ¹
200 3997 344 4056 responso
364 3975 476 4034 nodum
494 3974 573 4034 hune
593 3975 706 4036 solvere
727 3989 883 4037 conentur:
909 3979 999 4054 filium
1025 3978 1102 4038 enirn
1127 3977 1194 4037 loco
1220 3975 1325 4058 generi

201 4055 330 4184 positum
350 4071 412 4110 esse
427 4051 550 4126 dicunt,
571 4065 658 4129 atque
678 4054 717 4113 ita
737 4053 844 4134 Ioseph
864 4053 953 4116 filium
974 4053 1041 4112 Heli
1060 4054 1157 4114 vocari
1177 4053 1325 4133 interpre-

217 4141 316 4202 antur,
348 4127 398 4207 qui
418 4128 478 4188 eius
497 4127 584 4187 filiam
603 4129 726 4190 baberet
744 4149 872 4191 uxorem.
916 4131 1007 4208 Atqui
1033 4151 1088 4190 nec
1113 4152 1178 4192 cum
1202 4141 1324 4194 naturae

202 4203 306 4262 ordine
330 4203 388 4269 boc
420 4216 649 4264 consentaneum
674 4218 731 4282 est,
761 4229 818 4266 nee
847 4204 905 4266 tale
930 4204 1090 4286 exemplum
1117 4209 1148 4270 in
1172 4207 1325 4286 Scriptura

132 4288 133 4296 ’
196 4297 322 4367 ὐεᾳιξειηι
341 4279 459 4360 legitur.
504 4281 566 4342 Iam
589 4282 613 4344 si
637 4303 654 4342 a
674 4283 784 4359 Mariae¹
808 4283 981 4367 genealogia
1006 4280 1168 4352 excluditur
1191 4283 1324 4358 Salomo,

203 4350 338 4419 Christus
352 4373 430 4418 esse
452 4357 586 4425 Christus
602 4359 731 4425 ¹desinet.
780 4358 931 4445 Quicquid
961 4360 1039 4423 enim
1064 4357 1100 4422 de
1118 4360 1187 4422 eius
1212 4377 1324 4444 genere
