2786 4742
214 203 275 272 ως
369 216 378 231 ⁸
511 137 703 290 'senno
722 191 791 254 vn.
829 192 1013 264 Μιιιιιιιιιι

218 345 403 436 congregati
428 351 503 444 sunt
522 339 628 421 multi,
656 340 741 408 adeo
761 351 798 406 nt
817 340 880 414 iem
900 363 969 408 non
989 346 1141 427 caperent
1163 352 1236 418 eos,
1256 358 1352 424 quae

116 485 119 493 ·
219 455 303 517 eirea
320 437 449 512 ienuam
468 453 560 510 erant
580 442 662 520 loca,
680 451 714 508 et
734 439 979 529 loquebatur'
950 464 997 508 ers
1018 460 1206 506 sermonem.
1249 439 1370 503 3.Ει

216 553 353 618 veniunt
376 545 512 610 adeum
537 541 680 609 larautes
700 541 929 628 paralyticum,
957 544 1013 630 qui
1035 564 1053 607 a
1074 550 1214 628 quatuor
1234 549 1348 626 porta-

217 649 321 719 batur.
372 645 403 712 4.
434 643 477 710 Et
504 665 600 730 quum
634 664 703 709 non
729 654 863 729 possent
896 648 1155 732 appropinquare
1182 639 1235 735 illi
1264 661 1345 724 prae

217 747 323 828 tbrba,
339 745 544 813 nudaverunt
563 753 680 808 tectum
693 744 828 825 aedium,
846 747 882 810 iu
894 744 1010 832 quibus
1031 752 1110 823 erat,
1128 741 1345 829 perfossoque

174 845 178 870 ¹
218 861 306 920 teoto
336 847 506 913 demittunt
532 841 735 930 grabbatum,
762 847 797 910 iu
819 867 884 932 quo
912 845 1108 932 paralyticus
1135 840 1274 918 iacebat.
1317 841 1370 903 ιιι

221 955 332 1040 Quum
360 959 466 1014 autem
491 943 624 1010 vidisset
654 945 743 1010 lesus
766 943 867 1011 fidem
893 946 1038 1024 illorum,
1074 945 1119 1009 ait
1151 941 1342 1030 paralytico,

210 1053 294 1132 Fili,
312 1050 517 1118 remittuntur
536 1044 596 1109 tibi
616 1055 748 1132 peccate
769 1055 833 1111 tua.
881 1048 911 1112 6.
935 1047 1037 1112 Erant
1057 1056 1161 1120 autem
1182 1041 1252 1108 illie
1276 1042 1341 1127 qoi-

221 1156 296 1222 dem
325 1144 483 1217 eSeribis
509 1145 674 1225 sedentes,
692 1155 725 1211 et
754 1152 930 1234 cogitantes
951 1149 986 1212 in
1012 1145 1165 1212 cordibus
1192 1147 1274 1222 suis,
1316 1142 1342 1204 7.
1369 1149 1370 1162 ³

222 1253 314 1342 Quid
341 1249 466 1314 bissis
492 1243 637 1334 loquitur
661 1245 896 1334 blasphemias?
939 1250 1010 1334 quis
1041 1254 1149 1334 potest
1178 1244 1368 1308 remittere

220 1361 369 1444 peecata,
395 1350 457 1415 nisi
478 1345 568 1413 solus
582 1345 697 1416 Dens?
738 1351 768 1416 8.
794 1349 837 1414 Et
857 1351 1003 1435 protinus
1023 1370 1121 1436 quum
1141 1345 1343 1441 cognovisset

187 1493 193 1508 ι
220 1459 311 1523 lesus
332 1451 455 1536 Spiritu
475 1453 551 1528 suo,
589 1448 679 1536 quod
707 1451 755 1514 sio
781 1453 959 1536 cogitarent
976 1453 1060 1516 intra
1085 1468 1134 1526 se,
1172 1443 1252 1509 dixit
1270 1442 1341 1520 illis,

223 1553 315 1644 Quid
333 1556 396 1618 ista
417 1551 598 1638 cogitatis
588 1572 623 1616 ιιι
644 1543 799 1616 cordibus
819 1553 952 1616 vestrisi
938 1551 1024 1616 19.
1048 1549 1161 1614 Utrum
1189 1555 1239 1612 est
1267 1545 1340 1609 faei-

49 1728 53 1737 ,
109 1705 116 1728 ,
220 1656 301 1732 11ιιι,
322 1651 431 1717 dicere
451 1648 649 1737 paralytico,
675 1652 893 1717 Remittuntur
910 1651 970 1718 tibi
990 1659 1138 1736 peccate:
1163 1669 1206 1714 an
1222 1645 1340 1722 dicere,

50 1744 59 1761 ‘¹
220 1757 340 1840 sruge,
361 1762 394 1818 et
414 1749 496 1818 tolle
518 1749 707 1837 grabbatum
727 1763 833 1829 tuum,
860 1762 893 1816 et
913 1749 1060 1820 ambula?
1100 1750 1150 1816 10.
1171 1749 1218 1814 Ut
1240 1757 1337 1812 autem

222 1857 344 1933 sciatis,
372 1851 461 1940 qnod
481 1851 585 1916 Filius
612 1851 767 1924 hominis
776 1849 877 1917 habet
903 1860 1093 1938 potestatem
1118 1851 1152 1916 in
1178 1857 1266 1914 terra
1295 1871 1337 1912 re·

221 1951 371 2022 mittendi
392 1960 533 2037 peccata,
553 1952 630 2031 (ait
632 1949 831 2037 paralytico)
873 1949 923 2018 11.
943 1951 1021 2017 Tibi
1041 1952 1121 2030 dico,
1141 1971 1246 2038 surge,
1264 1947 1338 2016 tolle

223 2047 414 2142 grabbatum
435 2063 532 2130 tuum,
555 2060 587 2116 et
607 2049 690 2116 abi'
680 2071 716 2118 ιιι
729 2051 867 2117 domum
888 2063 984 2119 tuam.
1024 2052 1073 2118 12.
1093 2053 1135 2117 Et
1154 2055 1259 2118 statim
1278 2073 1338 2116 sur

222 2157 313 2234 rexit,
333 2151 527 2240 sublatoque
549 2149 706 2238 grabbato
728 2171 874 2239 egressus
896 2157 971 2218 est
962 2175 997 2220 ιιι
1012 2151 1184 2238 conspectu
1197 2155 1336 2228 omnium,

224 2255 310 2322 adeo
331 2263 368 2320 ut
387 2262 609 2340 stupescerent
630 2275 753 2332 omnes,
774 2263 807 2322 et
825 2253 1044 2341 glorificarent
1058 2253 1173 2354 Deum,
1194 2253 1370 2341 dieentes,
1369 2281 1370 2284 ¹

224 2358 402 2445 Nunquam
423 2359 470 2421 sio
491 2355 638 2421 vidimus

307 2489 410 2558 LUC.
429 2490 477 2556 V.
513 2489 565 2556 17.
585 2489 664 2556 Etf
663 2500 766 2556 aetum
788 2499 837 2555 est
857 2488 996 2577 quodam
1015 2487 1084 2568 die,
1106 2497 1139 2552 et
1158 2488 1228 2575 ipse
1250 2433 1370 2556 docel

224 2595 296 2661 bat:
318 2602 474 2678 erantque
495 2591 660 2656 Pharisaei
679 2593 830 2657 sedentes
852 2611 890 2656 ao
910 2591 1005 2677 Legis
1026 2589 1190 2668 doctores,
1217 2590 1272 2674 qui
1288 2607 1331 2648 ve-

224 2700 343 2762 nerant
367 2713 405 2756 ιιι
426 2693 514 2757 omni
534 2691 668 2758 castello
690 2691 869 2772 Galilaeae,
887 2702 920 2757 et
939 2691 1094 2769 Iudaeae,
1116 2700 1149 2755 et
1166 2688 1332 2763 Ierusalem,

227 2805 261 2862 et
279 2795 380 2856 virtus
400 2791 536 2857 Domini
552 2791 665 2880 aderat
685 2792 728 2858 ad
748 2793 925 2860 sanandum
948 2813 1013 2859 eos.
1054 2791 1105 2857 18.
1127 2790 1170 2856 Et
1191 2813 1266 2856 eece
1283 2789 1331 2853 viri

225 2901 393 2979 portantes
409 2893 446 2957 in
467 2890 554 2956 lecto
573 2891 744 2972 bominem,
764 2896 820 2980 qui
842 2903 910 2959 erat
930 2891 1139 2980 paralyticus,
1160 2902 1193 2956 et
1214 2911 1333 2978 quaere
1369 2961 1370 2968 ἵ

224 2993 306 3060 bant
327 3013 400 3057 eum
431 2993 554 3058 inferre
581 3002 614 3056 et
640 3014 763 3078 ponere
792 3003 971 3061 antaeum.
1023 2995 1074 3059 19.
1099 2993 1141 3058 Et
1165 3015 1234 3060 non
1259 2999 1332 3059 inve·
1369 3025 1370 3100 p

226 3097 370 3172 uiantes,
396 3113 459 3178 qua
479 3102 571 3179 parte
598 3093 690 3159 illum
714 3095 871 3160 inferrent
896 3098 973 3181 p'rae
999 3093 1110 3174 turba,
1135 3093 1333 3160 ascenderunt

194 3196 197 3204 ’
223 3217 324 3280 supra
343 3204 471 3288 tectum,
491 3215 529 3257 oe
548 3195 608 3280 per
627 3195 751 3281 tegulas
771 3196 969 3263 demiserunt
987 3217 1061 3262 eum
1081 3217 1151 3260 euru
1171 3191 1290 3261 lectulo
1309 3197 1333 3258 in
1369 3255 1370 3278 ,

226 3294 368 3359 medium
390 3304 464 3357 ente
485 3293 598 3358 lesum.
650 3297 700 3361 20.
725 3297 872 3392 Quorum
898 3297 1001 3363 fidem
1020 3307 1055 3362 ut
1074 3297 1168 3374 vidit,
1194 3294 1272 3361 dixit
1291 3293 1334 3368 illi,
1369 3297 1370 3332 1

226 3397 347 3472 Homo,
365 3397 570 3459 remittuntur
587 3394 648 3460 tibi
668 3409 800 3483 peccata
822 3410 885 3465 tua.
927 3398 977 3464 21.
1003 3398 1046 3482 Et
1066 3406 1244 3482 coeperunt
1265 3397 1334 3480 cogi·

227 3487 302 3562 tare*
318 3492 451 3560 Soribae
473 3505 505 3560 et
526 3496 705 3575 Pharisaei,
725 3498 884 3578 dieentes,
906 3498 996 3584 Quis
1012 3509 1060 3564 est
1081 3499 1144 3578 bio,
1170 3500 1225 3584 qui
1245 3497 1335 3583 loqui-
1369 3519 1370 3530 ¹

228 3609 280 3664 tur
312 3594 547 3684 blasphemias?
589 3603 660 3684 quis
679 3611 787 3685 potest
813 3603 976 3665 remittere
1001 3610 1143 3687 peccata.
1166 3601 1229 3664 nisi
1259 3597 1335 3663 solus
1369 3597 1370 3602 ’

227 3699 338 3764 Deus?
379 3699 441 3784 22„
456 3699 503 3764 Ut
529 3709 636 3764 autem
667 3703 820 3786 cognovit
845 3701 934 3766 lesus
963 3703 1173 3786 cogitationes
1199 3702 1335 3786 ipsorum,

227 3798 431 3886 respondens
453 3799 531 3864 dixit
552 3800 593 3865 ad
616 3823 685 3879 eos,
706 3801 797 3887 Quid
818 3803 965 3887 cogitatis
986 3805 1020 3866 in
1044 3801 1198 3866 cordibus
1217 3799 1334 3866 vestris?
1369 3875 1370 3900 ,

227 3902 278 3964 23.
300 3903 414 3966 Utrum
437 3911 485 3968 est
504 3900 645 3980 facilius,
667 3903 790 3982 dicere,
818 3905 1035 3996 Remittuntur
1055 3901 1115 3967 tibi
1135 3909 1278 3989 peooata:
1300 3919 1332 3964 an
1369 3901 1370 3978 l

160 4019 193 4056 .·
228 3999 347 4079 dicere,
361 4002 469 4087 Surge
489 4010 522 4066 et
542 4002 692 4068 ambula?
732 4004 783 4066 24.
804 4005 850 4069 Ut
871 3991 976 4068 autem
998 4004 1115 4082 sciatis,
1136 4003 1227 4090 quod
1242 3997 1370 4066 nitiust

228 4099 367 4166 hominis
387 4101 486 4168 habet
506 4113 697 4188 potestatem
718 4105 752 4168 in
773 4114 867 4185 terra,
888 4107 947 4185 (art
959 4102 1158 4191 paralytico)
1180 4101 1333 4184 Tibidieo,

194 4231 214 4270 ο
227 4217 331 4282 surge,
353 4201 433 4269 tolle
454 4203 572 4270 lectum
593 4214 690 4281 tuum,
712 4214 745 4268 et
764 4193 879 4269 vade
869 4227 904 4270 ιιι
916 4205 1054 4281 domum
1076 4215 1169 4270 tuam
1190 4207 1239 4270 25
1252 4189 1370 4288 Isque

228 4297 395 4366 confestim
414 4326 548 4394 surgens
563 4327 671 4374 eoram
691 4302 765 4386 illis,
787 4305 1080 4386 sustulitlectum,
1071 4327 1105 4374 tu
1118 4327 1183 4394 quo
1200 4307 1333 4378 iacuerat,
