2816 4746
487 179 505 252 s
528 223 779 289 strumum
1185 233 1224 294 sr

101 394 196 439 earnm
220 371 466 454 blasphemiarum
489 381 658 446 auctorem,
674 369 743 432 'ino
763 371 848 434 ctiam
871 380 905 431 ut
924 365 974 452 qni
992 347 1146 434 dtbcinno
1166 365 1228 434 slve

100 451 326 528 Mabumetismo
345 449 463 509 :rditum
478 449 638 528 ¹aperuerit
661 445 843 508 calunniari:
914 450 977 509 ibus
1003 461 1105 528 tamen
1135 450 1225 527 altum

99 543 125 592 st
171 528 291 588 entibus
309 525 447 606 eas'ipsss
467 523 656 604 bbspbemiss
676 525 786 605 primns
807 527 957 599 euvinus,
979 547 1012 586 ac
1036 543 1131 610 paene
1150 548 1225 588 unus

90 630 119 674 ,n
169 627 203 664 ro
232 617 366 684 tempore
384 613 467 667 tauto
491 601 774 682 laborecoargnit·
806 601 941 669 Irutetise
962 608 1105 679 uero'·(ut
1124 604 1160 664 ad
1178 604 1225 671 iti-

100 683 220 744 storiam
244 692 372 740 nostram
397 679 542 756 revertar)
571 679 735 742 cardinalis
768 677 819 738 ille
837 675 1048 759 Lotbaringus,
1080 702 1114 740 er
1143 674 1225 740 cuius

101 771 174 822 nutu
187 768 298 818 'cuncta
318 757 379 816 Rex
391 754 637 828 ·administrabnt,
663 755 793 816 criminis
813 754 969 816 haerescos
989 757 1225 836 cognitionema

30 839 31 842 ’
103 833 245 903 iudicibus
264 831 415 902 ordinariis
436 843 466 890 et
485 829 574 906 laicis,
594 849 673 910 quos·
687 843 804 905 vocant,
825 833 861 892 ad
881 830 1068 898 Triumviros*
1082 831 1224 894 Cardine-

104 913 146 971 lcs
163 909 312 970 tiaducere
331 919 467 983 conatus,
487 920 668 989 repugnante
688 908 823 988 diuinitus
844 909 1042 988 potiusquam
1062 907 1225 970 humanitus

103 987 254 1049 Parisiensi
274 985 481 1055 Parlamento‚
499 997 604 1119 utpote
624 985 805 1064 quod-suam
825 985 1006 1066 ipsius,1non
1029 983 1139 1045 Christi
1158 1008 1225 1046 cau·

95 1077 160 1124 *sam
171 1075 281 1154 ageret,
300 1073 396 1122 totum
408 1060 480 1120 illud
489 1080 527 1120 ne
541 1061 632 1120 arium
646 1063 798 1122 consilium
808 1062 916 1124 omisit.
954 1059 1012 1119 Sed
1026 1071 1169 1120 extremus
1178 1063 1225 1122 bic

48 1155 52 1174 ¹
98 1161 188 1202 annus
208 1143 324 1200 mitium
344 1137 431 1198 bobis
450 1137 569 1198 maioris
588 1136 682 1198 luctus
702 1138 812 1213 attulit,
837 1149 977 1218 correpto
998 1148 1139 1216 quartana
1159 1137 1227 1198 Cal·
1330 1142 1335 1152 '

84 1218 166 1278 ¹vino
185 1227 288 1288 mense
300 1213 440 1290 Octobri,
460 1235 547 1294 quem
567 1215 703 1274 morbum
724 1214 834 1295 experti
852 1215 977 1276 tandem
989 1233 1087 1286 sumus
1105 1213 1228 1273 nimium

101 1314 167 1354 vere
192 1292 292 1352 dicere
306 1291 447 1353 'medicos
472 1290 590 1351 senibus
614 1292 797 1350 mortilemm
818 1311 889 1352 esse.
927 1291 990 1352 Etsi
1011 1293 1089 1350 enim
1110 1290 1229 1350 morbus

102 1369 149 1430 ille
171 1367 298 1431 Calvino
325 1367 501 1428 octimestris
527 1367 638 1426 tautun'r
658 1367 728 1442 luit,
752 1369 793 1428 sic
812 1380 909 1429 tamen
931 1367 1136 1448 corpusculum
1157 1365 1229 1426 illud

101 1445 286 1507 macilentum
308 1451 338 1504 et
357 1437 689 1512 laboribus-ac·'viribus
710 1445 838 1504 attritum
859 1445 1007 1517 confecit,
1021 1457 1060 1504 'ut
1080 1463 1230 1522 nunqnam
1256 1505 1266 1512 ,

101 1535 201 1602 postea
226 1521 346 1601 penitus
371 1517 572 1586 convaluerit,
598 1517 722 1580 Interim
743 1520 807 1596 ille,
853 1524 1018 1595 uantumuis⁴
1039 1520 1257 1598 monentibusx

101 1599 220 1680 medicis
240 1610 272 1658 ct
291 1596 506 1658 obtestantibus
525 1595 630 1669 nobis,
650 1609 683 1656 ut
702 1616 765 1658 sese
785 1543 901 1658 tandem
923 1597 1078 1678 aliquando
1099 1598 1230 1678 respice-

102 1688 161 1749 ret,
179 1673 464 1752 abstinem'*quidem
477 1675 649 1735 ,necessario
668 1695 684 1734 a
704 1675 898 1736 concionibus
919 1687 949 1734 et
970 1674 1228 1755 praelectionibus,

30 1771 43 1834 χ·
101 1753 305 1812 intereavero
331 1749 423 1810 literis
451 1750 638 1888 undiquapue
658 1751 799 1830 dictandis
825 1765 854 1812 et
873 1750 958 1812 variis
982 1750 1144 1812 scribendis
1168 1751 1230 1811 dies

30 1835 31 1840 ’
101 1849 134 1891 ac
154 1840 256 1889 noctes
277 1827 465 1906 impendere,-
489 1847 544 1886 nec
569 1829 646 1888 aiud
666 1827 775 1888 babere
796 1829 981 1909 frequentius
999 1829 1029 1887 in
1050 1847 1119 1902 ore,
1143 1849 1230 1908 quam

100 1905 156 1965 sibi
176 1903 314 1966 acerbam
333 1920 398 1964 esse
414 1903 501 1965 vitam
520 1905 751 1988 utipse-aiebat
769 1907 907 1980 otiosam,
927 1925 1016 1986 quum
1037 1923 1090 1965 tros
1110 1905 1228 1966 interim

100 1980 230 2042 valentes
251 1981 340 2041 otiosi
357 2001 429 2060 prae
448 1979 500 2048 illo
519 1981 620 2042 videri
632 2003 791 2062 possemus.
807 1999 810 2020 ¹
835 1983 905 2042 Eius
926 1983 969 2041 rei
987 1993 1076 2042 testes
1097 1993 1165 2042 sunt
1184 1981 1229 2039 ul-

103 2059 175 2118 tima
201 2056 385 2120 Christianae
410 2057 607 2119 institutionis
633 2059 725 2119 editio
758 2071 821 2120 tum
852 2059 940 2118 latina
970 2071 1032 2118 turn
1059 2057 1176 2138 gallica,
1200 2069 1231 2119 et

102 2134 315 2196 Commentarii
331 2134 365 2192 in
375 2133 495 2194 Iesaiam
517 2135 552 2194 ab
573 2157 610 2195 en
630 2157 692 2194 non
712 2147 771 2194 tam
793 2136 940 2196 emendati
960 2133 1073 2215 (quales
1086 2133 1152 2195 illos
1166 2133 1230 2194 Ga-

100 2212 186 2272 lusius
212 2217 247 2270 et
267 2229 323 2271 oro
344 2210 541 2292 pmelcgentis
566 2223 710 2294 exceptos»
726 2213 885 2290 ediderat),
910 2233 995 2292 quam
1022 2210 1091 2271 nori
1110 2231 1230 2292 prorsus

100 2288 207 2349 emisse

179 2438 294 2516 (1559.)
319 2437 445 2518 Insignis
467 2437 526 2496 tuit
551 2457 644 2498 annus
665 2455 848 2518 consequens
869 2439 993 2497 duorrrm
1014 2437 1233 2518 potentissimo·

99 2535 169 2578 rum
191 2516 386 2594 regumi'pnce
405 2511 560 2574 arctissima
582 2533 628 2570 ue·
641 2525 790 2574 contracta
810 2515 966 2588 slbnitate,
993 2525 1136 2574 extremus
1155 2515 1232 2589 idem

101 2594 234 2656 fortasse,
247 2587 418 2648 Genevcnsi
439 2588 545 2672 civitati
562 2533 692 2666 lubricus,
711 2590 764 2650 nisi
784 2591 1007 2652 Pontificiorutn
1029 2590 1162 2666 consilis,
1183 2593 1233 2670 qui

100 2669 190 2750 Regis
210 2667 336 2735 Henrici
355 2665 540 2745 simplicitate
559 2665 766 2744 abutebantur,
789 2667 924 2728 divinitus
945 2669 1066 2730 luissent
1085 2668 1232 2749 impedita.

102 2747 229 2807 Constat
252 2744 336 2802 cuim
354 2742 531 2817 Hernicum,
550 2741 736 2803 severissimis
765 2745 867 2826 positis
893 2745 1013 2821 edictis,¹
1041 2745 1175 2826 adeoque
1201 2747 1231 2806 in

101 2819 249 2882 carcerem
270 2815 544 2898 boniectis‘aliquot
556 2816 766 2898 Parisiensibus
783 2823 974 2898 Senatoribus
994 2825 1059 2904 (qui
1079 2824 1232 2903 tantisper,

100 2899 177 2960 dum·
198 2895 366 2958 Concilium
393 2895 553 2958 universale
578 2905 754 2978 cogeretur,
786 2901 883 2960 mitius
914 2901 944 2960 in
970 2919 1055 2960 causa
1079 2899 1231 2980 religionis

99 2973 246 3057 agendum
256 2973 442 3050 censebant),
462 2972 519 3034 boc
539 2997 636 3040 unum,
650 2975 790 3054 imprimis
803 2977 860 3036 sibi
878 2978 1062 3058 propositum
1084 2975 1230 3054 habuisse,

101 3065 136 3112 ut
155 3051 288 3114 restituta
317 3049 473 3110 suo'Duci
493 3050 636 3111 Sabaudls
658 3050 807 3112 Generum
834 3055 963 3114 lunditus
984 3065 1144 3114 everteret:
1166 3051 1231 3111 Ge-

100 3147 194 3190 nevae
213 3139 316 3187 contra
335 3126 489 3187 laborante
510 3128 649 3208 imprimis
660 3126 785 3200 Calvino
806 3131 988 3208 quantumuis
1009 3129 1231 3204 valetudinario,

99 3217 190 3284 atque
209 3215 271 3264 tum
291 3204 458 3285 gravissime
481 3203 603 3265 afflictas
629 3204 766 3266 ecclesias
791 3218 912 3266 cunctos
937 3227 972 3283 ue
998 3207 1101 3267 iratres
1122 3206 1230 3266 contr:

99 3292 217 3356 mente,
241 3278 425 3342 tumetium
455 3282 592 3374 precibus
615 3281 740 3341 assiduis
765 3301 852 3364 opem
875 3283 893 3344 'a
913 3229 1045 3343 bomiuo
1069 3283 1230 3366 flagitanter

98 3357 179 3418 Ecce
199 3377 269 3418 vcro
289 3357 320 3414 in
339 3356 438 3416 medio
457 3356 509 3417 rllo
529 3368 590 3416 tum
609 3358 714 3438 procul
733 3370 795 3418 tum
816 3379 850 3419 cx
868 3361 1001 3441 proximo
1015 3359 1169 3423 Geuevam
1186 3360 1231 3421 vis

98 3445 192 3516 gente
222 3445 337 3493 terrore
372 3433 434 3490 Res
468 3433 500 3492 in
529 3434 593 3513 ipso
620 3432 858 3496 celebrandarum
886 3438 1052 3517 nuptiarum
1079 3447 1229 3518 apparatu,

99 3510 209 3591 quibus
229 3529 336 3590 pacem»
356 3509 506 3583 firmabat,
531 3509 646 3572 ludicro
675 3510 821 3571 hastarum
847 3533 992 3591 concursu
1015 3511 1100 3574 letale
1127 3512 1230 3574 vulnus

98 3587 230 3680 accipit,
256 3586 345 3666 idque
371 3587 501 3646 eiusdem
527 3587 603 3647 illius
630 3587 770 3664 bominis,
804 3591 918 3656 comitis
941 3589 1078 3652 videlicet
1096 3590 1172 3652 Mon
1195 3613 1232 3650 o-

99 3663 188 3726 merri
209 3685 308 3734 manu,
330 3664 387 3737 cui,
408 3664 494 3746 regiis
513 3663 703 3744 stiprtoribus
722 3665 970 3744 tnncPraelecto‚¹
984 3669 1145 3728 Senatores
1166 3669 1231 3734 'lot

68 3739 395 3820 ”comprehendendos
431 3740 517 3822 paulo
549 3752 617 3801 ante
636 3741 697 3800 Rex
717 3741 778 3878 ἰΒεε
802 3746 966 3804 mandarat:
1000 3765 1085 3825 quam
1111 3743 1231 3804 caedem

97 3829 204 3898 postea
225 3816 389 3878 Cardinalis
409 3816 605 3900 Lotbaringus
625 3815 705 3876 XXI.
756 3819 881 3880 ccernbr.
904 3822 1062 3882 doctissimi
1083 3821 1231 3880 iuriscon-

96 3893 169 3954 sulti
185 3915 220 3954 ac
240 3893 423 3986 integerrimi
443 3893 606 3968 Sensimus,
626 3897 797 3956 sanctissimi
816 3898 943 3979 'denique
956 3899 1066 3959 Christi
1085 3894 1229 3973 martyris,

96 3969 204 4032 Annae
224 3970 326 4052 Burgri
345 3982 443 4049 morte
461 3969 642 4049 iniquissima
662 3971 751 4034 videri
771 3974 918 4036 votuiuex
941 3977 1021 4044 insse.
1053 3972 1094 4031 At
1106 3971 1229 4030 (leneus

96 4046 240 4128 singulari
259 4047 317 4107 Dei
336 4047 482 4107 beneficio
503 4047 533 4105 in
553 4059 662 4108 tantam
683 4050 889 4112 confidentiam
909 3998 938 4110 il

97 4123 246 4186 credibile
265 4124 311 4198 sit,
325 4123 513 4203 temporibus
533 4137 631 4205 erecta
653 4126 716 4201 luit,
736 4140 875 4207 tanquam
887 4129 1018 4186 Domino
1041 4145 1073 4182 ex
1096 4125 1230 4185 densissi-
1272 4165 1273 4172 κ

96 4200 153 4260 mis
180 4199 314 4260 tenebris
344 4201 569 4282 limpidissimam
593 4201 687 4262 luceru
712 4206 817 4264 iterum
838 4219 925 4283 atque
951 4205 1055 4260 iterum
1078 4203 1231 4277 excitante,

96 4287 148 4368 ut,
169 4298 231 4357 quo
250 4297 329 4338 auno
357 4290 388 4336 et
418 4284 512 4356 paene
537 4289 689 4340 momento
710 4282 739 4340 in
766 4278 852 4360 ipsius
874 4280 991 4338 exitium
1015 4290 1073 4338 tam
1090 4293 1230 4414 potentes

96 4355 479 4436 principes-coniuratum,
507 4355 669 4437 magnificis
688 4357 808 4416 nedibus
834 4355 1013 4435 gymnasiis
1037 4357 1086 4415 sun
1109 4355 1231 4416 amentis
1251 4399 1253 4403 .

932 4053 964 4110 lis
984 4051 1065 4130 ipsis,
1085 4046 1164 4126 quod
1184 4047 1230 4107 vix
1326 4118 1328 4122 ,
