2824 4756
126 189 175 252 ω·
308 181 460 247 secato
480 181 521 244 11.
561 180 699 242 tonnus
717 155 1077 272 Barmsrau'uararrs.

132 347 232 389 sensus
250 337 350 388 umen
368 326 488 398 minime
508 324 660 408 ambiguus
681 335 738 398 est,
786 321 855 402 uod,
870 321 967 384 nullae
990 315 1120 380 hostium
1137 328 1276 378 nostrn-·

131 425 199 464 rum
217 403 368 462 machinae
393 414 443 462 aut
468 401 559 476 vires,
584 401 681 460 nullae
705 345 842 474 insidiae,
868 398 942 461 nulli
967 398 1092 476 impetus
1111 394 1178 454 Deo
1199 394 1263 476 cb7¹
1359 458 1363 462 ,

134 480 264 554 stabunt,
285 478 439 559 quominus
460 500 513 538 nos
534 477 569 538 ab
590 478 645 537 illis
666 477 804 536 liberatos
823 487 967 558 perpetuo
987 485 1091 534 servet.
1263 475 1270 490 '

211 561 258 622 72
296 553 353 616 Act
364 553 572 631 praestandam
590 550 823 614 misereordiam.
861 553 972 612 lterum
993 551 1081 612 docet
1097 546 1260 626 Zacharias,

137 635 171 692 ex
195 653 255 711 quo
281 633 366 702 fonte
391 631 507 691 fluxerit
531 631 710 722 redemptio,
736 650 841 712 nempe
865 649 899 687 ex
921 628 980 688 Dei
1004 625 1204 686 misericordia
1228 635 1260 685 et

138 711 269 792 gratuito
288 709 416 768 foedere.
457 709 581 784 Causam
602 729 677 766 emm
698 706 840 790 assignat,
865 727 917 765 cur
935 705 1002 764 Deo
1030 701 1172 785 placuerit
1196 719 1260 759 ser-

138 805 207 847 vare
226 785 368 866 populum
386 807 484 846 suum:
512 804 617 864 nempe
637 785 704 862 quia
730 783 806 861 pacti
830 782 873 842 sui
899 802 1013 840 memor
1031 777 1267 838 misericordiam·

138 861 220 923 suam
241 861 385 942 explicuit.
423 864 539 924 Memor
559 872 655 919 autem
674 859 719 920 sui
738 859 920 918 Testamenti
941 857 1027 918 fuisse
1048 856 1167 929 dicitur,
1192 853 1260 932 quia

139 936 249 998 oblivio
270 939 411 1018 quaedam
430 938 521 996 videri
541 948 659 1019 poterat
677 948 734 994 tam
754 934 844 1015 longa
863 934 913 993 illa
932 955 1025 1007 mora,
1044 933 1097 994 sub
1138 952 1172 989 ua
1184 941 1261 1011 'pas-

139 1037 187 1074 sus
207 1014 302 1073 luerat
323 1014 461 1074 aflectum
480 1013 651 1094 gravissimis
675 1011 758 1072 malis
777 1011 918 1093 populum
938 1011 1101 1090 languere.¹
1155 1007 1270 1086 iligen-¹

139 1101 186 1150 ter
205 1091 349 1150 notandus
370 1103 412 1150 est
431 1089 477 1148 hic
497 1091 583 1166 opdo,
624 1089 683 1149 uod
702 1108 784 1148 mera
802 1089 936 1154 inductus
957 1085 1153 1147 misericordia
1174 1081 1264 1147 luerit
1299 1101 1302 1106 ’

140 1167 236 1241 Deus,
268 1179 301 1226 ut
325 1168 428 1227 foedus
449 1188 513 1226 cum
533 1112 668 1227 Patribus
722 1177 881 1226 ercuteret:
902 1164 1025 1237 deinde,
1058 1161 1139 1242 quod
1158 1159 1263 1220 foedus

141 1247 309 1336 percutiens
328 1244 419 1303 verbo
444 1263 498 1302 suo
525 1241 687 1326 alligaverit
699 1187 857 1302 hominum
877 1240 1013 1301 salutem:
1044 1241 1150 1312 tertio,
1182 1229 1262 1316 qnod

141 1341 171 1380 ιιι
193 1317 312 1381 Christo
333 1317 496 1378 exhibuerit
513 1320 651 1400 quicquid
672 1331 716 1380 est
735 1318 899 1392 bonorum,
929 1329 963 1376 ut
989 1318 1030 1377 ita
1055 1313 1263 1398 promissiones

140 1417 205 1457 suas
225 1415 327 1456 omnes
353 1395 487 1454 sanciret.
534 1397 574 1455 Ut
599 1408 679 1456 certe
703 1416 766 1454 non
792 1395 876 1455 aliter
902 1405 964 1455 rata
991 1405 1034 1453 est
1059 1412 1158 1451 earum
1183 1388 1265 1462 fides,

142 1473 198 1532 nisi
218 1478 306 1550 quum
327 1483 449 1552 apparet
469 1473 497 1534 in
513 1473 632 1534 Christo
646 1472 902 1553 complementum.
937 1469 1127 1532 ¹Promittitur
1147 1465 1273 1546 quidem'

142 1549 173 1607 in
194 1547 315 1607 loedere
335 1559 521 1628 peccatorum
542 1551 683 1624 remissio,
702 1549 752 1609 sed
774 1569 807 1607 ea
828 1558 917 1607 exstat
937 1548 965 1606 in
986 1545 1095 1606 Christi
1114 1543 1265 1621 sanguine.

142 1624 330 1683 Promittitur
349 1624 467 1698 iustitia,
487 1626 536 1686 sed
557 1627 587 1685 in
600 1625 709 1688 Christi
729 1625 894 1706 expiatione
907 1623 1041 1682 offertur.
1080 1619 1267 1680 Promittitur

143 1700 211 1772 vita,
230 1701 361 1778 sednon
383 1700 438 1762 nisi
457 1703 486 1762 in
500 1703 609 1764 Christi
629 1715 725 1762 morte
744 1714 775 1760 et
793 1701 1010 1760 resurrectione
1028 1697 1194 1779 quaerenda
1214 1707 1267 1756 cst.

143 1777 241 1855 Atque
261 1777 333 1836 haec
352 1779 427 1838 ratio
449 1792 502 1857 est,
523 1801 575 1839 cur
594 1778 665 1838 olim
684 1779 778 1858 ipsum
798 1797 917 1860 quoque
937 1774 1024 1858 L'eg'is
1043 1774 1179 1834 volumen
1200 1794 1268 1832 sau-

144 1853 234 1934 guine
253 1854 386 1913 victimae
405 1855 486 1915 Deus
511 1855 626 1915 iusserit
649 1854 773 1936 aspergi.
818 1852 985 1930 Observato
1010 1869 1127 1932 quoque
1147 1850 1267 1932 dignum

146 1941 199 2004 est,
221 1930 300 2009 quod
320 1932 486 2012 praestitam
506 1954 557 1992 sua
581 1942 676 1991 aetate
700 1929 929 1994 misericordiam
946 1927 1096 1989 Zacharias
1116 1927 1151 1986 ad
1171 1938 1268 2008 patres

145 2017 279 2069 mortuos
300 2008 445 2084 extendit,
472 2021 505 2068 ut
529 2009 724 2068 communiter
748 2007 809 2066 eius
834 2005 960 2076 fructum
985 2005 1157 2086 percipiant.
1195 2003 1269 2062 Nam

64 2101 66 2106 ·
146 2081 215 2141 hinc
234 2083 373 2174 sequitur,
395 2106 454 2148 non
477 2087 622 2145 contineri
643 2085 752 2146 Christi
771 2086 891 2164 gratiam
913 2095 943 2142 et
962 2085 1098 2142 virtutem
1118 2080 1201 2139 huius
1221 2100 1270 2138 ca·

148 2158 241 2218 durae
259 2173 336 2220 vrtae
356 2162 510 2244 angustiis,
535 2161 586 2222 sed
607 2173 757 2222 aeternam
778 2181 854 2234 esse,
878 2179 932 2220 nec
954 2159 1047 2219 carnis
1066 2169 1162 2216 morte
1182 2155 1270 2230 liniri,

150 2255 239 2315 quum
260 2247 289 2295 et
313 2239 426 2298 animae
451 2239 509 2298 sint
532 2261 548 2298 a
568 2250 663 2298 morte
683 2235 868 2321 superstites,
893 2249 922 2296 et
942 2235 1035 2296 carnis
1054 2234 1202 2294 interitum
1223 2251 1269 2290 sc-

149 2323 257 2448 quatur
288 2315 473 2375 resurrectio.
531 2316 615 2376 Sicut
645 2335 716 2397 crgo
748 2333 845 2451 neque
878 2311 1040 2387 Abraham,
1072 2317 1166 2402 neque
1196 2307 1272 2370 ullus

174 2401 326 2450 anctorum
346 2393 467 2452 salutem
512 2393 610 2474 ropria
630 2393 737 2452 virtute
761 2411 795 2450 ve
831 2388 941 2450 meritis
966 2389 1022 2449 sibi
1047 2407 1196 2468 acquirere
1216 2406 1272 2464 po-

149 2466 222 2539 tuit,
241 2466 280 2534 ita
301 2470 412 2529 cunctis
433 2413 582 2544 fidelibus,
602 2482 662 2531 tarn
682 2467 820 2547 mortuis,
845 2489 938 2548 qnam,
950 2466 1036 2541 vivis,
1062 2462 1222 2526 communis
1241 2461 1272 2522 in

151 2541 270 2622 Christo
291 2545 364 2604 salus
386 2546 439 2605 fuit
460 2559 584 2606 ostensa.
1147 2543 1150 2550 ‘
1257 2575 1261 2580 ·

202 2610 275 2686 '¹¹13
312 2621 476 2680 Secundum
493 2625 605 2680 iustum
626 2622 666 2680 du
695 2667 702 2680 .
754 2617 1073 2702 Graecelpraepositio
1098 2637 1159 2676 non
1180 2614 1274 2695 expri-

151 2695 256 2772 mitur,
288 2697 339 2755 sed
371 2698 448 2757 hunc
481 2645 652 2758 familiardrn
677 2698 794 2790 linguae
820 2717 881 2756 esse
907 2719 989 2756 usum
1013 2695 1079 2756 satis
1099 2704 1201 2752 notum
1222 2701 1284 2774 est,

151 2791 241 2850 quum
260 2791 369 2832 nomen
383 2774 535 2832 accusativi
554 2795 635 2834 casus
655 2787 775 2855 ponitur
794 2772 857 2832 sine
878 2773 1030 2853 regimine,
1049 2768 1276 2832 subaudiendam

153 2866 221 2936 esse·
235 2848 501 2928 praepositionem,
527 2870 542 2911 a
569 2872 625 2930 qua
646 2863 773 2934 regatur.
796 2846 1021 2921 „Iurisiuranda'
1039 2845 1188 2920 meminit,
1216 2866 1276 2924 quo

152 2921 256 2985 melius
277 2923 460 3014 exprimeret,
481 2947 567 3004 quarn
577 2925 686 2985 stabilis
705 2949 737 2986 ac
757 2937 856 2986 sancta
875 2926 912 2985 sit
925 2926 984 2985 eius
1004 2925 1124 2986 veritas:
1146 2942 1182 2982 eo
1198 2921 1278 2990 enim

153 2999 356 3079 indulgentiae
367 2999 447 3061 Deus
467 3023 497 3061 se
509 3003 673 3076 summittit,
693 3015 725 3062 ut
738 3003 952 3062 nomen'suum
970 3003 1000 3060 in
1020 2999 1178 3062 subsidium
1197 2998 1279 3058 infir-

154 3075 262 3136 mitatis
275 3083 399 3136 nostrae
412 3077 604 3160 interponere
617 3079 762 3160 dignetur.
788 3080 889 3155 Quare
909 3080 932 3138 si
953 3078 1038 3139 nobis
1058 3097 1119 3136 non
1131 3075 1280 3134 sufficiunt

154 3150 250 3212 nudae
270 3154 492 3243 promissiones,
525 3154 626 3215 saltem
654 3159 684 3216 in
709 3168 838 3216 mentem
863 3156 961 3218 veniat
985 3154 1059 3214 haec
1085 3151 1281 3224 confirmatio,

155 3247 228 3306 quae
255 3230 309 3290 msi
336 3251 454 3298 omnem
479 3231 691 3292 dubitationem
723 3233 841 3308 eximat,
878 3231 1050 3310 plusquam
1081 3229 1188 3364 ingbrati
1211 3227 1286 3297 Deo„

154 3325 252 3366 sumus
283 3317 312 3364 et
341 3328 423 3367 sacro
456 3309 524 3369 eius'
548 3311 660 3377 nomini
693 3309 800 3369 iniurii.
849 3307 997 3368 Daturum
1025 3310 1060 3368 se¹
1083 3326 1120 3364 no
1139 3308 1174 3368 is.
1209 3305 1280 3364 Non

156 3393 273 3440 enarrat
293 3381 444 3444 Zacharias
470 3406 525 3466 per
548 3385 661 3466 singula
681 3388 793 3468 capita,
820 3385 888 3465 quid
911 3385 1067 3445 'contineat
1085 3381 1142 3442 Dei
1167 3379 1282 3454 foedus,

156 3456 207 3518 sed
229 3458 327 3535 docet,
347 3459 485 3538 imquem
505 3461 592 3520 finem
612 3463 693 3523 Deus
713 3475 771 3522 tam
792 3455 921 3544 benigne
940 3482 994 3543 pro
1013 3481 1063 3520 sua
1082 3456 1288 3517 misericordia*

156 3535 252 3671 pqerit
272 3557 337 3594 cum
356 3532 480 3616 pdpulo,
500 3550 533 3598 ut
553 3559 619 3598 eum
638 3541 808 3610 redimeret:
830 3559 936 3620 nempe
952 3549 983 3596 ut
999 3535 1143 3630 redempti
1161 3544 1282 3596 sctotos

197 3611 295 3675 dicant
319 3624 349 3671 et
369 3612 532 3673 devoveant
557 3615 682 3676 colendo
708 3615 808 3676 salutis
834 3636 902 3676 suae
929 3613 1051 3673 auctori.
1090 3611 1183 3672 bicuti
1209 3629 1241 3666 er
1263 3629 1283 3668 o

158 3688 288 3748 efficiens
308 3687 450 3748 humanae
470 3689 568 3764 salutis
590 3715 674 3753 causa
695 3693 749 3752 luit
770 3689 964 3774 gratuitaDei
982 3690 1110 3763 bonitas,
1131 3689 1171 3746 ita
1190 3629 1284 3748 finalis

158 3778 216 3840 est,
246 3777 279 3826 ut
307 3761 452 3828 homines'
471 3767 519 3848 pie
543 3781 702 3850 sancteque
726 3768 851 3831 vivendo
884 3787 991 3826 nomen
1017 3767 1078 3826 eius
1109 3763 1286 3848 glorificent.

161 3840 256 3916 Quod
279 3841 435 3924 diligenter
459 3846 620 3904 notandum
647 3858 707 3922 cst,
739 3858 773 3905 ut
797 3844 961 3905 vocationis
993 3855 1112 3915 nostrae
1141 3858 1288 3900 memores

160 3920 283 3998 gratiam
300 3919 359 3979 Dei
377 3917 491 3979 referre
512 3921 652 3982 discamus
672 3924 703 3980 in
723 3943 806 3983 suurn
827 3943 921 3996 usum,
941 3920 1125 3980 meditandae
1145 3917 1295 3996 cunning

159 4013 255 4071 quam,
277 3997 347 4055 istae
366 3997 539 4071 sententiae,
560 4019 620 4057 non
642 4020 777 4060 essenos
799 3997 835 4058 ad
857 3997 1069 4058 immunditbm
1083 4001 1215 4068 vocatos,
1235 3990 1288 4052 sed

120 4111 124 4124 .
160 4070 195 4158 ad
215 4073 449 4134 sanctimoniam:
471 4094 525 4136 nos
545 4095 652 4156 magno
673 4078 768 4156 pretio
789 4075 957 4165 redemptos
979 4094 1057 4148 esse,
1078 4095 1139 4133 non
1161 4065 1288 4130 utservi
1383 4071 1389 4089 “

160 4163 247 4204 srmrrs
268 4147 459 4232 cupiditatum
485 4151 594 4228 carnis,
618 4149 664 4212 vel
689 4165 722 4212 ut
748 4152 856 4212 effreni
882 4151 1001 4210 licentia
1022 4149 1211 4220 exsultemus,
1236 4143 1288 4204 sed

160 4229 195 4307 ut
213 4235 319 4304 regnet
339 4223 471 4288 Christus
491 4225 521 4285 in
542 4227 644 4289 nohis:
669 4249 724 4298 nos
744 4227 907 4310 adoptione
926 4225 1051 4288 insertos
1075 4227 1105 4285 in
1124 4223 1184 4284 Dei
1204 4219 1289 4282 fami-

56 4323 60 4328 ·
161 4292 245 4372 lnam,
272 4310 311 4359 ut·
327 4300 452 4366 vicissim
477 4313 617 4392 tanquam
642 4300 695 4369 filii
718 4297 795 4402 patri
815 4304 1029 4397 obsequamur.¹
1070 4303 1144 4368 Nam
1174 4300 1205 4366 in
1230 4297 1290 4362 hoc
