2824 4756
389 231 410 318 .ι
434 255 497 334 (23.
516 253 598 338 Fuga
618 253 648 314 in
667 253 859 336 Aegyptum.)
935 277 949 304 ν
1000 231 1003 249 ’
1163 221 1214 338 'id

83 399 245 462 lectionem
262 397 474 492 Aegyptiacam
502 394 706 466 intermediam
727 394 832 458 luisset
857 409 888 460 et
910 397 991 480 qnod
1013 399 1087 478 dicit
1103 399 1211 479 Lucas,

83 498 135 539 eos
152 476 302 540 habitasse
321 495 353 536 m
374 473 448 538 urbe
467 494 519 536 sua
536 472 702 554 Nazareth,
721 474 826 546 ordine
844 493 907 539 esee
924 477 1071 555 posterius
1088 473 1158 561 suga
1175 479 1210 542 iu

80 554 269 637 Aegyptum,
290 571 377 633 quam
396 550 560 612 Matthaeus
579 550 681 610 refert.
725 550 823 610 Porro
843 550 867 611 si
889 549 1046 614 absurdum
1070 567 1211 635 nonest,

81 631 117 692 ab
144 651 207 691 uno
227 629 412 712 Evangelista
437 627 534 690 omitti
560 627 641 707 quod
661 625 698 686 ab
718 625 813 688 altero
839 639 989 703 narratur,
1019 623 1093 692 nihil
1117 631 1208 694 etiem
1258 665 1261 676 v

81 707 183 770 obstat
202 708 273 788 quin
292 707 418 782 Lucem,
441 715 557 766 resecto
577 715 714 784 tempore
734 703 815 764 cuius
834 703 943 764 nullam
963 705 1060 767 lacere
1078 703 1209 771 mentio-'

79 804 150 844 nem
160 784 339 856 instituerat,
354 781 508 847 transitum
526 780 584 842 sibi
603 780 707 844 iecisse
719 779 847 842 dicamus
866 779 902 842 ad
922 780 1070 842 historiam
1081 805 1208 866 sequena

79 874 151 922 tem.
190 861 250 937 Sed
270 859 388 920 interim
408 873 510 920 eorum
527 869 696 926 commento
716 856 837 920 minime
856 858 1010 932 assentior,
1029 859 1079 938 qui
1097 859 1208 944 Ioseph

79 951 112 999 et
130 937 269 1016 Mariam,
289 947 411 1018 peracto
434 934 616 1073 purgationis
639 933 801 1010 sacrificio,
820 931 947 1016 «fingunt
965 953 1096 996 reversos
1119 937 1209 1008 luisse

77 1016 110 1076 in
130 1014 319 1089 Bethlehem,
347 1025 382 1074 ut
410 1012 432 1072 il
446 1014 472 1072 ic
512 1023 641 1092 egerent
683 1010 782 1072 Stulte
796 1009 885 1071 ‚enim
904 1011 961 1072 ima
984 1011 1101 1072 inantus
1119 1014 1210 1078 fuisse

77 1091 139 1152 illie
159 1090 340 1167 domicilium
359 1089 484 1172 Ioseph,
503 1089 555 1150 ubi
573 1087 649 1150 adeo
667 1087 788 1169 ignotus
809 1099 887 1162 erat,
905 1099 940 1150 ut
957 1031 1116 1170 inspitium
1141 1079 1209 1150 nnl-

77 1169 137 1228 lnm
156 1169 290 1242 invenire
333 1169 453 1229 otuerit.
499 1166 564 1226 Nee
582 1174 694 1224 temere
711 1165 805 1226 Lucas
829 1175 890 1226 tam
910 1163 971 1236 eius
991 1186 1078 1245 quam
1097 1165 1209 1228 Mariae

76 1244 184 1305 urbem'
192 1257 280 1306 vocat
290 1189 446 1304 liltoretb.
483 1241 573 1302 Unde
586 1241 762 1322 colligimus,
779 1262 927 1323 nunquam
946 1241 1043 1323 ipsum
1063 1243 1209 1307 habitasse

76 1322 107 1381 in
120 1321 308 1397 Bethlehem,
326 1320 397 1382 licet
415 1317 485 1380 inde
504 1317 647 1382 oriundus
666 1329 750 1386 esset.
788 1317 837 1380 Dc
854 1320 931 1383 serie
950 1339 1021 1382 tero
1039 1331 1209 1403 temporum

79 1417 145 1460 mox
163 1397 280 1484 plenius
301 1396 448 1460 disseram.
875 1425 880 1448 s

117 1613 201 1696 (23.)
243 1581 416 1676 MATTH.
435 1605 476 1676 ll.
515 1603 747 1694 13.Digressia
769 1572 976 1694 autemillis,
1005 1635 1082 1680 ecce
1100 1614 1208 1704 Ange*
1242 1601 1246 1610 ⁸
1289 1677 1292 1695 Ι

33 1737 42 1756 f
74 1715 126 1779 lus
146 1714 285 1779 Domini
305 1713 454 1798 apperuit
474 1711 509 1776 in
529 1711 649 1777 somnis
669 1711 803 1798 Ioseph,
835 1711 963 1794 dicens,
982 1715 1084 1802 Surge
1105 1726 1209 1783 etes-

14 1859 15 1866 1
70 1827 163 1882 sume
183 1811 354 1902 puerulum
378 1823 411 1879 et
429 1821 560 1878 matrem
578 1814 655 1891 eius,
678 1823 710 1878 et
730 1813 805 1900 luge
825 1814 859 1882 in
870 1813 1064 1904 Aegyptum,
1084 1828 1116 1884 et
1136 1827 1208 1886 esto

76 1917 150 1996 illic,
172 1916 281 1984 donec
294 1913 406 1982 dixero
421 1913 497 1980 tibi:
515 1913 657 2007 loturum
680 1925 730 1982 est
743 1917 839 1994 enim,
859 1926 895 1982 ut
906 1913 1057 1986 Herodes
1072 1925 1205 2006 quaeret
1285 1943 1289 1951 ·

77 2017 249 2115 puerulum
277 2016 318 2082 ed
347 2013 551 2102 perdendum
574 2037 662 2114 ¹euin.
708 2017 764 2083 ¹14.
792 2016 854 2082 Ille
875 2039 955 2086 vero
982 2025 1136 2088 excitatus
1157 2040 1207 2088 as-

74 2122 207 2206 sumpsit
242 2117 414 2206 puerulum
447 2123 480 2181 et
510 2126 643 2181 matrem
679 2119 749 2182 eins
779 2129 894 2198 noctu,
938 2129 972 2185 et
1000 2126 1134 2188 secessit
1169 2127 1206 2189 in

14 2299 16 2316 ‚
75 2221 267 2308 Aegyptum.
309 2215 358 2282 15.
384 2215 428 2282 Et
453 2213 515 2281 luit
544 2213 613 2282 illic
639 2237 743 2302 usque
774 2214 816 2284 ad
838 2220 963 2286 obitum
984 2220 1152 2306 Herodis,
1169 2231 1206 2290 ut

61 2321 301 2404 ,perhonestum
324 2315 420 2404 quod
441 2314 560 2382 dictiue
587 2313 693 2382 iuerat
720 2337 739 2380 a
760 2318 905 2385 Domino
925 2341 986 2405 per
1009 2324 1206 2408 Prophetiam

75 2419 251 2497 dicentem,
277 2417 325 2482 Ex
346 2421 499 2502 Aegypto
527 2419 641 2482 vocavi
666 2403 771 2482 filium
792 2431 908 2482 meum.
951 2419 1001 2484 tt.
1022 2420 1206 2489 TunoHe-

14 2511 20 2542 ’
72 2519 173 2585 rodes
193 2516 252 2582 ubi
272 2515 368 2596 vidit,
404 2514 467 2580 sibi
493 2503 744 2586 illusum'fuisse
771 2516 931 2604 aMagiS,
951 2519 1135 2606 indignatus
1157 2531 1206 2592 est

76 2617 307 2696 vehementer,
337 2626 370 2682 et
389 2619 519 2682 mittens
548 2617 711 2682 interfecit
737 2637 850 2684 omnes
871 2635 1005 2705 pueros,
1034 2624 1206 2708 quierant

73 2717 106 2788 in
127 2717 320 2787 Bethlehem
341 2727 374 2783 et
396 2717 547 2784 omnibus
570 2721 639 2784 eius
652 2718 783 2886 ffilbus'
804 2741 823 2786 a
844 2720 967 2786 bimatu
988 2734 1021 2788 et
1041 2724 1134 2802 infre,
1154 2745 1205 2792 se-

67 2821 213 2888 cundum
239 2833 364 2908 tempus
393 2818 483 2908 quod
517 2820 695 2906 exquisiere
736 2821 896 2910 nMagis.
946 2823 995 2890 17.
1016 2821 1111 2890 Tunc
1131 2848 1205 2916 per-

14 2989 15 2994 ,
74 2923 189 2989 lectum
211 2934 273 3004 est,
294 2921 385 3010 quod
407 2921 527 2986 dictum
556 2922 663 2989 fuerat
683 2922 725 2990 ab
747 2925 884 2991 Ieremia
904 2925 1082 3011 Propheta,
1104 2944 1202 3013 quum
1259 2977 1261 2989 .

14 3019 15 3058 ³
76 3025 124 3104 ait,
144 3026 193 3090 18.
213 3027 288 3090 Vox
309 3027 343 3089 in
364 3024 466 3088 Rama
488 3022 598 3092 audita
620 3034 677 3107 eat,
698 3023 897 3105 lamentatio,
914 3023 1070 3112 ploratus,
1091 3038 1123 3092 ct
1142 3029 1202 3094 ile·
1253 3060 1274 3114 g

14 3871 18 3918 t

14 3991 15 4052 l

73 3133 121 3190 tue
140 3122 277 3192 multus:
296 3115 422 3190 Rachel
442 3111 576 3212 ploran‘s
596 3122 683 3193 filios
703 3135 798 3210 suos,
827 3135 860 3192 ct
877 3125 985 3194 ‘noluit
1006 3123 1201 3204 consolatio-

73 3243 143 3290 nem
158 3228 344 3330 (admittere,
362 3235 538 3312 propterea
563 3227 653 3314 quod
674 3245 743 3294 non
762 3228 836 3294 sint.

115 3392 193 3456 ,13.
227 3385 383 3462 Digrcmia
399 3395 494 3450 eutha
510 3384 579 3446 iliis.
619 3338 779 3460 Quirites
798 3387 1020 3448 intercesserint
1038 3387 1201 3452 ediscerem

75 3476 231 3541 magorum,
251 3461 414 3541 usquedum
433 3459 542 3541 Ioseph
562 3461 771 3555 inhegyptom
793 3464 896 3545 ingere
915 3463 1008 3526 iussus
1028 3477 1084 3542 est,
1104 3465 1201 3528 aeaei-

73 3542 133 3609 tur,
157 3551 255 3622 neque
281 3539 370 3601 etiam
391 3556 575 3630 magnopere
598 3552 745 3620 pertinet:
770 3541 835 3600 nisi,
857 3539 937 3621 quod
963 3541 1120 3622 probabile
1145 3554 1201 3616 est,

75 3606 233 3697 Bominum
252 3611 366 3676 Mariae
383 3629 571 3695 pepercisse,
601 3618 698 3678 donec
726 3637 760 3677 ee
779 3637 858 3754 puer
880 3617 942 3678 erio
969 3617 1134 3694 convaluit,
1149 3629 1201 3688 „ut

75 3695 129 3746 rter
147 3691 372 3774 lacereposse-t.
411 3693 479 3752 iioc
497 3712 569 3754 vem
589 3693 760 3756 admirabile
794 3695 836 3754 uit
885 3695 912 3754 ei
931 3693 1099 3770 consilium,
1118 3688 1200 3774 quod

75 3757 175 3850 liilium
195 3779 280 3833 suunt
299 3769 370 3852 iuga
387 3789 503 3829 servare
521 3767 624 3830 voluit.
661 3771 726 3832 Nec
744 3789 815 3834 vere
838 3769 957 3832 dubium
978 3782 1042 3847 est,
1055 3771 1127 3850 quin
1146 3789 1200 3860 pe·
1268 3797 1270 3804 r

75 3842 205 3941 ficulneis
226 3845 447 3941 'testationibus
480 3846 587 3930 agitata
618 3845 709 3909 fuerit
733 3869 816 3940 mens
841 3848 970 3930 Ioseph,
1000 3868 1093 3982 fluum
1122 3843 1199 3907 nihil

76 3931 136 4051 tt}
151 3925 308 4090 illibi
330 3921 578 4060 'attt‘tltttt
592 3923 824 4064 ttltttht
840 3926 1007 4078 ittt‘tt„
1031 4017 1119 4078 ρο...
1143 4019 1200 4060 ι...

77 4060 195 4136 hominm
214 4078 344 4140 mortalis
363 4097 454 4158 opera
473 4075 595 4153 senari,
620 4079 670 4156 qui
690 4077 804 4140 iuturus
824 4093 888 4140 erat
907 4076 1040 4140 omnium
1056 4085 1198 4142 servator.

77 4137 181 4209 Verum
200 4151 276 4216 hanc
293 4154 529 4216 moderationem
548 4156 646 4214 tenuit
658 4154 744 4216 *Deus
764 4157 794 4216 in
807 4155 892 4220 ‚Filio
912 4173 966 4214 suo
986 4152 1148 4227 arvando,
1165 4161 1199 4214 ut

77 4218 203 4288 eoelestis
222 4251 290 4292 suae
313 4230 466 4322 potentiae
491 4233 575 4313 signa
593 4231 691 4310 aliqua
710 4233 809 4307 daret,
840 4253 896 4294 nee
919 4242 1019 4290 tamen
1044 4229 1137 4310 ipsam
1157 4229 1199 4292 ita
1245 4265 1252 4273 -

77 4309 106 4348 re
119 4297 207 4382 ,deret
225 4329 426 4388 conspicuam,
445 4307 516 4387 quin
538 4307 716 4370 lateranens
736 4310 834 4390 specie
852 4306 1043 4369 inlirnritatise
1063 4307 1197 4368 nondum

80 4381 154 4433 enim
174 4379 281 4448 Christi
300 4384 395 4464 palam
414 4383 599 4466 glorificandi
618 4396 762 4448 matteum
783 4397 845 4448 eret
864 4397 988 4464 tempus.
1029 4385 1121 4460 Quod
1132 4383 1197 4446 An-

1023 3921 1093 3990 ivini
1113 3941 1207 4012 praef
1315 3983 1319 3990 ,
