2808 4748
168 229 246 290 tao*
377 217 529 284 SECTIO
551 218 587 276 v.
612 215 873 316 ‘Muneatlsslssu
893 227 1090 280 marmorum

170 373 294 441 sanavit
314 368 447 448 multos,
469 369 525 454 qui
544 364 630 432 male
651 364 761 430 affecti
783 373 876 430 eraut
895 364 993 426 variis
1013 357 1201 439 morbisset
1222 358 1301 424 dae-

170 477 280 542 monia
301 469 400 537 multa
420 471 532 534 eiecit:
564 475 596 531 et
621 487 689 532 non
716 464 845 562 sinebat
868 462 961 550 loqui
988 461 1173 542 daemonia,
1209 459 1299 547 quod

170 585 275 667 iprum
300 570 475 642 novissent.
532 567 583 632 35.
613 567 656 632 Et
686 589 780 632 mane
809 565 908 630 multa
934 561 1041 628 adhuc
1065 571 1176 642 nocte,
1199 584 1299 648 quum

171 679 369 750 surrexisset,
388 680 420 736 et
441 687 588 754 egressus
610 678 666 746 ert,
688 678 721 732 et
742 665 821 731 abiit
841 667 932 730 Iesus
952 667 986 729 in
1000 664 1162 746 desertum
1183 662 1301 742 locum,
1355 727 1359 736 ,

170 783 283 869 ibique
305 771 429 842 orabat.
475 767 525 834 36.
551 767 594 834 Et
612 778 830 854 prosequutus
853 775 901 831 est
921 763 1161 864 illum'Simon,
1190 767 1310 852 etqui

173 907 245 952 eum
266 901 308 946 eo
331 881 431 942 erant.
477 870 528 936 37.
557 867 731 954 Quumque
758 869 957 934 invenissent
978 887 1065 947 eum,
1092 865 1241 933 dixerunt
1259 867 1303 944 ei,

171 987 297 1054 Omnes
338 980 499 1068 quaerunt
536 980 578 1034 te.
640 969 692 1033 38.
730 967 772 1035 Et
815 972 860 1034 ait
899 967 981 1046 illis,
1006 968 1127 1034 Eamus
1155 971 1191 1033 in
1225 987 1301 1053 pro-

170 1091 272 1156 ximos
289 1082 388 1156 vicos,
408 1084 444 1138 ut
466 1082 498 1137 et
518 1069 566 1136 ibi
584 1068 784 1156 praedicem:
806 1073 840 1134 iu
862 1069 926 1137 boe
948 1071 1033 1134 enim
1055 1085 1201 1156 egressus
1221 1090 1299 1134 sum.

170 1161 221 1256 39'.
241 1187 284 1252 Et
304 1173 515 1268 praedicabat
532 1173 567 1238 in
587 1171 763 1258 synagogis
792 1193 904 1239 eorum
928 1175 963 1238 in
983 1181 1052 1237 tota
1073 1169 1242 1250 Galilaea,
1256 1179 1299 1234 'et

171 1286 341 1356 daemonia
363 1273 522 1346 eliciebat

254 1439 356 1510 LUC.
378 1438 434 1504 lv.
475 1435 527 1501 38
556 1432 667 1520 Quum
697 1443 803 1498 autem
829 1435 1015 1501 surrexisset
1041 1397 1131 1497 lesus
1158 1453 1176 1496 e
1203 1451 1300 1516 syna-

171 1569 267 1640 goga,
292 1540 437 1608 introivit
462 1538 498 1600 in
524 1534 654 1601 domum
677 1533 825 1600 Simonis.
879 1535 999 1600 Socrns
1029 1543 1133 1598 autem
1160 1531 1299 1597 Simonis

170 1645 342 1718 tenebatur
361 1637 447 1706 febri
469 1657 595 1722 magna,
617 1645 857 1720 arrogaverunt
876 1657 937 1722 pro
960 1635 1026 1701 illa.
1067 1637 1117 1700 39.
1138 1635 1180 1700 Et
1194 1644 1299 1701 astans

169 1769 267 1838 supra
286 1743 383 1820 illam,
396 1740 575 1824 increpavit
586 1733 712 1815 febrim,
723 1746 756 1800 et
766 1735 868 1802 febris
881 1736 1002 1802 dimisit
1012 1736 1116 1803 illam:
1129 1738 1298 1821 statimque

168 1865 302 1936 surgens
313 1838 515 1908 ministrabat
529 1835 605 1901 illis.
625 1837 677 1900 40.
697 1835 806 1922 Quum
820 1847 925 1902 autem
944 1836 995 1903 sol
1008 1838 1178 1916 occideret,
1188 1859 1300 1903 omnes

59 2011 63 2022 .
170 1955 227 2042 qui
250 1944 416 2016 habebant
437 1939 588 2026 infirmos¹
600 1939 698 2002 variis
720 1935 850 2016 morbis,
872 1935 947 2004 illos
969 1938 1132 2020 ducebant
1152 1937 1194 2004 ad
1212 1960 1299 2007 eum:
1332 2013 1340 2022 ἱ

169 2065 202 2123 at
227 2055 299 2138 ipse
326 2042 460 2131 singulis
487 2063 600 2107 manus
626 2043 798 2124 imponens
825 2037 959 2104 sanabat
979 2061 1046 2108 eos.
1087 2041 1138 2105 41.
1159 2037 1297 2106 Exibunt

169 2163 276 2222 eutem
299 2148 471 2214 daemonia
495 2165 514 2207 a
534 2140 651 2220 multis,
673 2139 844 2204 clamantia
866 2161 904 2205 ae
924 2139 1073 2222 dicentia,
1094 2142 1146 2207 Tu
1159 2163 1193 2208 es
1204 2137 1297 2206 Chri-

170 2265 238 2322 stus
255 2249 359 2316 Filius
379 2248 454 2313 Dei.
495 2245 538 2312 Et
564 2245 737 2328 increpans
759 2262 827 2306 non
854 2241 981 2307 sinebat
1008 2263 1046 2328 ea
1072 2241 1178 2329 loqui,
1207 2242 1295 2328 quod

167 2357 343 2431 novissent,
364 2352 467 2435 ipsum
491 2342 749 2414 esnaeistarum.
790 2343 841 2408 42
863 2343 966 2408 Facto
987 2343 1298 2429 autem-die,·egres·
1388 2335 1389 2351 ¹

45 2512 46 2521 ,
168 2477 222 2532 sus
250 2457 308 2521 ivit
334 2454 369 2518 in
391 2449 553 2515 desertum
585 2443 708 2522 locum,
736 2453 769 2508 et
794 2442 910 2509 turbae
937 2443 1137 2531 quaerebant
1158 2456 1296 2509 eum:·et

167 2564 327 2622 venerunt
347 2572 452 2637 usque
474 2549 652 2634 adipsum,
674 2554 707 2610 et
727 2538 918 2612 detinebant
937 2545 1036 2638 illum,
1058 2545 1296 2636 neudiscederet
1385 2623 1386 2642 χ

169 2656 211 2724 ab
232 2657 287 2720 eis.
329 2653 379 2718 43.
407 2649 538 2736 Quibus
564 2646 623 2712 ille
646 2648 703 2722 ait,
728 2643 833 2710 Etiam
862 2646 932 2712 aliis
959 2645 1141 2728 civitatibus
1168 2657 1297 2735 oportet

167 2775 219 2822 me
241 2748 466 2836 evangelizare
486 2767 621 2832 reguum
642 2747 724 2810 Dei:
746 2767 820 2809 nam
848 2747 882 2811 in
904 2748 968 2816 hoe
994 2751 1106 2814 missus
1133 2769 1212 2834 sum.
1254 2749 1296 2814 Et

166 2845 376 2942 praedicebat
396 2851 431 2916 in
453 2849 628 2934 synagogis
649 2843 829 2929 Galilaeae.

243 3043 385 3106 Marn29.
418 3035 612 3100 Venenmrr'u
621 3033 736 3096 domum
745 3035 835 3097 Petri.
868 3035 960 3114 Quod
970 3037 1045 3100 banc
1059 3039 1206 3102 historiam
1219 3041 1295 3103 Mat·
1380 3087 1381 3122 p

165 3119 268 3180 thaeus
286 3107 341 3178 duo
362 3115 467 3177 ordine
487 3117 548 3176 uon
569 3124 735 3191 recenseat,
755 3115 904 3175 coniicere
922 3116 992 3175 iude
1011 3115 1095 3191 licet,
1112 3113 1194 3198 'quod
1216 3119 1293 3179 Mar·
1379 3149 1380 3170 κ

167 3215 222 3257 eur
242 3193 416 3257 nominatim
444 3205 572 3273 quatuor
595 3203 709 3252 tautum
735 3191 895 3273 discipulus
914 3191 1035 3255 Christo
1056 3193 1149 3256 luisse
1172 3196 1295 3258 comites

166 3269 265 3333 trudit.
302 3269 421 3330 Deinde
440 3291 531 3350 quum
551 3289 568 3329 e
586 3289 736 3352 synagoga
763 3289 894 3350 egressus
918 3282 999 3332 recta
1022 3289 1053 3330 se
1079 3271 1238 3332 contulerit
1262 3274 1294 3334 iu
1377 3335 1378 3346 ἶ

47 3353 51 3370 ’
166 3349 293 3416 domum
311 3347 408 3421 Petri,
431 3358 546 3428 tempus
573 3357 671 3408 exacte
695 3367 711 3408 a
731 3345 967 3424 llnttbaeoynpn
993 3341 1082 3408 luisse
1107 3347 1293 3412 observatum
1377 3359 1378 3376 ¹

70 4119 76 4134 ¹
161 4123 291 4175 ruentem
306 4133 340 4174 ac
360 4133 479 4194 gravem
496 4113 635 4180 morbum
653 4127 685 4176 to

165 3424 252 3486 facile
271 3434 361 3504 patet.
399 3423 496 3484 Porro
515 3423 653 3484 videntur
670 3417 874 3517 Er¹augelistae
892 3421 1063 3483 miraculum
1087 3423 1144 3485 boc
1163 3426 1293 3506 peculia-

114 3523 118 3532 ·
165 3503 239 3563 riter
258 3517 403 3575 narrasse,
417 3519 481 3559 uon
500 3501 579 3580 quod
599 3521 702 3581 perse
722 3501 784 3560 alirs
804 3513 881 3562 esset
899 3499 1042 3573 nobilius,
1061 3501 1108 3578 vel
1127 3502 1293 3563 memoratu

165 3578 257 3662 magis
283 3577 420 3658 dignum,
449 3575 500 3636 sed
521 3578 590 3658 quia
618 3578 650 3636 iu
682 3597 717 3637 eo
740 3577 872 3639 Christus
901 3577 1092 3642 domesticum
1115 3589 1146 3640 et
1168 3572 1292 3640 interius

188 3652 276 3715 retiae
295 3669 364 3714 suae
382 3645 533 3733 specimen
551 3652 681 3714 exhibuit
700 3653 863 3734 discipulis:
891 3653 997 3714 deiude
1016 3655 1097 3734 quod
1120 3656 1205 3715 unius
1225 3677 1292 3714 mu-

164 3674 374 3791 bertramno
394 3725 527 3809 pluribus
551 3730 698 3792 miraculis
717 3731 797 3790 dedit
822 3731 1022 3807 communem,
1049 3743 1085 3790 nt
1104 3731 1234 3812 undique
1253 3732 1291 3792 ad

164 3827 232 3878 eum
251 3806 437 3868 confluerent
456 3806 522 3885 opis
541 3807 687 3887 petendae
698 3828 791 3868 causa.
817 3807 911 3868 Lucas
929 3819 1028 3868 tamen
1042 3808 1190 3884 virtutem,
1203 3829 1291 3889 quam

162 3880 211 3948 bic
224 3875 358 3946 Christus
377 3881 528 3963 pateiecig
547 3905 607 3945 uuo
620 3881 712 3946 verbo
732 3883 899 3964 amplificat,
917 3879 1023 3966 magui
1042 3879 1120 3945 febri
1141 3885 1290 3945 detentam

163 3955 253 4021 fuisse
272 3958 372 4020 diceus
391 3958 473 4019 Petri
490 3979 617 4021 socrum.
656 3959 774 4022 Cestius
794 3960 872 4020 enim
897 3978 931 4021 ae
959 3961 1100 4044 insignius
1126 3962 1289 4022 documen-

162 4043 224 4096 tum
244 4036 301 4094 luit
319 4034 440 4100 divinae
452 4038 614 4116 potentiae,
632 4038 773 4176 temporit
792 4049 945 4189 augmento
966 4049 997 4097 et
1015 4038 1082 4123 solu
1099 4037 1289 4176 tuotpovebe-

710 4133 769 4174 ere.
848 4135 903 4174 usn
927 4135 993 4174 uam
1028 4127 1109 4183 uteru
1126 4136 1160 4175 so
1211 4127 1289 4176 nutu

160 4181 190 4240 id
209 4198 335 4266 poterat,
355 4210 472 4252 manum
491 4201 588 4252 umen
602 4191 663 4252 eius
682 4193 737 4252 teti
757 4191 790 4269 it,
809 4190 855 4253 vel
867 4137 1289 4272 espirimeulliaifectnscausm

160 4255 207 4316 vel
230 4261 298 4338 quia
321 4265 486 4346 symbolum
510 4265 569 4346 boc
593 4281 664 4329 tuuc
687 4213 761 4329 utilia
790 4283 852 4330 esse
877 4278 1009 4330 noverat.
1040 4267 1171 4328 'Scimus
1195 4268 1287 4344 euim,

159 4349 216 4407 pro
233 4341 375 4416 temporis
394 4345 510 4406 ratione
530 4346 657 4409 externis
675 4344 814 4427 symbolis
834 4344 928 4406 libere
947 4345 1035 4406 fuisse
1053 4366 1143 4406 usum.
1214 4400 1217 4409 .

187 4646 219 4659 μ..
