2786 4742
177 302 180 311 .
219 261 278 322 254
573 272 578 282 ·
652 249 807 316 SECTIO
825 251 909 314 vm.

218 425 314 472 mare.
353 399 406 468 31.
426 395 490 466 Aut
510 401 583 486 quia
602 419 660 466 rer
672 399 905 488 proficiscens,
931 400 1159 466 utcommittat
1177 401 1326 488 proelium

219 505 373 574 adversus
395 499 528 566 alterum
548 521 667 588 regern,
686 524 797 568 nonne
809 501 926 566 sedens
939 503 1027 588 prius
1039 505 1162 588 cogitat,
1183 525 1226 569 an
1240 509 1327 590 possit
1367 496 1368 538 ³

219 630 289 674 cum
312 605 425 670 decem
447 601 590 668 millibus
610 605 784 668 occurrere
811 606 856 680 ei,
889 607 1035 688 quicum
1062 606 1174 690 viginti
1197 603 1326 669 millibus
1367 611 1368 688 i

216 695 308 772 venit
329 715 441 770 contra
462 709 518 769 se?
557 706 608 770 32
631 704 765 791 Alioqui
788 703 971 770 adhucillo
997 705 1114 790 procul
1139 716 1268 790 agente,
1291 706 1326 768 le

218 809 347 894 gatione
367 807 463 871 missa
483 807 564 893 petit
585 827 636 884 ea,
658 827 740 892 quae
760 814 835 870 sunt
854 807 951 890 pacis:
991 807 1042 870 33.
1063 806 1116 871 Sic
1137 827 1213 891 ergo
1236 811 1326 872 omnis

218 933 258 976 ex
278 907 389 986 vobis,
418 909 475 993 qui
502 927 571 972 uon
591 909 755 972 renuntiat
774 906 937 986 omnibus,
972 929 1054 993 quae
1076 907 1239 993 possidet,
1271 930 1328 973 nou
1367 913 1368 920 ’

169 1005 173 1014 ’
216 1019 326 1098 potest
346 1029 436 1078 meus
457 1027 528 1072 esse
550 1005 736 1092 discipulus.

292 1163 399 1226 Matth.
418 1171 465 1230 ³7.
506 1163 566 1248 (hei
583 1167 721 1224 mummia
737 1177 864 1240 pamm
909 1163 988 1238 Quia
1012 1162 1070 1224 boe
1092 1163 1177 1224 valde
1205 1183 1330 1244 aspemm

217 1256 272 1320 est,
291 1242 390 1302 hostes
410 1242 466 1302 sibi
485 1240 599 1320 secere,
620 1244 670 1321 qni
690 1241 920 1304 coniunctissimi
940 1262 1001 1301 esse
1021 1240 1198 1315 debuerant,
1224 1253 1255 1300 et
1273 1263 1331 1301 eum
1358 1265 1361 1272 ·

215 1341 303 1384 sensu
330 1331 452 1378 naturae
474 1331 601 1402 pugnat,
633 1321 701 1379 ideo
728 1335 807 1379 nunc
831 1315 903 1377 dicit
922 1317 1069 1394 Christus,
1098 1337 1160 1377 non
1180 1331 1266 1398 posse
1285 1339 1332 1377 nos

215 1399 269 1460 aiia
289 1397 356 1479 lege
374 1416 441 1456 suos
461 1415 524 1456 esse
543 1395 709 1478 discipulos.
747 1397 817 1456 Non
836 1394 921 1454 iubet
938 1395 1054 1474 quidem
1074 1413 1179 1472 exuere
1198 1393 1332 1455 humanos

214 1475 350 1546 affectus,
369 1491 431 1533 non
447 1483 526 1532 vetat
546 1474 617 1552 quin
637 1472 766 1533 debitam
785 1472 908 1551 quisquc
926 1469 1158 1546 benevolentiam
1177 1471 1236 1531 suis
1255 1491 1332 1553 prae·
1367 1531 1368 1538 ,

215 1564 283 1624 stet,
302 1550 353 1611 sed
375 1561 487 1610 tantum
505 1549 538 1610 in
558 1551 692 1610 ordinem
704 1548 842 1640 cogivult
855 1548 993 1627 quiequid
1013 1559 1057 1606 est
1075 1559 1192 1607 mutuae
1202 1547 1332 1614 dilectio
1367 1573 1368 1639 p

170 1633 174 1638 '
214 1629 260 1688 nis
279 1627 358 1686 inter
377 1625 528 1699 homines,
558 1639 593 1686 ut
615 1637 832 1718 superemineat
851 1627 950 1703 pietas.
982 1622 1109 1758 ‚Dilipat
1128 1644 1198 1706 ergo
1220 1627 1332 1684 maritus

213 1723 345 1777 uxorem,
364 1715 450 1782 pater
469 1703 571 1774 hlium,
591 1715 622 1762 et
630 1703 755 1762 vicissim
776 1713 888 1780 patrem
908 1697 992 1774 hiius,
1011 1721 1059 1758 mo
1083 1721 1100 1758 o
1120 1715 1158 1758 n'e
1179 1700 1332 1762 observan-

213 1783 296 1860 tiam,
317 1799 393 1859 quae
413 1778 534 1839 Christo
554 1779 688 1856 debetur,
710 1778 849 1836 humanus
869 1787 953 1836 antor
970 1775 1086 1837 obruat.
1121 1777 1198 1836 Nam
1218 1779 1243 1838 si
1262 1781 1331 1839 inter

215 1858 348 1918 homiues
363 1857 442 1938 ipsos
463 1858 511 1932 (ut
528 1856 654 1915 arctiore
665 1854 782 1913 vinculo
794 1854 899 1932 cuique
919 1875 1015 1914 sumus
1035 1853 1175 1930 devincti)
1195 1852 1246 1913 alii
1265 1855 1331 1914 aiios

138 1989 143 1999 .
214 1945 368 2018 superant,
398 1931 551 2014 indignum
572 1942 630 2005 est,
663 1928 882 1989 non'omnihus
906 1951 998 1989 unum
1019 1929 1166 1990 Christum
1186 1933 1330 2014 praeferri.

213 2011 253 2072 Et
274 2022 353 2071 certe
372 2027 433 2068 non
454 2009 520 2068 satis
539 2019 624 2089 grato
645 2009 742 2066 animo
768 2018 954 2084 reputamus,
1005 2007 1064 2066 nid
1080 2005 1117 2066 sit
1145 2026 1208 2070 esse
1229 2009 1331 2070 Christi

213 2087 398 2168 discipulum,
417 2084 471 2144 nisi
491 2083 574 2144 huius
587 2083 733 2178 dignitatis
753 2083 880 2162 pretium
899 2083 936 2142 ad
955 2027 1133 2166 subigendos
1152 2105 1255 2146 omnes
1273 2107 1331 2145 car-

213 2165 258 2225 nir‘
279 2165 402 2226 affectus
420 2160 523 2223 valeat.
553 2161 666 2222 Durior
687 2160 884 2240 estioquutio
905 2161 981 2243 apud
999 2161 1118 2236 Lucam,
1136 2164 1262 2254 puispuis
1278 2185 1331 2222 reon

213 2239 307 2302 oderit
324 2254 439 2317 piarem
464 2246 565 2299 waaris
595 2239 795 2306 idem,tamen
820 2250 937 2313 sentus,
968 2238 1001 2296 Si
1027 2259 1081 2298 nos
1106 2259 1121 2297 a
1146 2237 1263 2306 Christo
1289 2261 1329 2300 se-

213 2319 332 2399 quendo
353 2315 493 2454 impediat
511 2327 681 2377 nostrorum
700 2325 792 2389 amo'r,
812 2310 929 2373 sortiter
941 2312 1214 2395 resistendum'esse,
1234 2337 1328 2394 quem-

211 2396 369 2456 admodum
414 2392 496 2454 aulus
527 2393 617 2468 dicit,
645 2393 795 2452 Damnosa
828 2391 1000 2454 seduxisse
1030 2411 1066 2471 pr
1108 2404 1154 2452 ter
1178 2394 1327 2467 Christum,
1354 2463 1360 2472 .

145 2475 150 2480 “
212 2493 288 2622 apae
308 2473 387 2554 priua
407 2472 445 2530 in'
459 2471 547 2532 lucris
566 2470 706 2552 ponebat,
726 2467 916 2548 omniumque
933 2469 1080 2541 iacturam·
1101 2470 1215 2548 'beutep
1231 2469 1327 2534 iecisse
1367 2493 1368 2534 t

251 2550 299 2609 hil.
309 2555 348 2624 3,
367 2553 421 2624 82·
1056 2604 1059 2610 ·
1126 2612 1129 2622 .

378 2549 411 2706 d
1048 2641 1119 2700 enus
1137 2618 1327 2714 progreditur,

289 2632 336 2690 38
406 2627 437 2682 ua·
453 2645 513 2683 uon
532 2626 638 2699 accipit
654 2623 773 2687 cruceni,
787 2611 950 2702 ‘'‘A'specie
970 2619 1006 2681 ad
1027 2641 1046 2758 p

208 2714 247 2764 ut
264 2703 399 2776 sciamus,
420 2721 482 2760 non
503 2700 588 2760 aliter
605 2721 660 2760 nos
679 2721 765 2778 posse
780 2703 815 2758 in
837 2701 897 2760 eius
917 2699 1063 2777 discipnis
1082 2711 1205 2773 censen,
1225 2703 1280 2762 nisi
1299 2701 1328 2759 ad

212 2777 317 2838 multas
336 2797 490 2836 aerumnas
509 2776 641 2846 ferendas
662 2777 817 2854 compositi
835 2777 932 2839 simus.
951 2776 1003 2834 .Si
1022 2797 1077 2844 nos
1091 2787 1216 2856 torquet
1235 2798 1269 2838 ae
1287 2799 1329 2836 er-

214 2855 334 2927 cruciat,
355 2853 435 2932 quod
455 2851 606 2934 Evangelii
625 2872 709 2910 causa
730 2852 815 2913 nobis
836 2864 880 2922 est
898 2873 963 2912 cum
984 2865 1080 2934 patre,
1099 2852 1270 2928 vel'uxore,
1289 2853 1329 2914 vei

100 2957 109 2968 ·
212 2930 312 2990 liberis
333 2929 497 3003 dissidium,
516 2927 719 2989 veniat'nobis
739 2927 769 2986 in
789 2929 918 2987 ruentem
938 2929 991 2988 ista
1010 2929 1160 3006 conditio,
1186 2929 1329 2992 Christum

213 3027 315 3068 omnes
335 3027 403 3069 suos
424 3004 580 3085 discipulos
600 3003 679 3064 cruci
698 2995 842 3080 addiscite.
885 3005 1003 3078 Interea
1027 3005 1130 3080 subeat
1148 3008 1234 3068 etiam
1255 3029 1330 3067 men·

211 3095 273 3144 tem
294 3083 364 3144 haec
377 3081 559 3154 consolatio,
579 3100 634 3140 nos
654 3078 684 3138 in
704 3069 826 3140 serenda
847 3099 933 3142 cruce
954 3081 1063 3142 Christi
1083 3101 1143 3142 esse
1163 3085 1277 3144 socios:
1298 3085 1330 3142 ita

211 3159 265 3218 fiet
289 3171 323 3218 ut
348 3159 434 3219 facile
456 3159 589 3218 mitescat
609 3157 703 3216 omnis
730 3147 897 3218 acerbitas·
931 3159 1020 3220 Cruci
1050 3173 1117 3220 suae
1147 3173 1207 3219 non
1241 3163 1329 3222 miuus
1357 3163 1368 3228 ‘,

212 3235 289 3294 affixi
301 3247 369 3294 sunt
381 3235 512 3314 reprobi,
531 3251 675 3308 neceam,
695 3236 877 3314 quantumvis
886 3235 1047 3312 luctentur,
1067 3248 1201 3300 excutere
1214 3249 1330 3373 pueunt,
1367 3233 1368 3256 ³

210 3311 262 3370 sed
282 3311 349 3390 quia
370 3323 449 3370 extra
470 3309 705 3376 Christumcrux
724 3312 877 3383 maledicta
897 3324 950 3386 est,
970 3323 1068 3386 manet
1088 3333 1137 3372 eos
1156 3313 1217 3376 inie
1230 3316 1259 3374 ix
1279 3315 1330 3374 eri-

209 3398 267 3446 tus.
307 3379 409 3460 Quare
429 3385 500 3447 haec
521 3386 579 3446 duo
600 3387 685 3447 simul
705 3383 882 3448 connectere
902 3389 1057 3466 discamus,
1074 3388 1208 3470 fidelibus
1227 3391 1331 3452 tollen·

211 3465 359 3524 demeare
380 3483 514 3537 crucem,
544 3475 577 3523 ut
595 3477 757 3545 sequantur
773 3466 962 3548 Magistrum:
994 3466 1050 3527 boc
1070 3479 1129 3540 est,
1158 3485 1191 3534 se
1217 3469 1256 3529 ad
1277 3470 1331 3527 eius

114 3601 127 3637 ,ι
211 3538 375 3634 exemplum
399 3541 605 3620 conforment,
639 3554 673 3639 ‘i
690 3555 829 3622 tanquam
853 3542 902 3618 fidi
927 3544 1252 3634 comitesadhaereant
1276 3546 1332 3605 eius

210 3630 349 3761 wiltis·
375 3688 434 3777 Qu
456 3693 594 3754 invenerit
616 3669 742 3754 naamam
764 3702 856 3755 suum.
903 3687 1110 3777 Ne'superior
1134 3694 1270 3758 doctrina
1292 3702 1332 3770 tut

124 3840 127 3846 ,
210 3772 370 3831 admodum
391 3769 516 3830 difficilis
536 3785 567 3832 et
586 3771 807 3833 caminatum
828 3774 897 3847 est).
912 3789 1012 3908 parum
1038 3775 1077 3842 sit
1100 3791 1156 3852 per
1167 3794 1211 3843 se,
1224 3776 1331 3845 efficax,
1367 3779 1368 3784 ’

210 3848 326 3921 duobus
345 3847 440 3908 modis
461 3866 523 3908 eam
544 3849 892 3922 confirmat‘Christus·=iu
934 3873 965 3912 ac
984 3851 1331 3944 sententiaspronuutiat

173 3981 177 3986 .
210 3924 306 3999 eninr,
332 3924 419 3985 nimis
438 3935 537 3984 cautos
558 3938 588 3985 et
607 3925 761 4006 providos,
789 3926 842 3986 ubi
870 3926 926 3988 sibi
946 3927 998 3988 visi
1017 3928 1236 4002 suerintv'rtam
1255 3947 1330 3988 suam
1367 3977 1368 3990 ,

208 4001 322 4078 optime
341 4019 480 4075 servasse,
499 4000 667 4061 frustratum
687 3991 724 4062 iri
743 4025 776 4064 ac
796 4022 860 4064 eam
878 4004 1061 4085 perdituros:
1082 4023 1207 4078 rursum,
1225 4007 1278 4084 qui
1292 4005 1331 4062 vi-

208 4085 266 4163 tam
287 4075 484 4156 neglexerint,
514 4077 589 4136 nihil
616 4077 743 4148 iacturae
763 4080 908 4155 facturos,
939 4082 1005 4161 quia
1025 4089 1086 4140 eam
1107 4082 1330 4172 recuperabunt.

209 4147 340 4230 Scimus,
367 4155 444 4214 vitae
459 4163 548 4214 causa
569 4153 666 4214 omnia
690 4154 756 4216 fieri
774 4168 803 4227 et
823 4157 934 4222 omittit
959 4169 1063 4220 tantus,
1078 4156 1164 4218 nobis
1182 4159 1330 4239 ingenitus

210 4233 255 4278 est
275 4225 337 4311 eius
356 4248 448 4289 amor.
494 4231 595 4307 Quare
620 4249 738 4290 neeesse
763 4232 820 4291 suit
840 4233 975 4308 Christo,
999 4245 1032 4294 ut
1050 4253 1117 4308 suus
1137 4227 1280 4294 animaret
1299 4231 1330 4292 ad

207 4307 311 4356 mortu
331 4303 551 4385 contemptum,
570 4307 610 4366 ita
629 4309 803 4384 promittere
824 4320 854 4368 et
865 4310 984 4378 minari,
1020 4307 1153 4382 [marrire
1169 4313 1259 4369 ndum
1278 4309 1331 4368 hoe

120 4403 125 4418 ι
171 4439 179 4448 ἡ
207 4365 277 4456 loco
295 4373 526 4476 significatum
544 4382 710 4464 possidere,
736 4385 824 4465 qumi
840 4387 894 4447 sub
919 4399 983 4448 tuta
1006 4386 1147 4448 mstodia.
1161 4385 1261 4485 altam
1283 4383 1329 4467 qui
