2808 4748
94 202 98 230 ¹
208 235 266 300 124
337 207 342 232 ¹
385 224 568 290 'sncrlo
588 225 626 284 v.
663 220 813 284 Monnms
832 223 909 345 issu
927 235 1124 286 rmuoaou.

208 375 375 474 spondens
394 373 506 441 Simon
526 371 605 440 dixit
622 368 686 456 illi,
700 373 919 460 Praeceptor,
939 391 1000 458 per
1021 383 1121 438 totam
1142 379 1272 438 noctem
1294 371 1343 438 la-

205 479 361 546 borantes
380 475 463 542 nihil
483 475 641 560 cepimus:
660 481 771 538 tamen
790 471 832 538 ad
852 470 989 538 verbum
1009 484 1098 538 tuum
1119 471 1236 539 laxabo
1258 485 1341 539 rete.

204 582 238 648 6.
255 579 299 646 Et
319 599 417 665 quum
437 575 502 640 boc
523 573 683 653 fecissent,
704 567 933 640 'concluserunt
952 575 1086 659 piscium
1100 573 1340 640 multitudinem

207 681 388 767 copiosam:
412 671 622 762 rumpebatur
650 685 756 740 autem
778 685 848 740 rete
869 695 991 746 eorum.
1033 677 1063 742 7.
1090 676 1133 741 Et
1154 663 1341 740 annueiunt

205 783 317 860 sociis,
344 779 514 866 quierant
537 778 572 841 in
600 774 702 840 altera
727 779 818 853 navi,
857 786 893 840 ut
919 778 1069 842 venirent
1094 787 1127 842 et
1144 775 1338 842 adiuvarent

204 883 303 968 ipsos
343 878 387 945 Et
404 884 582 954 nonerunt,
605 886 701 964 atque
722 875 939 964 impleverunt
961 875 1071 944 ambas
1091 898 1208 964 naves,
1234 879 1280 942 ita
1302 885 1336 941 ut

203 990 435 1069 mergerentur.
476 980 506 1045 8.
528 975 631 1063 Quod
652 997 751 1062 quum
776 976 912 1043 vidisset
929 977 1042 1044 Simon
1062 979 1191 1055 Petrus,
1218 977 1334 1042 accidit

204 1082 249 1150 ad
269 1103 375 1169 genua
395 1082 485 1157 lesu,
507 1076 633 1156 dicens,
648 1075 793 1146 Discede
813 1100 832 1143 a
855 1100 926 1162 nte,
946 1079 1106 1156 Domine,
1137 1080 1213 1165 quia
1234 1078 1332 1145 bomo

201 1195 357 1274 peccator
376 1203 455 1247 sum.
495 1181 526 1244 9.
547 1172 670 1263 Stupor
685 1179 770 1244 enim
793 1179 1051 1246 circumdederat
1072 1201 1154 1260 eum,
1176 1190 1333 1245 etomnes

203 1289 261 1376 qui
288 1308 360 1350 cum
386 1281 444 1349 illo
472 1287 577 1358 erant,
608 1299 708 1364 super
742 1289 838 1366 captu
864 1283 1013 1366 piscium,
1042 1302 1139 1368 quem
1167 1293 1331 1367 ceperant

201 1385 254 1456 10.
273 1381 428 1450 Similiter
448 1389 554 1445 autem
574 1377 727 1446 Iacobum
750 1389 783 1445 et
803 1381 960 1447 loannem
980 1381 1069 1448 filios
1082 1380 1257 1460 Zebedaei,
1277 1383 1330 1468 qui

203 1496 297 1554 erant
315 1485 400 1550 socii
419 1481 552 1547 simoni.
594 1479 637 1546 Et
657 1483 703 1546 ait
733 1480 774 1547 ad
795 1481 959 1548 Simonem
985 1483 1088 1562 lesus,
1114 1476 1328 1550 Nessmetuas:

201 1585 338 1675 posthac
358 1585 444 1649 enim
472 1582 621 1648 homines
647 1583 765 1667 capies.
813 1581 862 1646 11.
888 1582 931 1658 Et
956 1581 1123 1650 subductis
1149 1584 1325 1650 interram

200 1683 347 1768 navibus,
366 1683 489 1752 relictis
510 1681 668 1764 omnibus,
689 1683 818 1788 sequuti
839 1693 914 1751 sont
933 1705 1016 1768 eom.

274 1895 381 1969 liant.
411 1911 459 1974 18.
482 1903 669 1966 'Anthedone
692 1917 787 1964 oram
808 1902 893 1964 lesnes
914 1917 965 1966 etc.
1004 1905 1085 1984 Quia
1109 1903 1180 1966 hacc
1202 1881 1322 1966 historia
1382 1929 1386 2026 p

200 1982 334 2062 dnobus,
355 2004 428 2066 quae
448 1993 552 2075 postea
569 1980 750 2065 videbimus,
774 1980 919 2041 miraculis
938 1983 1087 2063 posterior
1105 1981 1229 2043 habetur
1247 1979 1322 2061 apud

196 2059 323 2136 Lucam,
345 2060 435 2144 vulgo
454 2059 577 2121 invaluit
596 2057 716 2139 opinio,
741 2057 821 2143 qood
840 2057 877 2118 ab
902 2058 968 2139 ipso
993 2070 1126 2119 narratur
1143 2054 1322 2132 miraculum,

196 2138 349 2218 aliquanto
369 2149 438 2219 post
456 2148 603 2216 tempore,
623 2155 709 2214 quarn
729 2157 746 2196 a
766 2134 886 2197 Christo
906 2135 1002 2196 vocati
1021 2147 1133 2210 essent,
1153 2134 1240 2196 luisse
1259 2135 1320 2194 edi-

195 2225 267 2276 tum.
306 2214 369 2276 Sed
387 2235 489 2295 parom
508 2212 652 2274 momenti
676 2211 765 2273 habet
789 2212 885 2287 ratio,-
911 2233 999 2292 quam
1021 2223 1196 2292 sequuntur:
1226 2230 1322 2292 neque

195 2292 276 2352 enim
295 2303 375 2352 certa
395 2290 529 2351 distincta
551 2309 588 2350 ue
612 2299 672 2349 tem
696 2310 779 2350 orum
804 2288 879 2349 serie
904 2289 1022 2350 annales
1049 2309 1229 2369 componere
1253 2308 1321 2368 pro·

184 2367 408 2452 'positumluit
425 2367 505 2428 Evan
530 2312 650 2444 llistisv¹
708 2365 767 2426 nde
791 2364 835 2442 fit,
860 2375 893 2425 ut
916 2365 1054 2448 neglecto
1078 2361 1191 2425 dierum
1216 2366 1320 2426 ordine
1384 2397 1385 2408 κ

195 2465 232 2506 ox
252 2445 342 2506 rebus
371 2445 461 2528 gestis
488 2387 599 2507 elstera·
629 2443 798 2525 praecipuas
828 2463 958 2534 quasque
987 2443 1151 2503 summatim
1181 2441 1319 2526 colligere
1384 2515 1385 2524 ἵ

192 2521 265 2585 eatis
284 2522 420 2583 babeant.
458 2521 615 2582 Annorum
626 2521 744 2602 quidem
765 2519 863 2580 habita
882 2519 940 2580 sort
957 2518 992 2580 ab
1012 2518 1070 2580 illis
1089 2519 1175 2595 ratio,
1194 2532 1227 2579 ut
1246 2541 1317 2580 con·
1384 2547 1385 2566 κ

192 2598 328 2680 apicuum
348 2609 425 2659 esset
443 2598 620 2672 lectoribus,
640 2598 791 2676 quomodo
812 2596 967 2656 defunctus
992 2596 1030 2656 sit
1048 2594 1182 2657 Christus
1199 2596 1317 2656 triennii

193 2696 296 2749 cursu,
321 2673 359 2734 ab
383 2674 469 2734 initio
494 2675 719 2753 praedicationis
745 2693 836 2752 usque
861 2672 897 2746 ad
921 2683 1056 2732 mortem.
1101 2671 1161 2734 Sed
1188 2693 1262 2753 quae
1287 2673 1317 2732 in

192 2749 272 2812 idem
298 2751 361 2810 fere
385 2761 502 2828 tempus
527 2749 695 2810 inciderunt
723 2748 878 2822 miracula,
900 2747 993 2808 libere
1017 2750 1206 2830 permiscent:
1237 2750 1316 2828 quod

192 2824 327 2905 pluribus
351 2825 457 2886 deinde
483 2823 620 2905 exemplis
640 2825 747 2886 certius
773 2822 895 2905 patebit.
944 2824 1032 2886 Nunc
1057 2846 1128 2887 vero
1153 2824 1276 2886 eandem
1299 2847 1315 2886 a

40 2971 44 2984 Ι
189 2900 287 2964 tribus
307 2900 457 2962 historiam
477 2903 604 2976 narrari,
635 2901 768 2982 pluribus
792 2901 969 2982 argumentis
995 2913 1125 2962 constat:
1143 2907 1193 2961 'cx
1212 2902 1315 2983 quihus

119 3021 121 3028 ‹
188 2990 290 3044 tameo
308 2998 400 3038 unum
419 2978 476 3038 hoc
495 2999 558 3038 non
577 2977 767 3041 contentioso
787 2975 894 3039 lectori
913 2977 1055 3054 sufficiet,
1081 2979 1161 3060 quod
1179 2991 1240 3040 tres
1259 2978 1313 3061 ipsi

188 3075 251 3116 uno
276 3075 422 3117 consensu
445 3053 564 3116 tandem
588 3056 716 3130 docent,
740 3053 862 3115 Petrum
887 3066 917 3116 ct
935 3055 1100 3130 Andream‚
1124 3056 1266 3118 Iacobum
1286 3067 1315 3116 et

188 3133 334 3193 Ioannem
354 3144 467 3194 creatos
486 3131 575 3192 fuisse
587 3131 759 3212 Apostolos.
798 3131 831 3191 Si
849 3129 930 3212 prins
945 3131 1040 3195 vocati
1060 3133 1196 3208 fuissent,
1211 3153 1313 3213 seque·
1382 3173 1383 3191 .

188 3219 289 3283 retur,
320 3207 408 3269 luisse
426 3218 589 3288 apostatas,
608 3207 659 3288 qui
678 3208 796 3268 deserto
822 3208 963 3290 magistro
991 3219 1021 3268 ct
1044 3221 1142 3290 spreta
1160 3213 1312 3272 vocatione

186 3283 298 3346 reversi
317 3297 415 3345 essent
438 3285 475 3344 ad
501 3285 656 3367 pristinum
677 3285 756 3346 vitae
779 3304 881 3368 genos.
923 3287 992 3346 Hoc
1010 3289 1127 3349 tantum
1148 3298 1192 3348 cst
1211 3287 1312 3350 discri-

136 3359 141 3375 “
186 3361 273 3424 minis
291 3360 371 3421 inter
384 3361 493 3422 Lucam
514 3373 546 3421 et
563 3363 637 3422 duos
657 3361 796 3442 reliquos,
836 3361 895 3422 uod
911 3358 1085 3422 'miraculum
1104 3362 1141 3422 ab
1161 3363 1205 3423 his
1224 3366 1311 3426 omis

117 3513 120 3518 ¹
187 3461 254 3501 sum
272 3437 351 3498 solus
370 3439 482 3498 recitat.
522 3437 582 3498 Sed
601 3438 658 3500 hoc
699 3458 797 3519 uoque
815 3383 1009 3522 drangelistis
1028 3459 1090 3499 non
1111 3443 1155 3500 es‘t
1173 3439 1310 3515 insolens,

211 3527 303 3578 artam
326 3533 415 3574 unam
439 3514 484 3573 rei
541 3527 620 3592 stae,
643 3460 741 3576 malitis
761 3516 984 3576 circumstantiis
1004 3515 1131 3591 omissis,
1158 3517 1309 3599 attingere.

29 3659 33 3670 .
187 3538 290 3670 linare
310 3589 382 3654 nihil
405 3589 494 3651 ahsur
513 3615 523 3651 1
549 3603 609 3667 cst,
632 3591 656 3652 si
681 3593 809 3652 dicamus
831 3592 1023 3672 praeteritum
1046 3590 1133 3652 luisse
1155 3615 1171 3654 a
1197 3593 1308 3654 duobus

108 3689 111 3694 ’
185 3667 374 3747 miraculum,
403 3667 484 3748 quod
508 3667 544 3728 ah
575 3689 637 3729 uno
662 3669 799 3728 refertur.
849 3669 889 3729 Et
912 3671 1059 3732 memoria,
1076 3669 1237 3731 tenendum
1266 3682 1308 3730 est
1380 3729 1381 3750 p

208 3746 269 3808 uod
288 3744 358 3806 dicit
369 3744 513 3821 'loannem
537 3765 572 3806 ex
589 3745 748 3806 innumeris
766 3743 876 3806 Christi
894 3744 1041 3806 miraculis
1061 3745 1204 3806 delectam
1223 3747 1308 3816 luisse

216 3823 314 3904 ‘quam
336 3834 465 3902 partem,
492 3842 568 3902 quae
592 3822 628 3882 ad
652 3822 833 3903 probandam
858 3821 919 3883 eius
943 3823 1069 3883 divinam
1092 3823 1257 3902 potentiam
1279 3835 1308 3883 st

183 3900 275 3964 fidem
293 3899 325 3958 in
345 3919 382 3958 eo
401 3908 531 3960 nostram
543 3897 772 3961 confirmandam
791 3898 947 3963 sufficeret.
985 3897 1093 3959 Nihili
1115 3900 1173 3960 itur
1192 3901 1306 3974 mirum,

185 3977 210 4037 si
228 3975 416 4037 vocationem
434 3986 562 4055 quatuor
579 3974 791 4056 Apostolorum
816 3975 929 4056 parcius
949 3975 1080 4036 delibant
1124 3975 1259 4048 ,atthaeus
1278 3988 1308 4036 et
1379 4001 1380 4037 i

184 4051 313 4130 Marcus,
333 4052 415 4114 cuius
435 4053 620 4112 occasionem
637 4053 732 4113 Lucas
751 4053 841 4116 fusius
862 4052 1035 4133 exsequitur.

261 4127 334 4188 Luc
358 4132 386 4193 1.
423 4127 528 4190 Stoboi
547 4133 635 4188 iacto
657 4144 800 4206 magnum
845 4128 1008 4190 Matthaeus
1036 4139 1067 4188 ct
1089 4130 1205 4192 Marcus
1228 4149 1305 4190 mare

177 4197 336 4284 'Galilaeae
359 4203 514 4269 nominant
532 4207 603 4267 trito
623 4205 741 4290 linguae
766 4225 835 4267 suae
858 4225 951 4266 more.
997 4205 1165 4280 Lacusille
1189 4208 1307 4288 proprie

186 4273 330 4338 Hebraeis
349 4279 420 4341 olim
447 4281 540 4346 dictos
566 4282 621 4343 luit
639 4303 729 4350 onon.
770 4281 894 4354 illeinde,
911 4279 1013 4366 lingua
1032 4293 1169 4364 corrupta
1180 4303 1236 4344 vox
1256 4283 1306 4342 de·
1378 4293 1379 4300 ’

188 4352 262 4420 dext
286 4357 343 4425 luit
365 4361 397 4428 io
417 4363 610 4436 Genesareth.
655 4366 778 4434 Proust
801 4367 958 4454 scriptores
985 4363 1163 4433 Genesarem
1187 4379 1307 4434 noranta
