2816 4746
512 269 605 332 ANN.
625 269 818 375 mummi.
1197 279 1234 339 11

94 418 264 492 ἀδιάφορον
284 407 366 474 litem
382 424 546 476 moverent.
585 415 636 475 Sic
657 414 787 475 obtinuit
804 408 885 499 pinis
904 414 1000 498 azymi
1018 409 1101 482 usus:
1124 415 1233 498 dequo

96 495 189 554 etiam
209 504 316 573 postca
341 491 489 551 restitutus
510 489 649 553 Calvinus
673 512 822 572 nunquam
847 488 1084 554 contendendum
1110 495 1233 574 putavit,

98 570 229 630 minime
247 581 346 630 tamen
366 567 560 646 dissimulans,
579 567 649 650 quid
670 567 782 648 alioqui
800 570 894 650 magis
911 582 987 630 esset
1005 571 1190 653 probaturus.

148 722 267 799 (1539.)
285 717 325 779 At
340 719 515 802 ecce'longe
531 740 599 780 mox
614 720 691 782 aliud
708 719 900 800 periculosius
921 721 1026 784 malum
1053 747 1131 786 auno
1151 727 1234 787 vide-

97 799 178 859 licet
196 797 389 856 MDXXXlX.
409 810 557 871 exortum,
583 798 726 879 simulque
747 796 862 861 Caluini
884 798 1033 880 diligentia
1053 804 1234 867 exstinctum.

99 877 180 936 Erat
207 886 268 934 tum
298 873 407 953 Episco
430 895 463 933 us
497 873 771 954 Carpentoratensis
809 871 860 954 [de
887 875 1078 956 Conpertum]
1108 877 1235 944 Iacobus

103 950 260 1014 Sadoletus
272 972 387 1034 magna
399 896 568 1030 eloquentia
589 952 688 1026 homo,
708 951 758 1011 sed
776 972 831 1029 qua
846 951 989 1031 imprimis
1009 952 1046 1011 ad
1065 974 1103 1039 op
1126 957 1235 1016 rimen-

103 1029 171 1090 dam
189 1028 318 1092 ueritatis
337 1026 434 1088 lucem
453 1027 636 1088 abuteretur:
661 1047 718 1088 uec
742 1026 824 1088 aliam
845 1028 885 1088 ob
906 1049 1021 1090 causam
1041 1030 1072 1089 in
1120 1035 1236 1095 ardina-

99 1106 176 1166 lium
193 1125 349 1164 numerum
368 1104 488 1176 ascitus,
519 1125 604 1184 quam
630 1116 662 1164 ut
681 1103 726 1163 vir
750 1104 861 1184 alioqui
885 1105 961 1166 vitae
985 1125 1047 1165 non
1072 1105 1235 1188 flagitiosae

100 1203 179 1262 quos
202 1193 306 1262 posset
329 1181 446 1241 colores
471 1179 558 1241 lalsae
577 1180 717 1264 religioni
736 1179 897 1240 induceret.
942 1181 971 1242 ls
996 1182 1150 1246 observata
1175 1186 1235 1249 eius

99 1259 246 1339 temporis
271 1258 427 1318 occasione
451 1257 620 1318 destitutum
646 1257 733 1344 tantis
756 1257 921 1336 pastoribus
946 1277 1067 1342 gregem
1094 1259 1180 1320 facile
1205 1275 1258 1323 se*

100 1334 338 1414 interceptarum
362 1333 535 1407 arbitratus,
562 1334 698 1395 viciniam
726 1353 846 1414 quoque
876 1347 1047 1413 praetexens
1073 1339 1133 1412 (est
1160 1339 1239 1400 enim
1325 1372 1327 1382 ι

102 1411 383 1492 Carpentoratcosis
414 1409 525 1472 Civitas
552 1410 762 1491 Delphinatui,
799 1421 829 1468 et
864 1410 912 1471 hic
941 1433 1040 1473 rursus
1072 1411 1239 1476 Sabaudiae

102 1488 279 1570 contiguus)
299 1487 499 1546 literas'dedit
518 1485 775 1560 desideratissimis,
794 1507 868 1565 quos
886 1499 981 1562 vocat,
998 1489 1129 1565 Senatui,
1151 1492 1237 1552 Coo-

102 1560 172 1626 silio
207 1563 382 1654 populoque
407 1561 601 1624 Generatium
634 1563 803 1642 inscriptas,
836 1563 867 1623 in
899 1563 1004 1644 quibus
1030 1565 1104 1625 nihil
1131 1583 1237 1630 eorum

102 1631 332 1722 praetermisit,²
345 1659 418 1720 quae
442 1639 478 1700 ad
506 1660 558 1700 eos
581 1640 613 1700 iu
634 1639 795 1700 Romanae,
808 1639 885 1700 illius
908 1643 1071 1704 meretricis
1092 1647 1237 1725 gremium

102 1717 288 1778 revocandos
306 1717 498 1795 pertinerent.
537 1715 598 1777 Illis
616 1737 705 1777 nemo
724 1727 788 1776 tum
800 1715 1024 1788 eratGene'vae,
1044 1720 1093 1800 qui
1112 1739 1238 1802 respou-

103 1815 171 1854 sum
192 1805 373 1874 opponeret:
401 1793 475 1853 adeo
497 1805 530 1854 ut
549 1795 605 1854 nisi
624 1793 784 1876 peregrino
803 1814 939 1854 sermone
959 1797 1084 1876 scriptae
1104 1797 1236 1876 luissent,-

103 1891 246 1951 magnum
267 1871 374 1930 civitati
400 1871 429 1930 in
450 1891 487 1930 eo
510 1891 608 1930 rerum
631 1882 709 1932 statu
733 1869 870 1932 damnum
897 1871 1017 1931 daturae
1042 1871 1130 1934 inisse
1154 1876 1237 1936 vide·

104 1959 203 2007 autun
242 1947 283 2007 At
307 1947 370 2006 illas
391 1946 528 2008 Calvinus
546 1947 733 2028 Argentinae
799 1968 848 2007 um
874 1946 1008 2029 legisset,
1033 1951 1165 2010 onmium
1189 1953 1236 2010 in-

103 2023 245 2084 iuriarum
265 2023 375 2084 oblitus
393 2024 434 2088 sic
452 2024 549 2084 statim
570 2035 602 2084 et
617 2045 687 2086 vere
707 2034 739 2083 et
757 2037 932 2103 coquenter
951 2027 1114 2106 respondit,
1134 2040 1167 2087 ut
1186 2029 1236 2089 ille

105 2121 178 2160 mox
206 2099 301 2162 totuin
330 2101 408 2160 istud
439 2100 592 2184 negotium
617 2113 754 2182 tanquam
779 2102 962 2181 desperatum
996 2104 1136 2163 omiserit.
1176 2105 1237 2165 Sed

104 2197 205 2255 neque
223 2178 334 2237 tamdiu
354 2189 534 2256 exspectaret
546 2177 695 2251 Calvinus,
715 2189 749 2235 ut
766 2177 794 2236 le
817 2177 929 2237 itimum
948 2178 1030 2239 illum
1050 2182 1173 2260 pastoris
1194 2183 1239 2240 af-

103 2251 217 2314 fectum
234 2265 402 2328 testaretur,
420 2273 507 2334 quem
526 2273 596 2336 erga
614 2253 739 2326 sanioris
757 2197 855 2315 iudicii
868 2253 1058 2322 Genevenses
1076 2269 1139 2317 tum
1160 2259 1238 2338 apud

103 2349 175 2390 suos
195 2331 362 2411 gravissime
388 2352 440 2408 pro
466 2331 756 2412 communi'pietatis
776 2351 861 2392 cause
882 2331 1049 2393 laborantes
1075 2335 1237 2395 retinebat:

104 2408 190 2466 cuius
210 2407 333 2466 allectus
353 2405 534 2466 luculentum
553 2407 755 2466 testimonium
775 2407 914 2466 exhibent
936 2407 1065 2486 insignes
1086 2409 1237 2486 epistolae,

130 2503 180 2540 uas
201 2482 237 2540 ad
260 2481 326 2540 illos
346 2503 426 2542 anno
449 2483 458 2539 i
480 2502 513 2540 so
540 2503 600 2559 quo
624 2483 751 2541 reiectus
775 2493 821 2542 est
842 2501 877 2540 ac
900 2483 1031 2558 proxime
1052 2497 1236 2562 consequuto

103 2502 293 2638 {rgentinac
317 2556 408 2614 dedit.
477 2577 525 2614 um
549 2577 607 2634 quo
630 2576 668 2614 uc
687 2555 908 2615 institutionem
931 2555 1124 2618 Christianam
1144 2563 1246 2622 multo'

106 2633 286 2706 auctiorem,
307 2631 543 2694 Commentarios
563 2633 594 2692 in
611 2577 776 2713 llpistolan
789 2625 833 2692 'ad
851 2631 1002 2693 Romanos
1022 2634 1138 2696 Simoni
1159 2636 1238 2719 Gry-

106 2731 185 2772 naeo
205 2710 379 2770 amicissimo
398 2729 453 2768 suo
473 2709 599 2784 dicatos,
619 2705 770 2769 aureolum
791 2709 918 2790 denique
938 2708 1068 2770 libellum
1089 2711 1182 2774 edidit
1202 2717 1239 2776 de

109 2788 213 2849 Coena
232 2787 356 2847 Domini
375 2787 403 2845 in
427 2784 580 2846 Gallorum
600 2805 721 2847 suorum
748 2808 846 2862 usum,
871 2807 958 2880 quem
983 2787 1091 2848 deinde
1116 2791 1238 2870 latinum
1276 2849 1282 2860 ,

106 2864 179 2926 iecit
198 2864 343 2925 Galaditis:
364 2861 446 2943 quo'd
465 2875 670 2946 argumentum
688 2863 727 2922 ita
745 2862 845 2923 dextre
865 2863 949 2926 simul
969 2887 1002 2925 ac
1023 2867 1137 2927 erudite
1155 2870 1238 2929 vide-

105 2953 157 3002 tur
176 2943 338 3022 explicasse,
358 2952 391 2999 ut
410 2940 458 3001 illa
477 2952 524 3000 tot
543 2941 805 3014 infelicissimarum
825 2943 1093 3002 controversiarum
1115 2945 1237 3022 decisio,

105 3019 140 3077 in
161 3040 215 3097 qua
236 3019 418 3078 doctissimus
439 3039 472 3078 ac
497 3019 626 3098 optimus
649 3018 713 3097 quis
737 3039 772 3078 ue
797 3019 904 3078 merito
931 3019 1089 3096 acquievit,
1114 3021 1157 3079 illi
1182 3043 1239 3102 po·

108 3095 249 3155 tissimum
273 3094 433 3155 secundum
457 3094 556 3154 Deum
580 3107 699 3176 accepta
717 3038 844 3154 leratur.
883 3097 946 3155 Nec
969 3095 1069 3155 minor
1093 3097 1149 3156 fuit
1176 3100 1238 3160 eius

108 3170 230 3232 felicitas
249 3173 280 3230 io
301 3171 398 3230 multis
416 3175 447 3230 in
465 3171 542 3233 viam
562 3171 733 3234 revocandis
753 3170 966 3251 Anabaptistis,
986 3172 1064 3232 inter
1084 3195 1158 3253 quos
1179 3175 1239 3236 duo

108 3249 259 3338 praecipui
279 3249 404 3321 fuerant,
424 3269 498 3308 unus
511 3247 756 3322 PaulusVolsius,
776 3249 823 3308 cui
842 3248 897 3306 iam
917 3246 988 3306 olim
998 3249 1133 3310 Erasmus
1153 3273 1238 3313 suum

109 3326 180 3386 illud
191 3325 394 3385 hochiridium
407 3325 505 3385 militis
518 3324 677 3386 Christiani
699 3326 855 3398 dicaverat,
875 3335 975 3402 etquo
996 3338 1114 3404 pastore
1135 3340 1238 3408 postea

109 3423 159 3462 usa
179 3414 224 3462 est
240 3403 465 3496 Argentinensis
483 3400 617 3461 ecclesia:
638 3402 712 3460 alter
729 3400 855 3461 Ioannes
876 3392 994 3478 quidem
1013 3401 1139 3462 Storder
1157 3405 1238 3466 Leo-

111 3479 229 3555 diensis,
250 3501 330 3540 curus
351 3490 453 3558 postea
471 3489 553 3568 peste
574 3479 706 3538 exstincti
725 3478 841 3538 viduam
854 3478 1006 3541 ldelletam
1020 3481 1150 3556 nomine,
1171 3503 1239 3563 gra·

110 3575 173 3616 vem
186 3557 398 3634 honestamque
410 3555 558 3627 femmam,
567 3554 704 3615 Calvinus
717 3555 864 3614 chuceri
880 3555 1003 3615 consilio
1017 3575 1136 3616 uxorem
1150 3559 1238 3618 duxit.

149 3713 221 3785 (154
243 3710 265 3785 .)
274 3711 355 3768 Haec
366 3719 428 3768 mm
436 3707 549 3769 Calviui
560 3701 654 3768 studia
666 3706 973 3788 fuerunthrgentinae
984 3709 1018 3768 ad
1031 3731 1138 3770 annum
1147 3730 1239 3788 usque

110 3717 261 3861 Mortui,
282 3784 341 3866 quo
363 3807 441 3846 anuo
462 3786 582 3846 suerunt
601 3785 963 3847 aCaesareWormatiam
975 3787 1111 3879 primum,
1132 3785 1240 3844 deinde

87 3863 299 3924 ‘Ratisbonam
332 3863 460 3924 Comitia
493 3863 704 3941 componendis
734 3861 884 3944 religionis
915 3864 1036 3922 dissidiis
1069 3874 1239 3922 convocata.

69 3937 71 3944 ’
111 3939 149 4001 Iis
200 3940 279 4020 quod
304 3941 344 4000 ita
371 3939 597 4033 Theologorum
621 3939 880 4020 Argentinensium
912 3939 1040 4022 collegio
1072 3939 1239 4028 placuisset,

113 3983 250 4080 Calvinus
270 4017 370 4092 alluit,
395 4017 525 4076 ecclesus
545 4037 578 4075 ac
597 4037 665 4076 suae
687 4017 856 4096 praesertim
876 4015 989 4078 Galliae
1010 4017 1128 4102 minime
1148 4015 1240 4074 inuti-

111 4095 168 4156 lem
188 4115 206 4154 o
231 4113 310 4154 eram
329 4115 450 4168 navans,
478 4105 508 4152 et
532 4093 668 4175 Philippo
689 4092 911 4152 hlelanchthoni
939 4105 968 4150 et
989 4091 1112 4170 Gaspari
1134 4089 1240 4152 Cruci-

209 4115 311 4232 lleatae
337 4171 496 4231 memoriae
521 4171 661 4250 imprimis
687 4183 801 4253 gratus,
826 4171 901 4229 arico
926 4179 959 4228 ut
985 4185 1051 4225 cum
1076 4166 1126 4225 ille
1151 4189 1263 4250 saepe,x

112 4193 560 4344 leidulugumcognominarit,
586 4247 631 4308 hic
657 4269 727 4308 vero
755 4246 958 4335 privatum-de
980 4244 1084 4333 Coeus
1109 4265 1174 4306 cnm
1202 4267 1241 4306 eo

113 4327 292 4409 colloquium
312 4321 457 4399 habuerit,
477 4326 597 4404 eiusque
616 4326 764 4405 cognitam
785 4333 959 4381 sententiam
980 4321 1086 4410 diserte
1100 4345 1240 4409 compro-

113 4403 195 4467 barit.
233 4405 296 4467 Iam
315 4413 413 4474 autem
435 4403 592 4486 aduenerat
609 4399 682 4464 illud
702 4413 828 4478 tempus,
846 4419 905 4476 quo
919 4408 1118 4460 *constituerat
1135 4402 1240 4458 Domi·

610 4625 620 4653 h
