2786 4742
423 204 501 278 (teu
520 201 616 296 Mater
636 211 666 262 et
683 199 789 262 iratres
808 198 921 280 Iesu.)·
1056 253 1058 260 .
1172 201 1229 270 3⁰1

1 373 2 407 1
32 418 36 428 ,
103 361 138 417 et
159 349 273 415 iratres
291 345 443 414 tuiioris
463 356 570 426 stant,
584 355 777 440 quaerentes
796 344 857 413 tibi
877 344 978 432 loqui.
1024 348 1076 414 48.
1102 345 1147 412 At
1164 345 1235 414 ille

100 449 307 538 respondens
328 448 408 514 dixit
429 449 474 526 ei,
501 450 557 534 qui
575 447 640 540 sibi
659 450 912 541 renuntiaverat,
939 445 1033 540 Quae
1061 457 1110 514 e'st
1128 449 1232 516 mater
1314 459 1317 462 '

101 575 191 633 mea,
215 541 273 616 aut
292 551 348 638 qui
374 560 449 616 sunt
468 549 584 614 fratres
605 539 689 615 ulei?
729 550 780 614 49.
800 548 844 614 Et
873 535 1027 635 p'rotensa
1052 573 1149 618 manu
1162 552 1233 624 'sua

100 657 140 720 in
162 651 339 739 discipulos
366 673 458 732 suos,
489 649 583 728 dixit,
613 649 700 714 Ecce
734 659 836 716 mater
861 670 934 715 mea
963 659 996 716 et
1009 649 1134 720 iratres
1158 659 1233 724 mei.

101 757 155 821 50.
179 754 337 840 Quisquis
358 754 443 818 enim
463 751 580 817 lecerit
601 750 799 868 volqntatem
818 751 922 816 Patris
943 752 1022 830 mei,
1051 755 1107 840 qui
1128 749 1232 825 estin

102 855 216 936 coelis,
235 858 306 943 ipse
327 851 537 932 iratermeus
557 855 590 920 et
610 859 705 934 seror
726 861 759 920 et
778 863 881 944 mater
902 861 970 938 est.¹
1003 845 1008 929 J
1083 863 1085 869 '
1171 931 1175 942 Ι
1231 862 1234 872 ’

115 1007 120 1012 ·
190 984 329 1055 Mane.
347 977 424 1060 ¹lll.¹
449 986 500 1052 ³1.
531 985 734 1080 Etseniunt
759 995 863 1052 mater
890 988 959 1052 eius
975 957 1029 1052 '‘et'
1045 985 1161 1060 iratres
1165 1036 1179 1096 f
1201 1000 1234 1055 et
1286 1071 1289 1078 ¹

105 1089 187 1172 iuris
207 1100 327 1157 stantes
352 1079 508 1174 miserunt
535 1084 688 1165 adeum,
715 1087 773 1174 qui
798 1097 974 1156 evocarent
995 1093 1078 1154 eum'.
1120 1087 1171 1154 32.
1191 1090 1235 1156 Et

103 1190 243 1258 sedebat
266 1187 363 1255 turba
391 1190 478 1253 eirca
504 1208 591 1265 erun,
618 1185 795 1274 dirimique
816 1192 863 1269 ei,
886 1190 973 1282 Ecce
997 1200 1100 1255 mater
1118 1201 1237 1258 tuact
1315 1169 1325 1190 ⁸

103 1293 222 1362 frames
241 1293 290 1356 tui
310 1288 406 1367 ioris,
432 1296 466 1354 te
487 1295 671 1374 quaerunt'
695 1287 747 1352 33.
772 1287 815 1354 Et
836 1279 1008 1378 respondit
1023 1293 1083 1356 'eis
1111 1283 1240 1370 dicens,

107 1393 206 1480 Quae
227 1402 276 1458 est
295 1384 397 1459 miter
416 1409 504 1467 mea,
526 1397 559 1452 st
578 1387 694 1452 iratres
715 1388 797 1470 mei?
837 1390 888 1464 34.
913 1391 957 1457 Et
984 1414 1081 1480 quum
1102 1395 1243 1480 nimum:

100 1495 263 1582 spexisset
280 1492 316 1556 in
336 1493 473 1556 circuitu
491 1490 610 1554 nircum
629 1510 666 1558 se
680 1485 867 1574 discipulos
887 1491 1053 1572 sedentes,
1078 1495 1129 1580 ait,
1148 1471 1242 1568 Ecce}

105 1605 211 1666 mater
229 1605 302 1658 mea
323 1601 357 1658 et
376 1592 492 1656 iratres
511 1590 586 1656 mei.
633 1590 685 1654 35.
700 1586 778 1676 ¹Qui
798 1593 883 1662 enim
903 1591 1018 1658 iecerit
1036 1589 1236 1662 voluntatem

106 1696 183 1775 Dei,
204 1696 258 1762 bie
278 1693 378 1766 irater
398 1713 489 1766 meus
511 1699 544 1755 et
561 1701 655 1756 soror
672 1692 746 1757 drea
768 1699 801 1756 et
820 1701 997 1784 m'at'er'est
1036 1773 1038 1778 Ι

124 1803 160 1916 '¹'
191 1827 295 1896 LUC.
321 1829 375 1894 XI.
394 1913 397 1918 ,
415 1827 468 1892 27.
494 1825 628 1892 Factum
657 1835 706 1892 est
734 1835 839 1892 antem
868 1835 966 1914 quum
997 1828 1080 1896 lmee
1106 1828 1246 1911 diceret,

107 1927 268 2018 extollens
286 1950 402 1995 vocem
424 1928 583 2016 quaedam
603 1918 721 1997 mulier
746 1927 788 1994 de
808 1925 906 2006 turba¹
926 1928 1006 1997 dixit
1024 1929 1090 2010 illi,
1115 1929 1246 2014 Beatus?

106 2040 252 2107 venter,
272 2031 329 2113 qni
353 2039 387 2092 te
408 2031 570 2112 portavit,
602 2037 635 2090 et
653 2027 758 2091 ubera
778 2049 862 2112 quae
883 2031 1005 2096 suxisti.
1045 2031 1097 2096 28.
1116 2033 1160 2096 At
1179 2031 1239 2098 ille
1315 2044 1324 2060 ‘

108 2129 204 2207 dixit,
225 2126 316 2212 Quin
334 2128 400 2212 imo
421 2123 525 2202 beati,
546 2127 603 2210 qui
624 2125 760 2190 audiunt
780 2117 962 2193 sermonem
983 2129 1058 2207 Dei,
1080 2141 1113 2196 et
1133 2125 1240 2199 'custo-
1338 2163 1342 2182 1

108 2230 204 2314 diunt
229 2226 331 2292 illum.
377 2225 464 2290 VIII.
504 2224 555 2289 19.
576 2223 749 2318 Venerunt
770 2236 875 2290 autem
897 2217 941 2292 ad
967 2226 1058 2295 illum
1079 2234 1244 2296 meteret

108 2333 226 2398 iratres
245 2329 333 2405 eius,
355 2334 388 2392 et
406 2347 475 2392 non
495 2335 647 2412 poterant
668 2324 759 2390 adire
781 2345 855 2391 eum
875 2349 954 2412 prae
976 2313 1084 2400 turba.
1124 2331 1176 2395 20.
1195 2332 1240 2396 Et

107 2433 291 2501 nuntiatum
313 2435 361 2493 est
380 2425 431 2493 illi
451 2447 489 2490 ac
510 2425 646 2506 dictum,
669 2427 780 2492 Mater
805 2419 861 2492 tua
882 2437 915 2493 et
939 2427 1055 2510 fratres
1079 2433 1130 2496 tui
1155 2414 1268 2498 stant¹

109 2535 200 2626 foris,
219 2529 375 2596 volentes
389 2538 422 2594 te
443 2525 566 2595 videre.
608 2527 766 2617 ,ingui
787 2528 1091 2614 respondensdixit
1110 2531 1151 2598 ad
1173 2551 1244 2612 sos,·

108 2635 219 2702 Mater
238 2652 311 2696 mea
330 2639 363 2696 et
382 2629 497 2696 fratres
514 2632 580 2696 mei
600 2629 634 2696 hi
654 2640 738 2713 sunt,
758 2631 1004 2718 quisermonem
1016 2631 1083 2710 Dei
1097 2631 1241 2714 audiunt,

111 2744 146 2801 et
164 2735 283 2800 iaciunt
303 2731 403 2814 illum.
903 2721 909 2744 ⁸

3 3015 5 3024 y
187 2943 260 3004 Luc.
278 2947 326 3009 27.
364 2941 476 3002 Beatus
492 2955 597 3002 mater.
639 2941 713 3004 Hoc
734 2939 833 3024 elogio
853 2940 994 3003 extollere
1013 2925 1109 3012 veluit
1133 2933 1248 3003 mulier

114 3018 225 3086 Christi
244 3017 459 3083 excellentiam:
479 3037 541 3082 non
561 3019 642 3080 enim
658 3017 788 3088 bilariam
795 3019 941 3099 respexit,
959 3038 1047 3100 quarn
1066 3018 1144 3092 ‚ioue
1164 3041 1242 3080 nun-

2 3095 4 3129 l
113 3117 201 3180 qnam
211 3094 336 3171 viderat,
354 3095 406 3157 sed
425 3095 484 3157 buc
503 3117 566 3157 non
585 3116 688 3177 parum
707 3095 863 3176 amplificat
876 3095 986 3158 Christi
1025 3095 1140 3171 loriam,
1159 3096 1242 3176 quod

3 3187 4 3208 ¹
111 3187 240 3246 uterum,
260 3173 291 3232 in
302 3190 363 3252 qun
383 3183 511 3254 gestatus
522 3185 576 3249 est,
595 3171 738 3236 nobilitet
754 3194 790 3234 ae
808 3173 926 3236 beatum
945 3116 1057 3236 reddat.
1093 3173 1242 3237 Necvero

110 3248 253 3326 absurde,
283 3249 335 3310 sed
355 3269 390 3310 ex
408 3248 577 3330 Scripturae
601 3267 685 3310 more
704 3248 871 3313 celebratur
889 3249 1039 3312 baec-Dei
1056 3247 1242 3314 benedictio:

4 3327 5 3406 s
112 3330 218 3392 seimus
230 3327 309 3388 enim
319 3325 466 3402 subolem,
475 3325 644 3408 praesertim
657 3325 768 3387 eximiis
778 3326 934 3388 virtutibus
948 3341 1092 3402 ornatam,
1100 3337 1241 3407 ttnquam

4 3419 5 3426 ¹
111 3405 173 3468 Dei
191 3404 337 3488 singulare
358 3404 469 3464 donum
487 3404 549 3467 aliis
561 3400 698 3463 omnibus
717 3403 869 3482 praeferri.
906 3405 1013 3484 Neque
1031 3403 1119 3478 etiam
1138 3403 1241 3485 negari

4 3557 5 3560 Ἴ
111 3493 227 3564 potest,
251 3480 323 3562 quin
342 3479 424 3542 Deus
442 3479 566 3542 Marium
584 3478 662 3540 Filio
686 3499 741 3539 suo
760 3491 884 3543 matrem
904 3480 1027 3565 eligens.
1041 3503 1075 3542 ac
1095 3479 1241 3541 destinans

4 3563 5 3641 j
112 3579 227 3622 summo
248 3578 312 3624 eam
330 3556 668 3640 honorejdignatussit„
713 3555 823 3626 Christi
850 3569 950 3620 temen
972 3576 1144 3638 responsum
1163 3556 1240 3617 adeo

112 3634 181 3700 voci
195 3633 390 3699 mulierculae
409 3651 471 3694 nun
491 3632 663 3706 subscribit,
681 3643 716 3693 ut
731 3633 832 3725 potius
851 3625 1172 3722 contiueatubliquarn
1191 3653 1245 3710 ,πεῖ

112 3711 351 3798 prehendenda,
368 3709 449 3784 ΙιιιοἸ
464 3711 570 3792 inquit,
589 3708 669 3770 besti
689 3732 740 3790 qm
759 3709 883 3771 audiunt
899 3710 1021 3773 verbum
1040 3707 1107 3782 Der.
1145 3706 1241 3772 blide-

111 3805 179 3850 mus
196 3799 231 3848 ut
248 3788 311 3847 fere
322 3808 379 3868 pro
399 3787 493 3848 nihilo
514 3787 600 3850 ducat
611 3785 754 3862 Christus,
795 3787 855 3847 nod
866 3785 1109 3860 nnumextulerat
1126 3785 1240 3846 mulier.

112 3867 154 3926 Et
173 3869 254 3926 certe
274 3865 354 3943 quod
372 3863 565 3946 praecipuum
584 3864 694 3926 Mariae
711 3807 914 3944 putebaterse
934 3864 1038 3936 decus,
1057 3861 1119 3922 aliis
1140 3861 1241 3944 gratiis

113 3940 346 4035 longeinierins
365 3951 442 4003 erat:
462 3941 578 4002 maioris
598 3941 677 4000 enim
691 3941 891 4020 'praestantiae
910 3939 978 4015 fuir,
995 3939 1158 4019 regenitam
1178 3956 1243 3998 esse
1266 3956 1271 4012 J

115 4016 226 4080 Cbrrsti
246 4017 267 4078 S
289 4016 358 4078 iritu
377 4037 463 4096 quam
484 4017 595 4078 Christi
620 4037 735 4081 caruem
760 4029 845 4079 utero
869 4036 923 4078 suo
948 4017 1120 4095 concipere,
1153 4013 1246 4075 Chri-

114 4103 191 4156 stum
224 4038 334 4156 triers
370 4093 560 4174 spiritualiter
587 4094 618 4154 in
647 4095 857 4158 reviventem
906 4113 972 4152 uam
1004 4111 1071 4152 eum
1100 4091 1241 4153 uberibus

114 4169 234 4232 lactare.
272 4169 409 4250 Denique
429 4192 539 4238 summa
558 4182 675 4236 sanctae
693 4170 812 4254 virginis
839 4182 870 4231 et
885 4115 1016 4231 lelicitss
1037 4179 1067 4229 et
1092 4168 1186 4252 gluria
1209 4167 1241 4230 iu

89 4279 91 4286 ,
116 4265 154 4308 eu
173 4247 226 4307 sits
244 4248 313 4324 fuit,
333 4246 498 4310 membrum
517 4247 586 4310 Filii
604 4247 649 4318 sui
669 4266 746 4323 esse,
765 4259 800 4310 ut
817 4267 882 4308 eam
901 4245 1036 4312 coelestis
1055 4244 1145 4308 Pater
1162 4245 1242 4310 inter

115 4343 205 4390 novas
225 4337 370 4391 creaturis
390 4336 532 4404 redieret
577 4323 647 4408 Ege
669 4336 768 4413 temen
794 4323 851 4393 elie
874 4324 912 4390 de
936 4345 1023 4392 causa
1046 4333 1079 4388 et
1101 4321 1161 4387 alio
1181 4323 1242 4386 fine
