2824 4756
188 233 235 316 24⁴
366 247 518 311 SEGTIO
537 247 579 309 11.
617 249 755 318 lusurus
775 215 960 314 errsnse
978 257 1136 340 uermes.
1228 221 1233 232 ’

132 371 141 396 ¹
191 390 328 456 omnibus
347 391 487 454 conciliet
506 391 601 454 diviua
620 393 787 475 generatio,
812 392 892 471 quod
917 390 1029 453 scilieet
1053 403 1170 472 praeter
1188 389 1308 451 ordina-

190 471 265 529 rium
295 480 417 530 naturae
442 465 566 529 modum
586 482 746 550 conceptus
772 489 805 527 es
824 469 937 548 Spiritu
961 480 1062 530 sancto
1088 469 1185 528 luerit.
1228 467 1308 527 Hinc

189 546 297 606 merito
318 547 423 606 crescit
441 546 528 605 nobis
547 546 667 620 fiducia,
692 559 725 605 ut
744 545 863 605 liberius
881 544 1036 606 audeamus
1055 538 1152 604 Deum
1171 545 1308 604 luvocare
1407 537 1408 606 l

212 633 314 696 atrem,
333 623 412 701 quia,
432 635 464 682 ut
484 642 549 682 euru
570 622 654 682 nobis
674 643 858 681 communem
877 641 975 687 secum
996 623 1105 682 laceret
1124 623 1224 680 unicus
1245 621 1308 679 eius

189 642 293 775 littus,
315 699 405 759 scater
424 710 525 758 noster
544 719 605 758 csse
625 699 726 759 voluit.
763 697 930 757 Notandum
951 699 1037 758 etiam
1057 710 1110 768 est,
1130 697 1208 775 quod
1221 697 1308 757 Cbri-

189 786 269 850 stus,
301 787 444 854 quatenus
477 775 618 910 spirituali
648 775 756 833 virtute
790 786 953 854 conceptus
984 772 1043 847 est,
1076 772 1183 832 dicitur
1216 793 1311 831 sesne»

176 866 326 922 ¹acesserunt.
369 852 485 926 Quema
507 851 624 910 modum
649 851 726 909 euim
753 849 834 909 illum
855 853 989 931 oportuit
1011 869 1073 910 esse
1091 870 1191 928 verum
1211 848 1309 908 borni·

190 947 274 1002 nem,
299 940 332 988 ut
356 940 474 1009 peccata
495 938 594 986 nostra
614 929 740 1006 expiaret
759 939 884 986 mortem
907 947 943 985 ue
969 945 1002 988 ac
1022 927 1158 986 Satanam
1177 927 1309 984 vinceret

189 1003 220 1062 in
241 1025 329 1066 carne
348 1015 457 1076 nostra,
477 1002 603 1081 denique
622 1016 654 1062 ut
674 1015 749 1062 esset
767 1023 851 1063 verus
905 1003 1027 1076 ediator,
1047 1004 1086 1062 ita
1107 1001 1310 1075 necessetate,

190 1082 314 1142 ut‘alios
334 1091 488 1162 purgaret,
514 1081 671 1142 immunem
697 1079 815 1138 esse‘ab
836 1081 917 1139 omui
937 1079 1123 1144 immunditie
1140 1090 1170 1136 et
1188 1076 1309 1136 macula.

155 1216 176 1238 ,A
192 1157 332 1232 Quamvis
353 1177 424 1238 crgo
446 1154 625 1218 eudbrabae
644 1159 754 1216 semine
774 1157 889 1238 genitus
909 1156 1099 1230 sithristus,
1121 1155 1195 1213 nibil
1212 1166 1310 1214 tamen

189 1235 317 1315 contagii
334 1253 370 1292 ex
387 1231 491 1292 vitiosa
510 1244 613 1292 natura
632 1230 785 1306 contraxit,
804 1233 942 1312 quoniam
953 1231 988 1292 ab
1005 1233 1066 1326 ipsa
1078 1231 1193 1313 origine
1206 1249 1311 1311 purum

94 1369 98 1382 ,
188 1312 313 1371 servavit
332 1308 390 1368 Dei
404 1307 543 1402 Spiritus:
563 1329 618 1368 nec
637 1321 750 1368 tantum
770 1321 803 1368 ut
821 1309 851 1368 in
870 1329 902 1368 sc
918 1311 1053 1390 privatim
1072 1305 1224 1368 sanctitate
1243 1305 1311 1386 pol-

189 1385 263 1462 leat,
287 1386 338 1446 sed
358 1395 471 1521 magas,
491 1397 523 1444 ut
541 1407 609 1446 suos
627 1385 797 1445 sanctificet
840 1387 920 1467 Ergo
941 1387 1002 1465 ipse
1023 1385 1226 1464 conceptionis
1243 1401 1310 1441 mo·
1382 1433 1387 1440 .

190 1463 243 1524 dus
262 1473 396 1536 testatur,
433 1461 606 1521 lediatorem
626 1461 712 1522 uobis
733 1481 795 1523 esse
814 1482 830 1520 a
849 1462 1052 1542 peccatoribus
1071 1471 1263 1541 segregatum.

265 1545 312 1602 36.
349 1535 392 1595 Et
408 1559 471 1600 acce
488 1535 634 1598 Elisabeth
652 1542 788 1614 concepit.
827 1539 1000 1599 Domestico
1026 1537 1156 1616 exemplo
1179 1533 1310 1616 Angelus

188 1615 275 1674 fidem
296 1613 403 1674 Mariae
422 1616 455 1692 in
473 1635 555 1694 spem
578 1615 710 1676 miraculi
735 1617 832 1697 erigit.
872 1616 948 1686 Nam
967 1615 992 1675 si
1011 1635 1072 1674 non
1093 1613 1194 1703 potuit
1207 1629 1310 1691 neque

188 1691 334 1765 sterilitas,
352 1711 450 1770 neque
461 1704 595 1752 senectus
606 1691 753 1751 Elisabeth
774 1693 891 1753 obstare
903 1693 981 1764 Deo,
1001 1691 1071 1770 quin
1091 1706 1181 1768 ipsam
1201 1687 1312 1747 laceret

187 1778 328 1842 matrem,
359 1788 422 1828 non
447 1780 492 1828 cst
516 1768 596 1847 quod
621 1787 652 1826 se
677 1766 800 1848 amplius
824 1768 914 1828 Maria
939 1768 1016 1828 intra
1040 1767 1160 1826 usitatos
1190 1775 1310 1824 naturae

188 1841 261 1902 fines
281 1843 441 1915 contineat,
460 1843 577 1924 quando
594 1845 654 1903 tale
667 1845 780 1904 divinae
799 1845 951 1924 potentiae
970 1842 1117 1925 specimen
1136 1843 1167 1910 iu
1186 1853 1311 1922 cognata

187 1939 240 1980 sua
264 1920 367 1980 ceruit.
417 1920 537 1980 Sextum
567 1941 696 1980 mensem
722 1921 829 1982 diserte
854 1932 951 1981 notat:
984 1921 1067 1999 quia,
1098 1939 1187 1999 quum
1211 1935 1311 1976 meuse

188 1996 294 2088 quinto
315 1995 423 2056 sentire
440 1997 535 2058 soleat
552 1996 657 2056 mulier
681 1996 797 2057 vitalem
818 1997 924 2071 letum,
948 2010 1043 2057 sextus
1066 1995 1172 2054 mensis
1198 1993 1313 2052 dubita·

186 2084 302 2132 tionem
329 2073 436 2132 eximit.
486 2071 639 2134 Debuerat
664 2075 782 2154 quidem
806 2075 898 2133 illaria
921 2073 1045 2154 simplici
1069 2071 1128 2131 Dei
1152 2069 1243 2130 verbo
1270 2069 1312 2130 sic

188 2148 389 2229 acquiescere,
409 2160 441 2208 ut
460 2150 533 2208 nibil
553 2171 628 2230 opus
648 2162 733 2223 esset,
753 2151 868 2210 aliunde
888 2150 975 2210 fidem
995 2149 1095 2219 astrui,
1115 2146 1176 2218 scd,
1195 2166 1233 2205 ne
1253 2167 1312 2205 am·
1396 2158 1401 2179 ¹

135 2285 137 2290 .
188 2225 265 2362 plius
284 2224 415 2298 vacillet,
444 2247 523 2298 novo
544 2225 602 2288 boc
622 2227 798 2288 adminiculo
824 2227 1048 2308 promissionem
1067 2245 1147 2284 suam
1166 2222 1311 2282 Dominus

204 2301 294 2361 ulcire
306 2302 449 2383 dignatur.
468 2341 471 2346 -
485 2301 596 2364 Eadem
613 2304 746 2383 quotidie
765 2303 945 2385 indulgentia
958 2323 1011 2362 nos
1031 2299 1108 2362 levet
1126 2321 1163 2360 ac
1178 2299 1311 2372 sustinet,

189 2379 358 2440 imo'etiam
378 2379 505 2456 maiore,
533 2402 592 2460 quo
617 2379 731 2440 scilicet
754 2379 882 2440 debilior
902 2391 946 2440 est
970 2379 1042 2438 fides
1061 2388 1170 2438 nostra.
1209 2375 1253 2434 Ita
1275 2395 1313 2434 ue
1409 2395 1410 2416 t

189 2473 229 2514 ne
250 2454 336 2515 dubia
356 2456 393 2515 sit
412 2454 498 2516 nobis
517 2478 568 2517 sua
587 2457 707 2532 veritas,
734 2457 904 2534 testimonia
923 2475 997 2536 quae
1017 2474 1077 2514 cam
1098 2451 1185 2512 nobis
1204 2397 1313 2510 cudbr-

189 2544 272 2591 mant
296 2532 365 2598 binc
395 2532 462 2592 inde
488 2534 613 2594 arcessit
663 2533 826 2607 Quomodo
849 2531 1046 2594 intercesserit
1071 2529 1314 2611 coguatio-inter

188 2607 351 2682 Elisabetb,
371 2628 446 2687 quae
465 2621 529 2669 erat
547 2631 580 2668 ex
599 2609 849 2682 elieborum,
864 2622 899 2686 ¹et
918 2608 1058 2678 Mariam,
1077 2625 1150 2688 quae
1169 2625 1203 2663 ex
1222 2605 1313 2683 stirpe

189 2683 286 2743 David
307 2697 372 2744 orta
392 2697 467 2757 erat,
492 2686 650 2762 quaeritur.
688 2686 730 2746 At
750 2706 787 2744 ue
808 2687 895 2746 etiam
914 2686 1029 2744 videtur
1046 2683 1076 2742 id
1097 2700 1227 2762 pugnare
1246 2702 1314 2740 cum

189 2759 288 2839 Lege,
313 2781 404 2839 quum
427 2759 563 2821 mulieres
586 2761 703 2821 vetabat
726 2707 878 2821 albuubere
902 2761 933 2819 iu
960 2760 1066 2820 alienas
1093 2759 1188 2818 tribus
1212 2759 1313 2836 (Num.

190 2839 241 2908 36,
260 2836 331 2911 tn).
371 2833 523 2908 Quantum
543 2836 578 2895 ad
597 2837 708 2919 Legem
727 2849 855 2916 spectat,
879 2837 903 2896 si
922 2836 986 2896 finis
1006 2835 1178 2914 respicitur,
1200 2845 1314 2894 tantum

192 2929 227 2970 ea
247 2910 396 2972 connubia
420 2911 553 2985 vetabat,
577 2932 652 2991 quae
671 2913 864 2972 haereditates
886 2913 1010 2973 miscere
1029 2923 1158 2992 possent.
1195 2908 1316 2969 Nullum

190 3006 263 3047 vero
285 2987 343 3046 tale
367 2985 533 3124 periculum
558 2989 631 3063 luit,
659 2989 683 3050 si
708 3011 763 3068 qua
789 3009 823 3047 cx
846 2989 925 3048 tribu
944 2989 1018 3058 Iuda
1041 2987 1148 3048 mulier
1170 2986 1317 3046 sacerdoti

191 3062 329 3136 nuberet,
349 3085 365 3125 a
396 3084 484 3144 quem
504 3063 653 3125 transferri
672 3065 834 3126 baereditas
854 3085 915 3125 uon
936 3076 1060 3145 poterat
1084 3062 1209 3124 'Eadem
1228 3063 1316 3122 etiam

139 3200 145 3206 ,
192 3139 267 3197 ratio
287 3139 358 3212 suit,
381 3142 405 3201 si
425 3161 482 3220 qua
502 3161 536 3200 ex
554 3141 636 3201 tribu
654 3142 727 3202 Levi
750 3141 855 3202 mulier
877 3154 957 3200 extra
982 3153 1099 3223 gentem
1118 3160 1198 3200 suam
1218 3137 1317 3199 eloca-

135 3288 138 3294 .
192 3225 283 3275 retur.
333 3217 413 3278 Fieri
431 3230 527 3278 autern
547 3228 662 3297 potest,
693 3230 726 3278 ut
741 3218 896 3300 «originem
916 3218 1037 3278 duceret
1059 3228 1174 3276 sanctae
1193 3216 1316 3293 virginis

191 3301 345 3427 matermex
360 3293 584 3429 1ἰτίῗιιὶὶῑποιι,
614 3307 702 3376 atque
733 3295 773 3364 ita
802 3294 1039 3377 consanguinitas
1059 3304 1135 3354 esset
1158 3291 1219 3353 eius
1239 3291 1317 3354 filiae

194 3387 261 3426 cnm
318 3390 358 3432 rsa
381 3381 439 3429 et.
800 3411 802 3417 ,

269 3449 317 3510 37.
355 3440 427 3505 Non
445 3448 499 3506 erit
515 3445 688 3522 impossibile
705 3461 756 3511 etc.
796 3447 828 3507 Si
845 3445 960 3506 meum
979 3445 1010 3506 iu
1029 3401 1150 3527 propria
1169 3456 1200 3504 et
1219 3409 1319 3505 nativa

86 3585 88 3590 ,
193 3518 409 3600 significatione
434 3523 566 3612 accipere
594 3524 699 3599 libeat,
729 3543 828 3585 sensus
858 3525 929 3598 erit,
960 3523 1103 3582 facturum
1135 3541 1197 3581 esse
1220 3520 1319 3580 Deum

194 3595 334 3676 quicquid
355 3599 498 3678 promisit,
518 3601 585 3680 quia
605 3600 717 3660 nullum
737 3598 924 3660 obstaculum
938 3621 992 3678 par
1011 3599 1048 3658 sit
1068 3598 1128 3658 eius
1147 3597 1263 3658 virtuti:
1285 3618 1320 3656 ac

193 3672 254 3733 tale
280 3675 335 3733 erit
360 3687 579 3755 argumentum,
603 3678 670 3736 Hoc
689 3676 838 3756 pollicitus
864 3688 908 3736 est
925 3676 1023 3748 Deus,
1051 3694 1123 3756 ergo
1169 3673 1320 3745 raestabit,

172 3791 173 3796 κ
195 3749 264 3830 quia
290 3748 370 3829 nulla
395 3761 497 3810 contra
523 3752 584 3812 eius
610 3753 733 3814 verbum
757 3753 972 3832 impossibilitas
999 3751 1089 3817 obiici
1116 3696 1213 3809 debet.
1259 3750 1322 3812 Sed

196 3828 264 3906 quia
281 3823 397 3886 wadum
411 3827 570 3890 secundum
591 3828 708 3910 linguae
719 3828 879 3904 ¹hebraicae
898 3827 1016 3918 phrasin
1037 3849 1092 3907 pro
1103 3849 1136 3887 re
1147 3826 1323 3915 plerumque

195 3905 325 3982 capitur,
352 3901 513 3982 simplicius
539 3924 685 3984 exponere
709 3905 822 3979 licebit,
852 3902 925 3964 nibil
948 3904 1016 3964 Deo
1042 3923 1104 3963 esse
1129 3901 1322 3982 impossibile.

197 3978 375 4061 Quanquam
394 3991 510 4058 semper
528 3981 688 4041 tenendum
709 3994 753 4041 est
772 3982 896 4056 axioma,
917 4000 1051 4061 perverse
1072 4001 1123 4040 eos
1142 3979 1250 4060 vagari,
1270 3977 1323 4057 qui

108 4089 112 4099 =
197 4053 234 4112 de
253 4055 387 4136 potentia
400 4056 458 4116 Dei
476 4057 672 4138 imaginantur
692 4070 769 4118 extra
785 4058 918 4133 verbum,
936 4058 961 4117 si
981 4057 1051 4137 quid
1063 4058 1155 4118 visum
1174 4066 1232 4115 est:
1254 4054 1323 4133 quia
1409 4063 1410 4074 ¹

197 4129 238 4188 sic
258 4132 467 4193 consideranda
489 4145 532 4192 cst
551 4135 613 4194 eius
633 4133 826 4208 immensitas,
851 4145 886 4194 ut
903 4134 965 4225 spei
986 4145 1015 4192 et
1033 4133 1155 4193 fiduciae
1173 4130 1263 4191 ,nobis
1282 4131 1322 4192 sit

197 4208 334 4268 materia:
365 4207 426 4268 Iam
447 4229 517 4270 vero
536 4231 598 4270 non
618 4221 730 4272 temere
750 4209 844 4270 solum
865 4222 895 4270 et
914 4207 1068 4285 rnutilitcr,
1088 4209 1139 4268 sed
1160 4208 1247 4268 etiam
1267 4226 1323 4286 pe-

197 4279 324 4368 riculose
348 4284 526 4363 disputatur,
556 4285 626 4367 quid
651 4288 689 4346 sit
709 4285 778 4346 Deo
803 4285 959 4366 possibile,
990 4283 1046 4344 nisi
1070 4283 1155 4345 simul
1175 4293 1324 4358 occurrat,

161 4395 166 4406 ι
198 4354 351 4448 (ιωὼὶρεβ
369 4361 447 4423 velit.
486 4361 586 4426 Porro
606 4362 676 4429 lacit
692 4361 743 4428 bic
758 4361 909 4447 Angelus,
927 4355 1130 4444 quod'pat'sim
1147 4357 1325 4426 soletDeus

701 4496 704 4524 l
