2786 4742
408 206 473 345 (ht.
491 260 628 326 Famulus
649 213 869 363 Centuriouls.)'
1143 275 1201 342 201

70 407 155 472 ra'rls
177 407 297 471 dotibus
323 417 460 471 ornatum
479 407 684 488 serrum,‘t1'nl
707 407 809 470 eximia
833 405 924 492 gratia
948 414 1024 495 apnd
1049 414 1202 480 dominum

69 487 224 569 polleret:
243 486 313 547 hiuc
331 497 411 548 tanta
429 484 504 546 illius
515 487 591 547 vitae
611 506 691 560 cura,
709 497 739 544 et
757 497 815 546 tam
835 487 962 550 studiosa
975 495 1203 556 commendatio.
1233 509 1238 520 '¹

73 563 218 626 Subitam
236 581 308 624 vero
328 562 416 623 luisse
433 561 511 642 paral
533 563 592 637 sin,
618 581 692 640 quac
715 562 811 642 primo
832 583 948 624 accessu
968 569 1203 648 desperationem

71 640 161 703 vitae
179 639 286 714 attulit,
307 658 341 698 ex
357 651 427 699 ‘utro
449 658 486 698 ue
521 637 679 720 vangelista
698 650 825 700 constat:
845 639 941 700 lentae
960 645 1037 702 enim
1056 647 1203 728 paralyses

71 727 233 778 tormento
263 727 370 776 carent.
449 715 500 788 icit
526 721 623 774 autem
647 715 826 790 Matthaeus,
851 717 978 796 graviter
997 719 1201 785 discruciatum

71 791 176 853 fuisse
191 810 328 874 puerum,
357 792 449 852 Lucas
481 801 594 868 autem,
620 792 710 852 morti
733 791 869 854 vicinum.
912 792 958 853 Ita
986 806 1141 875 utrumque
1164 803 1202 861 ad

70 868 279 930 illustrandam
298 869 428 930 miraculi
446 868 568 951 gloriam
588 868 675 944 valet,
692 869 782 928 dolor
792 867 839 929 vel
858 870 1000 930 cruciatus
1020 883 1050 930 et
1069 873 1203 938 ultimum

75 946 264 1082 disderimen„
285 967 343 1028 quo
373 945 469 1007 miuus
489 946 527 1005 de
549 945 648 1027 specie
671 945 770 1008 morbi
796 945 950 1030 quicquam
979 949 1051 1008 certi
1074 970 1204 1014 asserere

74 1043 120 1082 au
143 1043 188 1083 eo.
434 1041 437 1054 ¹
1155 1081 1159 1090 .

159 1099 277 1166 huon.
315 1099 424 1177 Diligit
441 1102 516 1162 enim
530 1113 641 1176 gentem
658 1113 797 1160 nemum.
836 1101 904 1162 Non
916 1099 1036 1162 dubium
1052 1114 1111 1178 est,
1132 1105 1205 1192 quin

71 1175 197 1256 'pietatis
221 1175 343 1237 nomine
367 1178 462 1268 ipsum
491 1177 698 1237 commendent
720 1176 834 1238 Iudaei:
863 1183 960 1258 neque
986 1179 1064 1238 enim
1087 1179 1205 1242 aliunde

34 1286 39 1298 .
72 1251 217 1314 manabat
235 1274 317 1313 amor
335 1265 431 1336 gentis
450 1253 553 1334 passim
574 1271 693 1326 exosae,
719 1275 802 1332 quarn
823 1275 856 1314 ex
875 1254 962 1392 Legis
981 1256 1077 1316 studio
1098 1268 1127 1316 et
1146 1257 1206 1319 Dei
1291 1287 1294 1294 ·

75 1328 173 1390 cultu.
212 1329 400 1412 Synagogarn
420 1350 490 1390 vero
515 1341 663 1390 exstrueus
683 1328 760 1390 clare
778 1343 899 1392 testatus
934 1343 1030 1409 uerat,
1056 1353 1088 1393 se
1107 1332 1206 1396 farere

73 1407 171 1486 Legis
192 1404 353 1468 doctrinae.
392 1406 495 1480 Quare
520 1427 581 1464 non
602 1406 749 1466 immerito
771 1407 894 1488 dignum·
915 1411 1109 1490 pronuntiant

75 1503 115 1543 se
134 1493 271 1561 tanquam
297 1482 346 1561 pio
367 1482 425 1541 Dei
450 1481 558 1542 cultori
581 1481 757 1543 beneficium
782 1483 913 1544 exhibeat
928 1483 1075 1547 Christus.
1113 1431 1206 1549 iiiiii

75 1561 198 1620 interea
218 1569 333 1648 stupor,
351 1557 497 1638 quodDei
517 1559 649 1640 gratiam,
669 1579 754 1637 quam
773 1561 828 1640 ipsi
842 1573 958 1620 contem
981 1562 1034 1624 tim
1054 1576 1206 1643 respuunt,

47 1669 50 1676 ·
76 1649 139 1696 suo
158 1632 303 1726 suffragio
320 1635 500 1695 transierunt
519 1636 554 1694 ad
582 1634 729 1695 hominem
755 1636 905 1718 gentilem.
974 1639 984 1697 i
1008 1639 1086 1698 euim
1110 1640 1209 1701 dono-

77 1731 150 1772 rum
169 1710 227 1769 I)ei
247 1711 379 1771 minister
404 1722 448 1770 est
466 1711 521 1772 illis
546 1732 579 1772 ac
604 1712 788 1793 dispensator
813 1713 960 1787 Christus,
987 1735 1039 1775 cur
1062 1737 1123 1775 non
1139 1716 1206 1797 ipsi

1 1805 2 1826 ³
76 1786 184 1849 oblata
204 1787 296 1870 ¹gratia
316 1787 396 1868 prius
415 1787 562 1863 fruuntur,
582 1807 668 1870 quam
688 1784 842 1850 extraneos
860 1789 1023 1852 adducant?
1062 1792 1123 1854 Sed
1141 1794 1243 1858 talis.

76 1883 201 1943 semper
215 1867 251 1930 ,in
268 1863 430 1944 hypocritis
449 1865 589 1934 securitas
609 1877 723 1947 regnat,
741 1876 774 1926 ut
793 1866 890 1925 Deum
910 1865 967 1927 sibi
988 1861 1205 1948 quodaminodo

76 1940 245 2002 obnoxium
264 1942 388 2010 reddere
407 1962 468 2001 non
489 1941 639 2016 dubitent,
666 1953 695 2002 et
719 1942 779 2003 eius
800 1930 937 2025 gratiam,
950 1945 1043 2024 ¹‹tuasi
1067 1947 1112 2005 sui
1135 1948 1206 2011 iuris

77 2015 170 2093 esset,
189 2037 242 2077 suo
263 2017 383 2079 arbitrio
404 2019 573 2078 subiiciant:
595 2018 797 2098 deniqueeius·
812 2023 912 2093 saturi,
931 2021 991 2090 imo
1002 2023 1070 2103 quia
1089 2028 1207 2106 gustare

76 2115 146 2154 non
167 2092 334 2176 dignantur,
354 2097 435 2170 quasi
454 2115 658 2174 supervacuam
677 2094 917 2178 aliisresignent'.
1151 2118 1163 2130 ¹¹

160 2169 263 2230 Matth.
286 2176 315 2234 8.
353 2171 425 2230 Non
445 2191 509 2229 nam
530 2168 664 2246 idonem,
693 2183 848 2234 attactum
865 2193 958 2232 meum
976 2172 1087 2235 sudeus.
1116 2173 1208 2252 fQuia

76 2247 202 2308 brevior
222 2258 267 2306 est
284 2246 458 2320 Matthaeus,
477 2246 625 2304 hominem
645 2246 739 2326 ipsum
758 2247 798 2306 ita
818 2248 987 2326 loquentem
1005 2250 1129 2327 inducit,
1147 2254 1210 2312 Luss

77 2330 248 2386 casautem
267 2322 384 2402 plenius
406 2323 549 2401 exprimit,
567 2321 625 2381 hoc
644 2321 740 2381 amicis
753 2323 917 2382 ma'ndass'e's
937 2325 987 2384 sed
1006 2327 1084 2386 idem
1103 2329 1209 2389 ambii-

76 2419 149 2460 rum
171 2410 214 2457 est
232 2417 341 2458 sensus.
379 2397 449 2456 Duo
466 2409 563 2456 autern
582 2409 651 2456 aunt
670 2397 758 2457 huius
768 2399 910 2457 sermonis
934 2400 1041 2478 capita:
1063 2403 1208 2465 Centurio

79 2475 207 2536 Christo
231 2493 354 2555 parcens
379 2473 501 2534 honoris
527 2493 612 2534 causa
630 2475 719 2553 petit,
739 2493 777 2532 ne
796 2493 828 2533 se
848 2474 981 2536 Christus
1002 2475 1210 2558 fatiget„quia

78 2570 115 2612 se
136 2549 290 2634 indignum
309 2569 341 2608 re
363 2561 426 2609 utat
450 2551 510 2610 eius
534 2550 669 2609 adventu.
711 2549 830 2608 Deinde
852 2561 966 2609 tanturn
991 2551 1033 2609 illi
1057 2555 1209 2631 potentiae

79 2626 198 2701 defert,
218 2639 256 2688 ut
280 2646 328 2686 cre
351 2638 380 2686 at
405 2625 470 2687 solo
490 2626 552 2685 eius
571 2636 644 2685 nutu
664 2647 697 2686 ae
715 2626 807 2686 verbo
832 2627 946 2686 restitui
964 2627 994 2686 in
1014 2627 1102 2688 vitam
1122 2650 1210 2708 posse

78 2725 199 2766 servum
217 2725 310 2764 suum.
348 2703 423 2762 Mira
441 2703 595 2774 humilitas,
615 2703 695 2782 quod
716 2702 865 2763 hominem
885 2723 918 2762 ex
938 2715 1026 2786 gente
1046 2705 1164 2767 devicta
1179 2721 1210 2768 et

77 2796 167 2842 serva
185 2792 342 2858 tantopere
361 2799 433 2860 prae
456 2800 487 2841 se
507 2779 627 2840 extollit.
665 2780 745 2866 Fieri
764 2790 860 2838 autem
878 2779 994 2872 potest,
1022 2793 1056 2842 ut
1081 2796 1217 2846 assuetus*

78 2879 115 2919 su
141 2857 241 2918 ercilio
261 2857 437 2920 ludaeorum
469 2877 526 2938 pro
549 2877 599 2917 sua
624 2857 767 2918 modestia
791 2876 852 2917 non
885 2857 1006 2938 indigne
1030 2858 1147 2936 tulerit,
1176 2881 1209 2922 se

77 2879 188 2994 haberi
207 2934 354 3000 hominem
375 2934 541 3026 profanum,
561 2946 649 3013 atque
668 2937 707 2993 ita
717 2933 828 2993 veritos
848 2933 938 2992 fuerit
957 2934 1090 2994 iniuriam
1111 2937 1210 2999 iacere

79 3011 143 3070 Dei
162 3010 342 3092 Prophetae,
361 3033 386 3070 ει
405 3011 441 3070 ad
460 3011 609 3071 hominem
629 3009 770 3094 gentilem
791 3025 821 3076 et
838 3010 983 3090 impurum
1002 3011 1119 3093 ingredi
1139 3035 1209 3076 coe-

103 3089 185 3147 isset.
234 3085 466 3166 Quicquid'sit,
497 3097 610 3148 certum
641 3098 684 3146 est
708 3087 862 3160 exanimo
888 3087 983 3166 ipsum
1008 3088 1090 3224 logui
1116 3111 1148 3150 ac
1173 3092 1211 3151 de

80 3107 205 3226 Christo
225 3175 284 3223 tam
303 3175 474 3223 reverenter
491 3164 616 3236 sentire,
642 3174 675 3222 ut
694 3163 729 3223 ad
748 3183 904 3224 sevocare
924 3185 984 3224 non
1006 3187 1041 3224 au
1064 3179 1123 3228 eat:
1148 3169 1209 3228 imo

81 3239 170 3303 sicuti
188 3241 221 3298 in
241 3251 380 3300 contextu
402 3241 535 3318 sequitur
560 3239 636 3318 apud
655 3239 780 3312 Lucam,
806 3259 837 3300 se
860 3240 956 3321 ipsum
980 3243 1125 3321 reputavit
1148 3245 1210 3318 eius
1267 3283 1271 3292 ·

81 3317 236 3396 colloquio
256 3317 418 3398 indignum.
469 3315 581 3390 Quaeri
603 3327 700 3374 tamen
749 3328 835 3389 otest,
855 3338 911 3396 qua
936 3319 1051 3378 ratione
1075 3320 1226 3382 induetus‘

83 3393 237 3455 Christum
255 3403 315 3452 tam
334 3388 488 3473 magnifice
509 3392 657 3452 extulerit:
679 3393 708 3450 di
744 3391 881 3452 cultatem
901 3393 986 3453 etiarn
1008 3410 1110 3479 auget,
1130 3397 1211 3478 quod

82 3470 229 3540 continuo
250 3480 318 3549 post
337 3488 367 3528 se
389 3467 479 3543 uitur,
500 3470 630 3530 Tantum
648 3462 829 3542 dictabam,
851 3483 877 3529 et
894 3469 1143 3560 scanditurspurr,
1162 3473 1211 3532 vel

83 3545 147 3606 Dte
165 3544 258 3619 uerbo,
278 3547 363 3605 sicuti
403 3544 471 3608 abet
482 3546 586 3606 Lucas.
623 3545 688 3606 Nisi
707 3545 785 3604 enim
806 3546 956 3606 Christum
976 3549 1211 3630 agnovissetlle'i

83 3623 209 3696 Filium,
241 3621 409 3701 superstitio
434 3621 535 3681 luisset
561 3621 619 3680 Dei
647 3620 768 3704 gloriam
799 3623 835 3681 ad
867 3623 1016 3683 hominem
1043 3625 1212 3684 transferre.

1 3729 2 3732 ¹
83 3699 177 3779 Atqui
196 3697 242 3757 vix
261 3697 400 3758 credibile
421 3709 473 3769 est,
494 3697 530 3757 de
542 3698 650 3759 Christi
663 3697 823 3773 divinitate,
843 3705 916 3779 quae
928 3700 1021 3760 adhuc
1041 3701 1101 3760 lere
1116 3701 1213 3759 omni·

84 3774 140 3834 hus
160 3776 263 3856 ignota
283 3786 359 3849 erat,
384 3774 439 3834 rite
460 3775 548 3834 luisse
568 3775 713 3834 edoctum.
757 3774 1011 3837 PorroChristns
1036 3797 1096 3835 non
1117 3777 1213 3836 errori

85 3851 212 3942 imputat
230 3852 290 3912 eius
309 3851 414 3926 verba,
440 3851 491 3912 sed
507 3849 546 3910 'ex
564 3851 621 3910 lide
641 3851 774 3932 prolecta
793 3871 856 3912 esse
874 3863 1009 3914 testatur:
1034 3865 1121 3932 atque
1140 3852 1213 3914 haec

85 3940 163 3988 ratio
182 3928 289 3988 multos
309 3928 484 4007 interpretes
505 3927 664 4008 compulit,
676 3940 709 3986 ot
730 3928 879 3990 Christum
898 3941 1036 4009 putarent
1051 3928 1213 3990 Centurio-

87 4004 134 4062 nis
151 4003 255 4086 elogio
277 4003 421 4064 celebrari
443 4015 582 4083 tanquam
601 4024 703 4064 verum
731 4016 762 4064 et
786 4005 904 4065 unicum
925 4005 1030 4064 Deum.
1069 4005 1144 4065 Mihi
1164 4019 1214 4066 au·

88 4090 149 4138 tem
168 4083 282 4148 videtur
300 4081 345 4146 vir
362 4081 444 4161 pius,
468 4102 557 4160 quum
577 4079 613 4139 de
633 4081 704 4141 raris
725 4092 755 4140 et
779 4081 865 4160 plane
885 4081 1121 4142 divinis‘Christi
1141 4102 1215 4162 ope·

89 4154 169 4216 ribus
189 4159 300 4221 certior
317 4157 409 4218 iactus
429 4168 514 4233 esset,
533 4156 702 4236 simpliciter
713 4157 771 4217 Dei
790 4157 953 4237 potentiam
973 4158 1087 4238 inipso
1107 4179 1215 4240 apprc-

89 4227 231 4296 hendisse.
247 4278 254 4300 .
269 4233 389 4314 Aliquid
409 4233 497 4294 etiam
518 4233 593 4294 haud
613 4233 703 4304 dubie
723 4234 759 4295 de
779 4233 922 4326 promisso
942 4233 1143 4372 Redemptore
1163 4259 1215 4300 au-

1 4303 2 4344 3
91 4303 191 4370 dierat
240 4309 325 4372 Licet
354 4329 426 4392 ergo
458 4310 591 4372 noudum
615 4311 750 4373 distinete
778 4310 938 4392 intelligat,
971 4311 1056 4372 Chris
1071 4335 1120 4374 um
1152 4335 1215 4374 esso

92 4377 187 4446 Deum
206 4385 469 4452 manifestaturum
489 4407 593 4466 carne,
611 4387 654 4452 sic
671 4400 771 4454 tamen
789 4407 941 4472 persuasus
960 4400 1020 4468 est,
1045 4389 1076 4474 in
1096 4411 1133 4456 eo
1152 4411 1213 4455 rua«
