2824 4756
411 223 521 304 (2-5.
540 193 866 306 Angelusdachariac.)
1163 229 1199 292 11

68 369 207 430 Domino
231 357 345 448 placuit
367 365 527 427 efficaciter
545 383 660 429 vocare.
709 364 746 424 lu
769 385 893 438 summa,
920 365 999 429 idean
1025 365 1062 426 ah
1083 365 1201 450 Angelo

67 445 121 506 hic
142 445 280 520 docetur,
300 443 379 524 qood
404 443 493 504 tradit
511 439 619 503 Paulus
638 440 674 502 ud
694 439 845 502 Romanos
863 447 911 518 to,
931 451 995 518 17„
1014 443 1116 504 Fidem
1137 463 1200 506 esse

67 542 105 582 ex
125 522 240 596 auditu,
260 523 309 582 sed
329 521 359 580 in
378 519 465 578 fidem
484 539 546 580 uon
565 517 734 594 illuminari,
753 517 809 577 nisi
822 517 928 598 quihus
946 519 1098 582 brachium
1113 543 1201 583 suum

69 599 227 660 Dominus
242 599 327 660 intus
346 593 464 656 revelat.
741 621 744 628 ·
867 647 870 656 .

149 681 200 742 17.
239 671 397 734 Praecedat.
411 685 478 732 onte
494 671 586 732 ilham.
624 671 678 732 His
697 669 793 731 verbis
820 667 936 746 definit,
980 673 1045 734 uale
1069 673 1200 737 futurum

68 761 154 812 esset
173 751 292 814 loannis
311 771 425 826 munus,
445 761 476 808 et
493 748 546 808 hac
565 757 637 808 uota
656 768 724 825 eum
743 746 918 816 discernito
937 692 1055 827 siliquis
1065 751 1201 832 Prophe·

69 827 132 902 tis,
164 827 268 906 quihus
286 826 420 886 mandata
446 825 502 886 suit
521 835 600 886 certa
626 836 655 883 et
674 821 800 916 propria
820 823 946 905 legatio,
974 847 1064 905 quum
1087 829 1116 886 in
1143 829 1201 892 hoc

70 913 194 964 tantum
213 904 311 964 missus
330 905 368 962 sit
385 901 530 976 Ioannes,
555 914 590 961 ut
609 899 759 962 Chrrstum
779 901 969 980 praecederet
993 914 1130 979 tanquam
1154 925 1202 964 re·

98 1001 147 1039 em
160 981 315 1062 apparitor.
353 979 404 1039 Sic
418 979 503 1040 etiam
523 976 654 1057 loquitur
663 976 809 1038 Dominus
829 977 904 1056 apud
916 977 1087 1040 Malachiam
1097 985 1141 1056 (³,
1152 983 1204 1059 1.),

71 999 159 1116 {cce
176 1055 417 1192 prittoAngelunp
431 1075 538 1145 meum,
558 1054 608 1136 qui
618 1055 692 1146 piam
711 1051 932 1194 ilimftffffrim
944 1076 1028 1192 med·
1038 1055 1073 1114 In
1085 1077 1205 1191 sumrpa,

71 1143 673 1289 {¹3:23tttttfthtttt*tttttttt
689 1153 804 1281 ”liuh
829 1144 998 1270 attat
1020 1145 1140 1269 {filii
1157 1154 1206 1268 εἰ

71 1307 176 1422 prpssa
196 1285 306 1422 §Pristi
325 1289 456 1376 mentio,
467 1285 526 1420 1apd
545 1283 780 1420 Ipauuemlllacit
797 1283 929 1365 Angelus
948 1283 1207 1426 ιιὲἱὶειιοιιῲιίξριιιειιιιι

11 1407 13 1432 ’
72 1373 549 1515 ἓι.“3ὅ1ηῗῗμῖ“’·ιέἱι“ἔι“ἰηῗιέ
571 1381 689 1499 stt?
711 1371 1072 1516 ttttttttnutt
1093 1384 1207 1520 stlta

74 1537 134 1596 pro
146 1503 266 1576 Virtute
280 1513 326 1574 vel
340 1511 518 1574 Excellentia
531 1513 668 1596 Spiritus,
687 1533 743 1592 qua
762 1514 910 1593 praeditus
930 1515 986 1576 suit
995 1517 1087 1578 Elias:
1109 1536 1208 1598 neque

75 1592 159 1652 euim
179 1591 226 1654 hic
246 1591 333 1652 nohis
352 1589 574 1674 fingendumest
586 1589 773 1672 Pythagorae
785 1591 929 1666 delirium,
949 1592 1209 1684 quodephetae'

75 1668 173 1730 anima
194 1671 225 1729 iu
246 1689 353 1748 corpus
373 1665 491 1730 Ioannis
511 1667 674 1740 transierit,
700 1666 752 1730 sed
771 1665 821 1728 ille
839 1666 897 1728 Dei
917 1668 1061 1748 Sparitus,
1081 1671 1131 1750 qui
1150 1690 1209 1752 po-

11 1777 13 1806 :
74 1757 179 1805 tenter
197 1746 228 1806 in
247 1744 310 1804 Elia
330 1757 466 1825 operatus
485 1743 590 1820 suerat,
609 1743 734 1806 similem
751 1746 809 1808 vim
829 1757 860 1804 et
878 1745 1036 1808 efficaciam
1056 1759 1158 1828 postea
1176 1747 1210 1808 in

11 1895 12 1900 γ
76 1821 212 1902 Baptista
232 1821 365 1884 exseruit.
411 1821 471 1882 Sed
491 1822 635 1902 posterius
661 1840 771 1883 nornen
791 1823 939 1904 exegetica
959 1824 1089 1884 additum
1109 1835 1153 1885 est
1171 1821 1210 1886 ad

78 1900 298 2036 exppinpendarp
318 1901 434 2037 gretip
454 1899 598 2037 speciem,
626 1917 683 2034 (pua
707 1897 829 2034 mplxirne
854 1898 1101 2037 cappelluitlptliau
1118 1898 1233 2036 ‘oppd-

95 1995 303 2035 crrcece
419 1996 665 2035 corruo
811 1998 830 2035 u

77 1997 274 2114 destituerito:e
285 1999 349 2116 uhts
365 1997 458 2114 ¹'einim
482 1997 680 2126 ἃῖιιεῗιξιιιιιξῐο8
694 1996 819 2112 lindisi
831 1996 1209 2136 missppecpupepiprpnermcp

79 2127 145 2188 Iam
164 2149 239 2210 quae
263 2149 317 2210 per
335 2131 477 2192 Ioannem
502 2129 639 2190 inchoata
664 2140 709 2188 est
737 2150 800 2189 nou
824 2129 918 2191 minus
943 2127 1000 2190 luit
1018 2130 1211 2194 admirabilis:

81 2226 173 2286 quare
193 2227 255 2266 non
275 2207 379 2266 mirum
400 2218 454 2280 est,
472 2207 503 2284 si,
518 2207 623 2266 eodem
643 2204 724 2266 douo
744 2208 838 2286 ipsum
859 2227 978 2286 quoque
997 2207 1096 2269 ornari
1116 2229 1134 2268 o
1158 2229 1211 2268 or·

79 2285 148 2344 cuit
196 2282 235 2343 Ut
256 2295 399 2342 commas
417 2279 508 2344 eorda
525 2295 655 2358 patrum.
700 2281 757 2342 Hic
783 2291 868 2342 notat
886 2283 933 2342 rhu
958 2281 1017 2344 elus
1078 2231 1193 2344 uidpo

80 2358 227 2419 tissimum
246 2358 380 2418 habuerit
398 2359 526 2419 Ioannes
546 2357 639 2417 simile
660 2378 726 2416 curu
736 2354 809 2418 Elia.
847 2304 1032 2418 Mittergrduro2
1046 2304 1119 2440 eigo
1140 2305 1212 2440 plio-

79 2433 212 2508 nuntiat,
228 2446 262 2492 ut
273 2434 412 2514 populum
426 2435 592 2514 dissipatum
606 2431 726 2512 colligat
741 2433 774 2510 in
794 2431 863 2491 lidei
880 2433 1035 2493 unitatem:
1055 2433 1212 2495 conversio

79 2510 166 2570 enirn
189 2521 305 2589 patrum
330 2509 366 2568 ad
391 2510 467 2568 lilios
491 2507 626 2566 reductio
652 2520 696 2566 cst
718 2507 891 2588 ingratiam
916 2527 951 2566 ex
974 2508 1110 2583 dissidio,
1134 2509 1213 2570 uude

82 2585 235 2722 sequitulr‚
267 2584 410 2681 quandam
429 2583 727 2718 'suissesspupturam
758 2601 832 2662 quae
851 2583 1159 2722 populumdscipdepet
1178 2607 1213 2648 ac

81 2666 867 2823 ppllptpeppgpppetuatzcrffipppmrppepppppppeeppppprs
888 2760 904 2799 a
923 2676 1214 2820 {pppibampplrptnppii
1275 2741 1284 2760 ⁸

84 2819 180 2878 minus
201 2817 315 2878 censeri
328 2759 475 2898 deberent
491 2837 575 2894 quarn
595 2756 805 2889 animulae,
846 2815 876 2876 ui
895 2816 938 2876 sic
958 2817 1095 2878 disiuncti
1114 2830 1213 2880 erant:

13 2913 15 2918 ·
87 2917 139 2955 eos
159 2894 272 2954 reduxit
291 2892 368 2954 Elias
387 2893 417 2953 in
438 2903 569 2954 sanctum
589 2912 771 2955 consensum.
817 2836 897 2952 'llalis
923 2903 1039 2974 patrum
1059 2917 1124 2956 cum
1149 2893 1215 2958 filiis
1293 2912 1298 2939 r

88 2969 237 3052 colligatio
257 2971 322 3030 fieri
346 2970 446 3051 coepit
465 2989 520 3050 per
537 2968 697 3043 Ioannem,
737 2991 802 3030 uam
823 2968 958 3031 Christus
978 2971 1094 3032 demum
1115 2972 1214 3034 ahsol-

86 3049 139 3111 rit
178 3048 279 3122 Quare
298 3047 464 3121 Malachiae,
495 3067 584 3127 quum
614 3046 651 3106 de
679 2991 855 3108 reductione
879 3045 1029 3126 loquitur,
1059 3049 1217 3130 significat,

89 3125 255 3186 distractum
275 3123 340 3184 lore
359 3122 506 3187 Ecclesiae
525 3135 649 3196 statum,
668 3123 720 3184 uhi
739 3123 968 3198 advenietalter
985 3122 1078 3186 Elias:
1098 3126 1216 3207 qualem

88 3215 160 3261 tunc
181 3199 284 3276 luisse,
309 3201 374 3282 plus
392 3200 459 3261 satis
480 3220 515 3258 ex
535 3199 662 3260 historiis
682 3213 785 3260 notum
807 3211 866 3275 est,
891 3211 921 3259 et
940 3200 999 3261 suis
1019 3200 1092 3264 locis
1112 3200 1216 3264 clarius'

88 3277 246 3337 videbitur.
284 3277 427 3337 Doctrina
447 3276 617 3356 Scripturas
642 3277 804 3337 innumeris
830 3277 1003 3338 commentis
1022 3278 1119 3338 vitiata
1142 3291 1217 3354 erat,

89 3352 185 3416 cultos
202 3353 262 3413 Dei
281 3353 344 3434 plus
365 3374 450 3433 quam
469 3352 571 3412 crassis
590 3353 846 3433 superstitionibus
867 3365 1036 3432 corruptus,
1059 3355 1165 3438 religio
1181 3357 1218 3420 in

58 3429 180 3491 ·'varias
199 3441 291 3491 sectas
311 3429 414 3506 divisa,
433 3429 598 3490 sacerdotes
619 3429 713 3508 palam
733 3429 814 3509 impii
834 3440 864 3489 et
883 3429 1032 3510 Epicurei,
1052 3431 1135 3510 plebs
1155 3432 1164 3490 i
1186 3455 1217 3494 sa

90 3508 121 3568 in
142 3526 257 3568 omnem
278 3527 315 3567 ne
339 3507 437 3566 ultiam
459 3504 635 3580 diffluxerat,
661 3505 789 3586 denique
812 3505 886 3566 nihil
905 3526 1016 3568 sanum.
1057 3507 1149 3581 Quod
1166 3455 1218 3576 lis

90 3581 230 3658 hahetur,
253 3527 349 3644 Corda
362 3595 483 3663 patrum
501 3579 649 3660 adfilios,
669 3581 860 3662 improprium
882 3595 940 3660 est,
961 3583 1028 3664 quia
1049 3585 1141 3662 filios,
1167 3587 1218 3666 qui

93 3657 250 3742 foedifragi
270 3672 354 3734 crant¹
374 3672 403 3719 et
419 3658 599 3718 desciverant
617 3679 634 3719 a
652 3669 733 3718 recta
753 3671 867 3739 patrum
887 3659 955 3736 fide,
975 3663 1072 3740 potius
1085 3663 1219 3724 converti

93 3736 233 3816 oportuit.
273 3735 383 3798 Verum
406 3737 459 3796 etsi
484 3733 564 3795 illum
595 3733 794 3796 conversionis
814 3735 950 3798 ordinem
969 3759 1031 3800 non
1051 3737 1092 3800 ita
1112 3739 1220 3798 diserte
1276 3728 1288 3743 ²

94 3813 233 3892 exprimat
252 3813 452 3896 Euangelista‚
478 3833 578 3872 sensus
601 3823 698 3903 tamen
723 3811 843 3874 minime
870 3813 1012 3880 obscurus
1037 3827 1097 3889 est,
1120 3813 1219 3876 Deum

94 3888 236 3950 facturum
262 3891 381 3950 Ioannis
407 3910 512 3969 opera,
545 3900 579 3948 ut
601 3911 633 3950 tn
658 3900 784 3950 sanctam
812 3892 1002 3952 concordiam
1027 3912 1125 3950 rursus
1151 3910 1221 3952 coa-

94 3965 215 4041 lescant,
235 3967 285 4048 qui
294 3967 384 4102 prius
406 3965 521 4026 lucrant
540 3965 621 4026 inter
640 3986 671 4026 se
692 3966 830 4028 distracti.
868 3968 1035 4046 Utrumque
1054 3963 1220 4029 membrum
1279 4030 1281 4038 s

95 4041 218 4103 hahetur
236 4065 291 4124 apo
332 4041 528 4123 Prophetam,
543 4042 603 4174 gui
624 4041 696 4106 nihil
715 4054 814 4103 tamen
834 4041 911 4103 aliud
930 4041 1025 4104 voluit
1044 4062 1129 4121 quam
1149 4062 1220 4102 mu.

94 4131 175 4180 tuom
196 4139 370 4180 consensum
389 4130 505 4180 notare.
573 4139 652 4178 erum
675 4120 740 4200 quia
765 4141 853 4199 saepe
873 4119 1007 4180 homines
1030 4121 1072 4178 sic
1091 4117 1169 4178 inter
1188 4139 1220 4180 se

96 4196 280 4278 conspirant,
304 4207 337 4256 ut
362 4195 411 4256 alii
435 4194 506 4256 alios
526 4194 617 4277 magis
636 4195 766 4256 alienent
785 4217 801 4256 a
820 4197 905 4270 Deo,
930 4185 1014 4254 simul
1034 4193 1138 4256 definit
1156 4196 1221 4260 hn-

96 4274 192 4366 gelus‚
224 4271 317 4354 qualis
342 4271 439 4334 lotura
463 4272 500 4334 sit
525 4272 680 4334 conversio
706 4294 793 4364 quam
820 4271 982 4352 promittit,
1012 4291 1120 4354 nempe
1145 4295 1221 4356 quae

97 4349 300 4411 snohedientes
319 4361 439 4411 revocet
457 4349 493 4410 ad
513 4349 698 4430 prudentiam
718 4359 870 4411 nostorum.
911 4345 1003 4422 Quod
1023 4349 1095 4414 ideo
1112 4366 1221 4415 notau-
1306 4421 1308 4426 .
