2786 4742
313 239 379 324 (98,
394 234 538 336 Discipuli
556 235 679 300 sahhato
698 236 789 320 spicas
806 236 969 318 vellentes.)
1144 243 1202 308 281

74 377 186 466 gelium
210 393 405 444 consecratas
420 380 567 443 ollerreut
584 379 662 442 Deo.
703 381 773 442 Hoc
799 381 1106 464 argumentum'solus
1125 385 1203 446 Mat-

75 461 179 520 thaeus
199 461 326 541 attingit.
363 459 425 518 Iam
446 458 527 538 quod
547 458 634 532 dicit,
658 457 809 520 sahhatum
834 459 981 540 profanari
1000 483 1022 522 a
1041 461 1207 524 sacerdoti··

76 537 143 609 hus,
161 535 321 617 impropria
341 547 385 596 est
404 534 549 615 loquutio,
569 535 598 593 in
620 555 683 612 qua¹
697 554 727 595 se
741 533 874 596 Christus
893 536 1073 600 auditoribus
1085 561 1202 602 accom-

76 613 194 676 modat:
219 633 281 673 non
306 613 383 672 enim
410 634 498 692 quum
522 610 744 671 Lex‘homines
769 633 785 670 a
808 612 866 671 suis
890 613 1030 706 operibus
1056 616 1202 692 abstinere

75 689 177 763 iuhet,
208 690 293 750 saeris
318 689 437 769 operari
461 700 559 762 vetat,¹
581 688 632 750 sed
655 687 743 766 ,quod
766 687 888 747 rudibus
915 710 945 750 m
965 690 1090 769 speciem
1105 693 1205 754 ¹rideri-

76 778 193 844 posset,
214 766 346 828 Christus
365 786 467 830 verum
493 784 555 825 esse
580 765 731 840 concedit,
755 765 823 826 satis
847 763 957 826 habeus
983 767 1063 846 quod
1086 768 1202 834 labores

75 843 181 923 templi
199 842 379 903 Deum-non
400 841 563 902 offendant
729 909 731 916 Ι

136 925 181 984 ’7.
224 917 335 1001 Quodsi
355 921 476 978 ‘curem
521 919 590 978 Hoc
616 936 735 1012 quoque
760 919 879 979 tertium
899 931 1102 1003 argumentum
1123 921 1201 985 solus

74 995 243 1056 Matthaeus
275 1004 500 1056 commemorat:
529 997 701 1077 perstringit
731 1008 828 1057 autem
861 996 995 1058 Christus
1023 998 1204 1074 Pharisaeos,
1235 1006 1239 1018 ‘

76 1072 227 1152 quianon
248 1083 402 1152 reputent,
434 1091 572 1151 quorsum
603 1073 755 1134 mandatae
785 1073 858 1148 siut,
889 1086 920 1134 et
949 1074 979 1133 in
1004 1067 1091 1154 querh
1115 1076 1204 1135 finem

75 1160 214 1230 spectent
233 1147 428 1210 ceremoniae.
472 1147 511 1207 Et
530 1147 649 1227 quidem
676 1149 732 1210 luit
757 1149 814 1211 hoc
834 1150 971 1212 omnihus
995 1151 1058 1211 lere
1083 1151 1203 1213 saeculis

76 1245 234 1285 commuue
250 1225 365 1288 sitium:
385 1224 454 1284 ideo
474 1223 723 1305 prophetaOseas
743 1229 787 1305 (6,
798 1227 843 1306 6.)
863 1229 964 1288 aetatis
983 1247 1051 1288 suae
1071 1226 1204 1288 homines

76 1299 232 1384 obiurgat,
265 1301 345 1393 quod
365 1301 537 1378 ceremoniis
556 1301 664 1362 addicti
689 1303 814 1365 caritatis
834 1303 932 1386 officia
956 1325 1012 1396 pro
1036 1303 1128 1384 nihilo
1150 1304 1205 1364 du·
1249 1352 1257 1368 ι

77 1389 156 1437 cant.
194 1379 285 1457 Atqui
304 1377 385 1436 Deus
406 1376 559 1451 reclamat,
584 1398 615 1438 se
638 1378 729 1458 pluris
751 1379 846 1440 lacere
870 1380 1097 1440 misericordiam
1118 1402 1205 1459 quam

76 1453 233 1513 sacrificia:
254 1452 307 1513 suh
328 1473 405 1521 soce
420 1451 635 1513 misericordiae
661 1453 787 1516 caritatis
808 1457 906 1516 ollicia
926 1477 981 1537 per
999 1455 1204 1537 synecdochen

77 1529 245 1610 designans,
264 1529 349 1589 sicuti
361 1542 511 1590 externum
525 1531 611 1611 Legis
632 1530 740 1592 cultum
760 1531 814 1592 suh
834 1533 979 1594 sacrificiis
993 1533 1207 1613 complectitur.

76 1605 397 1668 Eandemseutentiam
411 1607 544 1668 Christus
564 1607 600 1667 ad
620 1630 703 1668 suum
723 1620 837 1688 tempus
856 1610 1069 1684 accommodet,
1088 1609 1207 1669 etPha·

20 1749 23 1758 ,
78 1682 193 1744 risaeos
219 1695 349 1760 accusat,
382 1683 464 1762 quod
510 1684 641 1765 erphram
665 1685 697 1744 io
722 1683 849 1746 alienum
872 1707 988 1746 sensum
1013 1687 1123 1768 Legem
1148 1685 1208 1746 Dei

75 1765 254 1837 torqueant,
280 1760 360 1852 quod
384 1779 512 1835 securta
537 1761 636 1820 tabula
662 1760 827 1843 posthabita
851 1764 909 1823 toti
932 1763 1106 1834 ceremoniis
1131 1761 1209 1825 affixi

76 1835 145 1896 siut.
186 1837 348 1914 Quaeritur
366 1848 475 1911 tamen,
496 1857 598 1899 curse
617 1837 698 1898 Deus
718 1838 858 1899 sacrificia
877 1842 986 1900 morari
1006 1851 1111 1922 neget,
1131 1838 1208 1918 qud-
1281 1871 1283 1875 ·

75 1933 143 1972 rum
155 1911 391 1974 observationem
410 1934 510 1996 repere
531 1915 561 1973 in
575 1911 657 1996 Lege
675 1915 839 1976 mandabat.
879 1915 995 1978 Solutio
1015 1916 1046 1976 in
1068 1927 1207 1999 promptu

76 2000 133 2062 est,
154 1989 225 2050 ritus
242 2001 376 2051 externos
397 2011 500 2071 perse
520 1991 593 2050 nihil
612 1987 721 2053 hahere
740 1991 895 2068 momenti,
914 2012 1011 2072 neque
1029 1994 1117 2054 etiam
1133 1991 1208 2074 exigi

76 2085 94 2124 a
114 2066 263 2140 Deo,.sed
282 2078 426 2146 quatenus
446 2066 477 2125 in
497 2089 581 2127 suurn
600 2067 688 2126 finem
709 2069 883 2150 diriguntur.
920 2069 1038 2132 Deinde
1057 2089 1118 2129 nou
1138 2070 1208 2129 sim·

75 2141 195 2222 plIeiter
214 2141 281 2202 illos
299 2142 437 2221 repudiat
454 2142 550 2216 Deus,
570 2143 622 2201 sed
642 2145 768 2204 caritatis
790 2143 927 2225 operibus
948 2166 1013 2204 com
1038 2167 1132 2221 araus,
1152 2145 1209 2204 mi·

77 2218 148 2276 nori
168 2217 199 2276 in
217 2217 314 2298 pretio
327 2239 413 2310 quarn
426 2217 496 2278 haec
515 2218 592 2297 apud
612 2217 764 2277 se-haheri
777 2220 890 2292 docet„
913 2221 977 2280 Nec
997 2167 1105 2294 ohstat,
1126 2218 1207 2300 quod

76 2293 109 2353 in
130 2293 314 2374 perfectione
333 2293 460 2354 rustitiae
479 2303 621 2352 summum
632 2293 754 2373 gradum
768 2295 954 2354 obtinetDei
974 2295 1080 2361 cultus:
1102 2295 1209 2355 deinde

18 2377 30 2404 “
71 2371 209 2431 secundo
229 2369 297 2429 loco
318 2369 477 2446 accedunt,
508 2390 583 2448 quae
601 2381 786 2450 praestantur
806 2369 972 2430 hominihus
993 2371 1101 2432 officia.
1144 2373 1208 2432 Etsi

78 2447 159 2508 enirn
212 2447 284 2506 ictas
308 2450 416 2508 merito
442 2447 560 2506 caritate
588 2447 748 2528 pretiosior
776 2458 926 2521 censetur,
957 2459 1067 2526 quanto
1096 2447 1222 2511 scilicet,

77 2545 166 2604 supra
185 2469 320 2584 homines
339 2524 421 2583 Deus
442 2523 571 2599 excellit,
603 2525 669 2603 quia
689 2535 787 2582 tamen
812 2522 912 2583 fideles
931 2534 1060 2586 mutuam
1081 2524 1159 2583 inter
1177 2546 1209 2586 se

77 2601 218 2661 iustitiam
239 2598 370 2662 colendo
386 2619 418 2660 se
437 2599 536 2658 Deum
556 2598 655 2660 colere
674 2598 753 2660 serio
776 2611 935 2674 testantur,
959 2597 1020 2660 uod
1040 2601 1104 2659 sine
1125 2621 1210 2663 causa

77 2678 248 2768 hypocritas
268 2675 347 2740 ,illuc
377 2656 498 2736 revhcat
525 2676 623 2753 Deus,
662 2676 712 2756 qui
741 2677 881 2757 pietatem
917 2676 1053 2738 simulant
1084 2679 1209 2740 externis

78 2755 181 2834 signis,
200 2773 323 2832 eamque
343 2774 470 2834 operose
489 2753 519 2812 in
539 2753 603 2814 solo
625 2753 734 2818 carnali
755 2753 834 2815 cultu
854 2753 1007 2814 haerentes
1027 2766 1209 2835 pervertunt.

77 2831 177 2890 Porro
198 2849 232 2889 ex
250 2830 418 2911 Prophetae
438 2831 608 2891 testimonio
631 2831 765 2893 Christus
789 2832 920 2890 insontes
947 2850 1008 2890 esse
1033 2853 1102 2892 snos
1121 2831 1209 2893 disci-

78 2906 165 2989 pulos
194 2907 302 2968 merito
337 2907 465 2988 colligit,
497 2909 565 2986 quia
584 2908 664 2968 Deus
696 2907 837 2990 legalih'us
868 2907 1040 2968 rudimentis
1066 2909 1209 2988 populum

77 3006 163 3046 suum
184 3004 332 3061 exercens,
353 2985 473 3047 minime
492 2985 611 3045 volebat
630 2984 705 3044 lame
725 3005 830 3046 necare
850 2984 971 3058 miseros
992 2984 1133 3046 homiues.

102 3055 110 3072 ⁸
155 3065 183 3125 8.
221 3061 302 3121 Nom
320 3061 466 3138 Dominus
484 3075 533 3121 est.
579 3061 707 3152 Quidam
731 3062 904 3122 seutentiam
932 3059 1006 3120 hauc
1031 3084 1096 3122 cum
1122 3081 1209 3142 supe-

5 3155 7 3158 ·
79 3137 159 3198 riore
180 3135 228 3197 illa
250 3149 425 3216 contexunt,
478 3136 537 3199 uod
556 3140 669 3198 adesset
687 3139 780 3198 maior
804 3151 863 3199 tem
887 3137 934 3210 lo,
967 3149 1142 3198 eotamen
1164 3139 1209 3198 di-

77 3235 176 3274 rersas
196 3234 258 3274 esse
283 3215 419 3276 arhitror.
456 3161 543 3275 lrius
575 3215 654 3274 euim
675 3215 808 3277 Christus
839 3159 884 3274 ad
903 3157 1044 3295 templum
1077 3215 1209 3296 alludens
1229 3257 1257 3276 ,«

78 3291 169 3373 Legis
187 3293 449 3374 transgressionem
470 3313 532 3352 esse
552 3291 695 3374 negahat,
726 3292 864 3384 quicquid
889 3312 955 3351 curn
980 3313 1030 3354 sua
1054 3294 1208 3356 sanctitate

80 3367 271 3429 coniunctum
293 3369 383 3429 foret:
410 3369 457 3430 hic
476 3380 573 3428 autern
594 3379 769 3449 potestatem
788 3369 844 3430 srbi
867 3369 962 3428 datam
982 3389 1044 3428 esse
1065 3369 1151 3444 dicit,
1176 3383 1210 3432 ut

81 3449 102 3503 a'·
120 3445 289 3506 necessitate
310 3445 427 3514 colendi
446 3445 559 3506 sahhati
579 3466 647 3505 suos
666 3443 782 3504 liheret.
830 3445 922 3506 Filius
940 3443 1062 3525 (inquit)
1085 3447 1209 3505 hominis

79 3541 137 3601 pro
157 3542 210 3582 sno
230 3521 526 3601 imperiosahhatum
545 3523 621 3583 sicut
645 3521 713 3582 alias
733 3523 914 3581 ceremonias
934 3521 1043 3604 legales
1061 3521 1209 3582 moderari

79 3609 190 3679 potest.
227 3597 267 3658 Et
286 3609 367 3658 certe
387 3611 465 3658 extra
478 3599 636 3660 -Christum
657 3598 761 3657 misera
782 3610 826 3656 est
844 3597 932 3680 Legis
951 3601 1090 3672 servitus,
1114 3619 1131 3660 a
1151 3619 1210 3678 qua

80 3672 161 3736 solus
180 3675 242 3753 ipse
263 3671 399 3747 absolvit,
420 3696 493 3754 quos
515 3673 606 3736 donat
625 3673 722 3734 lihero
742 3674 910 3754 adoptionis
931 3675 1053 3754 Spiritu.

80 3769 90 3790 s
156 3751 247 3830 Marc.
267 3757 314 3817 27.
351 3748 509 3810 Sabbatum
528 3764 652 3826 propter·
674 3748 822 3810 hominm.
869 3751 1014 3829 Quintum
1039 3750 1097 3811 hoe
1122 3770 1210 3832 argu-

79 3839 213 3887 mentum
238 3849 254 3887 a
280 3823 345 3888 solo
371 3829 473 3888 Marco
501 3829 637 3888 refertur.
689 3827 808 3887 Summa
839 3840 935 3888 autern
968 3837 1026 3902 est,
1056 3847 1109 3907 per
1132 3847 1210 3888 eram

79 3905 192 3978 lacere,
216 3905 267 3984 qui
290 3903 443 3965 sahhatum
468 3903 496 3963 in
522 3904 646 3965 hominis
672 3904 790 3964 exitium
817 3914 1009 3976 convertunt,
1039 3849 1129 3983 quod
1149 3906 1211 3968 eius

81 4001 166 4042 causa
186 3981 267 4042 Deus
287 3981 424 4042 instituit.
463 3981 612 4054 Videhant
630 3979 777 4040 Pharisaei
797 3981 826 4039 in
846 3992 947 4041 sancto
969 3999 1061 4060 opere
1084 4002 1211 4061 occupa-

81 4069 129 4118 tos
150 4059 260 4120 Christi
281 4057 454 4138 discipulos,
473 4057 612 4118 uidebant
630 4057 745 4118 itineris
765 4056 1040 4120 taborucunfrrtos
1060 4058 1144 4118 simul
1165 4061 1211 4118 in-

82 4133 147 4192 edia
166 4137 274 4214 premi:
295 4135 411 4194 interim
431 4147 621 4208 succensent,
642 4134 721 4214 quod
741 4133 866 4194 famelici
886 4134 984 4213 paucis
1005 4135 1094 4196 tritici
1109 4135 1211 4218 granis
1233 4183 1245 4200 .

81 4221 247 4272 sustentent
267 4211 413 4272 defessum
428 4232 544 4290 corpus.
581 4213 702 4272 Annon
724 4209 780 4270 hoc
799 4212 889 4269 modo
910 4209 1016 4270 inscite
1057 4213 1214 4274 ervertitur

83 4284 142 4346 Dei
162 4288 324 4361 consilium,
343 4287 368 4349 si
388 4309 453 4348 curn
473 4288 627 4352 hominurn
647 4309 721 4349 noxa
743 4286 866 4370 exigitur
885 4285 997 4347 sahhati
1018 4235 1214 4362 ohservantia,

84 4382 172 4444 quam
202 4363 349 4478 prodessel
372 4363 483 4429 voluit?
533 4365 691 4428 Caeterum
705 4363 880 4449 xlalluutur,
909 4364 1131 4454 meoiudicio,
1163 4367 1214 4447 qui

555 4511 562 4542 l
