2824 4756
218 257 257 320 16
395 241 548 307 sufflo
568 239 615 305 tt·
646 239 784 302 Ioanms
803 238 990 324 Baerrsrsn
1008 237 1164 304 uermes.
1194 277 1203 291 .

157 437 161 445 ·
219 411 293 458 nere
312 389 383 453 olim
402 389 472 450 iussi
490 387 549 450 sint
566 383 732 448 sacerdotes
756 383 792 446 ab
824 382 978 461 uxoribus,
1003 405 1068 466 nno
1093 395 1230 466 tempore
1253 382 1349 448 sacris

220 489 342 563 operam
353 464 472 540 dabant,
489 463 596 524 merito
609 483 688 523 nunc
708 481 725 521 a
743 459 943 522 sacerdotibus
955 480 987 521 re
1011 462 1066 522 uiri
1085 473 1256 544 perpetuam
1267 481 1349 520 con-

219 547 390 619 tinentiam,
420 541 551 622 quinon
571 559 626 622 per
643 550 702 598 tem
725 559 810 598 orum
828 537 923 616 vices,
943 483 1008 599 -sedl
1021 537 1154 618 quotidie
1172 535 1349 612 sacrificant,

219 620 396 706 praesertim
410 639 499 700 quum
525 614 619 699 longe
623 559 830 674 “exceltentior
853 613 891 674 ait
920 635 1069 676 sacrorum
1101 615 1226 696 dignitas
1256 635 1347 707 quam

220 699 275 762 sub
295 700 385 778 Lege.
435 695 547 754 Verum
576 692 652 754 scire
669 692 767 765 uelim,
786 711 839 750 cur
858 711 919 750 non
938 713 955 752 a
974 691 1043 752 vino
1063 711 1182 770 quoque
1202 695 1242 752 et*
1251 710 1347 752 arcera

221 775 394 838 abstineant.
431 770 478 830 Ne
500 790 537 830 ue
557 769 636 829 enim
652 778 820 848 praecepta,
839 787 912 846 quae
932 767 1082 828 coniunxit
1100 767 1193 843 Deus,
1209 787 1240 828 se
1262 785 1347 826 arare

221 853 264 914 ias
285 863 337 925 est,
357 861 391 909 ut
409 791 525 907 dimidia
542 857 655 905 tantum
676 865 751 924 pars,
771 841 860 904 altera
880 843 1023 927 neglecta,
1042 856 1182 907 servetur.
1248 864 1347 903 oncu-

220 928 300 990 bitus
319 946 441 987 uxorum
460 921 644 983 interdicitur
662 942 724 980 non
743 930 802 979 tam
815 919 921 980 diserte
932 937 1017 1013 quarn
1037 921 1096 980 vini
1115 932 1203 1014 potus
1221 919 1347 1000 (Erech.

221 1005 366 1080 dl,21.)·
409 1001 443 1060 Si
462 999 549 1090 Legis
579 993 726 1077 praeteitu
758 994 935 1057 coelibatum
965 998 1093 1135 iniungit
1123 1020 1180 1059 surs
1210 993 1347 1059 sacrificis
1397 1009 1398 1018 ¹

219 1081 311 1162 Papa,
330 1100 383 1140 cur
400 1079 497 1137 vinum
518 1072 574 1134 rllis
592 1071 752 1154 permittit?
790 1072 855 1132 loro
875 1073 1034 1135 secundum
1075 1095 1129 1134 aue
1148 1073 1293 1134 rationem
1314 1072 1346 1131 in

220 1157 334 1237 aliquos
354 1151 529 1234 templorum
548 1170 678 1211 recessus
697 1149 843 1212 sacrificos
863 1170 966 1212 omnes
985 1153 1092 1214 coniici
1116 1161 1285 1232 oporteret,
1312 1160 1347 1209 ut

221 1256 256 1295 er
276 1231 373 1293 astulis
392 1228 498 1289 inclusi
515 1238 608 1289 totam
632 1227 721 1287 vitam
740 1226 938 1320 transigerent
957 1240 1036 1290 extra
1059 1227 1214 1290 mulierum
1237 1238 1267 1286 et
1309 1246 1345 1287 o·

243 1253 285 1370 uit
304 1305 539 1369 contubernium.
576 1302 638 1364 Iam
649 1302 725 1364 clare
744 1302 944 1385 perspicimus,
962 1302 1098 1385 improbe
1118 1247 1346 1365 eosobtendle're

219 1331 332 1469 legem
351 1381 424 1457 Dei,
447 1403 464 1442 a
488 1382 544 1517 ‹pua
564 1380 724 1440 discedunt.
762 1380 854 1441 Plena
876 1391 975 1440 tamen
998 1382 1106 1442 solutio
1127 1400 1161 1440 er
1179 1380 1345 1440 discrimine

219 1463 308 1545 Legis
328 1472 360 1520 et
377 1459 496 1540 Evange
510 1456 528 1516 ii
569 1457 665 1516 endet.
710 1457 853 1517 Sacerdos
878 1476 909 1518 se
928 1457 964 1518 ad
990 1458 1131 1538 expianda
1150 1455 1252 1538 populi
1273 1475 1346 1538 pec-

110 1567 111 1572 *
222 1551 285 1600 eata
305 1534 541 1598 sistebat'coram
585 1553 634 1610 eo,
654 1544 687 1594 ut
706 1544 782 1596 esset
796 1533 876 1615 quasi
888 1533 945 1593 Dei
966 1547 995 1594 et
1015 1535 1165 1596 hominum
1184 1532 1344 1594 mediator:

222 1615 269 1676 eui
288 1612 352 1674 talis
372 1631 499 1694 persona
516 1611 652 1691 imposita
671 1621 748 1686 crat,
774 1629 840 1670 eum
858 1609 966 1690 aliquid
986 1611 1095 1672 babere
1115 1610 1264 1692 oportuit,
1284 1629 1345 1688 quo
1396 1629 1398 1636 ¹

220 1701 370 1773 exemptus
399 1709 417 1749 a
455 1687 604 1749 communi
638 1686 792 1747 bominum
823 1686 926 1746 ordine
957 1689 1019 1749 veri
1049 1686 1220 1748 Mediatoris
1251 1686 1345 1768 figura

117 1809 122 1816 -
219 1777 439 1851 agnosceretur.
477 1765 545 1824 Huc
570 1775 602 1822 et
623 1783 721 1824 sacrae
739 1774 835 1824 vestes
858 1763 1030 1844 spectabant
1049 1776 1079 1825 et
1096 1763 1207 1825 unctio.
1245 1762 1346 1836 Hodie

219 1845 251 1905 in
272 1843 397 1925 publicis
407 1840 556 1932 Ecclesiae
573 1839 712 1931 ministris
732 1852 763 1899 et
779 1839 944 1919 pastoribus
963 1841 1162 1902 nihil‘simile:
1182 1838 1291 1920 loquor
1308 1840 1345 1899 de

220 1915 961 2058 sparsas,affiacspppupspppfips,3315
981 1919 1346 2056 ttttttrttttttt

219 2017 456 2154 l’aplllmiluare
481 2069 607 2150 Spiritus
630 2069 792 2130 sententiae
818 2015 1046 2151 aequidscallrus,
1072 2090 1147 2152 quae
1166 2072 1345 2151 pronuntiat,

222 2147 398 2212 honorabile
417 2147 447 2206 in
468 2146 604 2206 omnibus
624 2165 686 2206 esse
706 2146 877 2224 coniugium
895 2147 1005 2226 (Hebr.
1024 2154 1072 2222 13,
1090 2155 1143 2218 4.).

296 2231 345 2290 24.
382 2223 424 2282 Et
442 2220 601 2283 occultabat
617 2243 656 2282 se.
700 2221 868 2284 Absurdum
895 2223 953 2284 boc
972 2225 1101 2299 videtur,
1125 2221 1205 2304 quasi
1226 2219 1345 2283 diuinae

220 2300 438 2365 benedictionis
454 2299 560 2393 ‘ipsam
587 2299 736 2436 puduerit.
786 2301 897 2392 lJutant
916 2301 1049 2382 quidem,
1077 2321 1110 2393 pe
1126 2301 1232 2392 'adbuc
1257 2299 1345 2359 dubia

220 2401 284 2441 non
304 2399 402 2439 ansam
421 2377 509 2438 luisse
529 2396 584 2456 pro
607 2396 648 2435 rre
668 2398 697 2435 rn
717 2375 884 2457 publicum,
914 2397 952 2438 ne
971 2397 1002 2438 se
1027 2377 1153 2438 ludibrio
1175 2387 1345 2457 exponeret,

120 2512 130 2535 ,
220 2458 246 2522 si
266 2477 329 2517 eam
349 2454 485 2515 frustrata
505 2462 582 2514 esset
600 2452 700 2533 opinio
722 2475 808 2534 quam
828 2465 1013 2536 conceperat.
1049 2455 1114 2537 Ego
1128 2472 1198 2514 vero
1219 2453 1256 2513 de
1275 2473 1345 2533 pro-

118 2538 124 2567 ’“
220 2533 359 2596 missione
380 2532 445 2591 data
474 2529 516 2590 sic
546 2529 634 2590 luisse
659 2549 825 2611 persuasam
849 2544 964 2606 statuo,
994 2543 1027 2592 ut
1054 2532 1090 2591 de
1115 2541 1222 2590 euentu
1244 2549 1345 2590 secura

118 2609 125 2623 '
220 2609 320 2672 fuerit.
360 2608 461 2682 Quum
478 2605 555 2665 enim
576 2607 612 2666 de
632 2607 739 2676 marito
758 2620 902 2689 sumptam
921 2628 1039 2698 gravem
1064 2627 1190 2688 poenam
1211 2618 1345 2667 cerneret

221 2685 262 2747 ob
282 2683 529 2744 inconsideratum
550 2681 666 2762 linguae
686 2682 814 2762 lapsum,
840 2706 876 2745 an
897 2706 951 2766 per
969 2697 1097 2765 quinque
1116 2703 1229 2744 menses
1248 2683 1345 2750 conti-

220 2779 298 2826 nuos
315 2758 440 2818 similem
458 2757 489 2816 in
509 2758 607 2817 animo
632 2757 845 2820 dubitationem
865 2761 1003 2822 fovisset?
1028 2772 1058 2821 et
1081 2761 1141 2821 eius
1161 2759 1248 2822 verba
1267 2757 1344 2820 clare

222 2837 440 2907 demonstrant,
472 2853 559 2923 quam
591 2854 652 2893 non
685 2835 773 2895 suerit
796 2858 861 2916 spes
886 2837 946 2898 eius
971 2857 1109 2918 suspensa
1132 2835 1178 2898 vel
1201 2835 1344 2916 ambigua.

220 2912 297 2974 Nam
317 2931 406 2989 quum
427 2909 511 2983 dicrt,
535 2907 696 2968 Dominum
716 2913 757 2970 sie
777 2911 894 2987 iecisse,
919 2913 1027 2974 diserte
1048 2926 1078 2974 et
1097 2913 1241 2994 intrepide
1260 2933 1345 2992 prae·

222 2989 301 3050 dicat
319 2996 420 3045 notam
440 2985 501 3045 eius
516 2985 647 3067 gratiam.
682 2985 801 3067 Duplex
820 3001 916 3050 autem
934 2991 1034 3070 potuit
1046 3010 1108 3052 esse
1127 2989 1235 3051 latendi
1246 3011 1345 3050 causa:

222 3064 321 3147 prior,
342 3081 381 3122 ne
400 3062 458 3121 Dei
477 3061 663 3136 miraculum,
705 3065 851 3145 riusquam
871 3068 1062 3147 conspicuum
1083 3079 1173 3140 esset,
1193 3067 1276 3127 variis
1296 3086 1345 3125 ex·

222 3150 350 3222 poneret
373 3138 524 3198 hominurn
549 3083 751 3214 sermonilus,
782 3154 814 3201 ut
837 3162 925 3222 saepe
946 3144 982 3204 de
1002 3143 1140 3224 operibus
1159 3141 1217 3203 Ilei
1235 3155 1346 3204 temere

244 3235 384 3296 arumqne
404 3213 569 3275 honorilice
588 3216 699 3297 garrire
719 3215 796 3278 solet
813 3222 947 3281 mundus.
984 3221 1102 3296 Altera,
1121 3232 1168 3294 ut,
1189 3241 1277 3300 quum
1296 3241 1345 3279 su-

221 3239 287 3354 lito
299 3291 446 3375 gravidam
459 3303 615 3352 cernerent
635 3291 778 3368 homines,
798 3296 889 3378 magis
910 3297 1105 3359 excitarentur
1118 3297 1153 3358 ad
1172 3295 1346 3358 laudandum

222 3367 328 3429 Deum.
368 3369 443 3428 Nam
464 3387 538 3448 quae
557 3367 695 3450 paulatim
716 3385 869 3456 emergunt
887 3373 945 3434 Dei
970 3394 1075 3456 opera,
1106 3387 1263 3456 progressu
1281 3375 1344 3452 ipso

223 3463 311 3524 saepe
332 3445 408 3526 apud
433 3465 487 3528 nos
512 3445 662 3518 vilescunt.
712 3449 783 3510 Non
808 3469 880 3534 ergo
900 3472 950 3511 sua
976 3471 1059 3512 causa
1082 3450 1166 3511 latuit
1184 3449 1344 3526 Elisabeth,

223 3521 276 3584 sed
295 3521 419 3582 aliorum
438 3542 483 3580 ma
507 3521 530 3582 is
549 3536 692 3603 respectu.
969 3525 971 3533 ’
1179 3532 1198 3564 s

299 3604 347 3663 25
384 3597 437 3657 Sic
453 3539 524 3656 might
539 3601 620 3682 fecit
637 3599 791 3660 Dominus.
838 3601 976 3664 Privatim
1002 3602 1132 3664 celebrat
1149 3600 1208 3662 Dei
1231 3599 1346 3661 bonita-

223 3681 295 3750 tem,
314 3674 410 3734 donec
429 3686 572 3735 rnaturum
593 3676 726 3737 adveniat
746 3678 805 3738 eius
825 3678 1015 3758 publicandae
1034 3693 1158 3760 ternpus.
1197 3677 1347 3740 Credibile

224 3762 279 3826 est,
292 3752 406 3830 ‘scripto
428 3749 564 3814 edoctum
584 3753 672 3812 luisse
692 3775 709 3814 a
728 3753 833 3815 marito
854 3756 890 3814 de
909 3755 1014 3816 sobole
1032 3758 1183 3837 promissa,
1202 3751 1262 3835 <juo
1282 3775 1346 3815 cer-

224 3828 283 3888 tius
304 3838 333 3886 et
352 3825 493 3886 alacriore
514 3829 609 3890 animo
630 3829 727 3890 Deum
753 3830 836 3891 huius
862 3832 996 3892 beneficii
1020 3845 1169 3894 auctorem
1211 3831 1346 3907 raedicat,

224 3905 315 3984 idque
334 3901 488 3965 confirmat
507 3905 644 3982 proximis
664 3907 777 3983 verbis,
802 3907 918 3986 meando
936 3912 1079 3986 respexit,
1106 3913 1138 3969 u‘t
1154 3919 1181 3970 to
1274 3929 1347 3983 pau·

225 3979 310 4040 brum
331 4001 432 4039 mcum.
482 3978 652 4044 sterilitatis
683 3984 759 4043 enim
786 4004 900 4046 eausam
929 3985 1016 4045 fuisse
1042 3998 1141 4078 notat,
1174 3985 1254 4068 quod
1277 3997 1349 4048 tunc

227 4077 343 4118 auersus
362 4055 463 4116 suisset
482 4054 540 4115 Dei
560 4057 649 4122 lavor.
692 4059 776 4121 Inter
799 4072 931 4122 terrenas
950 4061 1007 4121 Dei
1031 4062 1251 4126 benedictiones
1263 4059 1349 4122 ‚banc

1378 3521 1391 3905 1—*2

227 4137 385 4214 praecipue
404 4146 615 4198 commemorat
624 4136 785 4218 Scriptura,
805 4138 977 4218 quodDeus
997 4138 1101 4200 sobole
1120 4160 1176 4199 nos
1196 4137 1348 4220 dignetur:
1387 4183 1388 4200 ι

229 4218 260 4265 et
278 4211 394 4270 merito.
431 4208 506 4270 Nam
525 4211 549 4270 si
569 4213 632 4273 eius
651 4212 818 4276 benedictio
834 4225 877 4275 est
896 4213 1050 4275 brutorum
1061 4215 1227 4279 animalium
1246 4214 1350 4274 fecun-

227 4281 317 4363 ditas,
341 4307 400 4368 quo
420 4286 609 4352 excellentior
628 4301 672 4354 est
690 4291 806 4374 generis
831 4289 948 4354 hmani
966 4293 1157 4377 propagatio,
1183 4311 1220 4355 eo
1239 4291 1351 4355 maiore
