2808 4748
184 266 267 368 ἰιι
471 383 476 400 ⁸
655 289 808 353 sncmo
829 289 881 351 vr.

209 441 265 504 illis
284 449 383 523 parata
400 417 465 499 esse
484 434 659 509 certamina,
678 454 753 517 quae
773 435 922 517 qnondam
941 456 974 496 er
997 437 1052 498 orti
1071 447 1140 499 sunt
1156 437 1337 520 Prophetae,

116 541 120 550 ’
193 515 447 600 ·quandoquidem
466 512 498 573 in
517 531 621 572 eornm
639 511 737 572 locum
757 513 925 573 succedunt
983 533 1058 594 eque
1078 515 1155 576 enim
1173 517 1238 576 solo
1256 528 1336 576 tem-

208 596 293 678 poris
310 602 447 673 respectu
457 589 621 670 Prophetas
641 588 713 651 dicit
731 588 820 650 fuisse
838 589 896 651 illis
915 591 1040 670 priores,
1059 592 1109 652 sed
1127 593 1194 672 quia
1205 592 1334 654 eiusdem

209 674 270 734 siut
294 669 420 744 ordinis,
443 666 572 745 ideoque
595 685 627 726 ae
652 666 689 726 ad
712 665 831 726 illorum
856 666 1018 748 exemplum
1041 668 1169 728 formare
1198 668 1333 730 debeant

212 747 305 824 Quod
334 742 423 826 vulgo
453 762 562 804 novem
590 727 785 804 beititudincs
810 743 971 822 finxerunt,
1001 745 1094 828 magis
1122 745 1259 807 frivolum
1290 758 1335 808 est
1393 757 1394 772 ¹

210 845 298 908 quam
317 833 351 881 ut
368 819 457 903 longa
477 818 656 880 refutatione
675 817 738 878 indi
761 831 816 882 eat

284 900 358 958 Luc.
374 903 425 962 24.
467 893 505 954 V
500 917 536 954 oe
552 893 631 956 vobis
654 891 735 954 divi
752 917 794 955 us.
834 895 927 957 Sicuti
951 908 1077 977 quatuor
1100 909 1213 958 tantum
1239 895 1332 960 bene-

143 1033 152 1044 ,
209 977 372 1039 dictionum
392 973 487 1056 capita
505 971 654 1033 recensuit
670 972 780 1049 Lucas,
805 973 845 1032 ita
864 992 944 1035 nunc
964 985 1091 1054 quatuor
1113 974 1331 1037 maledictiones

209 1053 354 1135 opponit,
383 1060 418 1110 ut
439 1047 572 1109 membra
595 1047 674 1108 iuter
695 1069 727 1110 se
751 1048 958 1131 respondeant.
992 1051 1159 1113 «Caeterum
1183 1051 1331 1114 antithesis

207 1132 262 1192 ista
281 1149 343 1190 uon
367 1125 460 1188 modo
484 1125 521 1186 ad
546 1124 748 1187 incutiendum
771 1126 866 1206 impiis
891 1138 1039 1190 terrorem
1063 1137 1175 1207 spectat
1221 1129 1270 1190 sed
1296 1129 1330 1189 ad

206 1205 309 1268 fideles
328 1202 506 1279 excitandos,
526 1220 565 1261 ue
582 1201 858 1284 ranis‘etcaptiosis
869 1204 970 1264 mundi
983 1204 1130 1266 illecebris
1145 1171 1329 1266 indormiant

207 1283 324 1346 Scimus
345 1281 434 1356 enim,
474 1298 539 1339 uam
558 1277 690 1370 proclive
708 1280 746 1341 sit
764 1279 851 1340 rebus
870 1281 1018 1361 prosperis
1037 1281 1186 1357 inebriari,
1197 1281 1244 1344 vel
1256 1281 1330 1342 irre-

206 1361 258 1432 tiri
277 1358 431 1418 bominum
449 1299 611 1435 blanditiis:
631 1355 711 1416 uude
731 1357 820 1416 etiam
838 1356 885 1432 fit,
904 1368 938 1418 ut
956 1377 1043 1438 saepe
1061 1358 1209 1419 invideant
1226 1375 1260 1420 re
1280 1380 1330 1419 ro-

205 1438 252 1500 bis
278 1434 329 1494 filii
358 1433 432 1504 Dei,
460 1430 570 1512 ⁴quibus
599 1431 700 1493 omnia
724 1452 793 1514 pros
818 1453 866 1493 era
897 1445 927 1494 et
950 1434 1076 1496 secunda
1098 1434 1192 1498 fluo're
1219 1379 1328 1496 vident

205 1515 304 1574 Porro
324 1507 456 1572 dimidias
473 1507 638 1584 maledicit,
656 1529 719 1570 non
738 1453 937 1590 quibuslibet,
960 1511 1011 1573 aed
1030 1510 1080 1590 qui
1099 1510 1328 1572 consolationem

205 1609 287 1652 suam
305 1587 337 1647 in
356 1585 469 1646 mundo
489 1585 646 1663 accipiunt,
666 1586 724 1647 boc
744 1598 803 1661 est,
822 1587 1010 1666 acquiescunt
1027 1589 1059 1648 in
1077 1609 1128 1648 sua
1147 1587 1278 1664 fortuna,
1297 1600 1329 1648 ut
1393 1609 1394 1612 ¹

204 1667 324 1726 suturae
352 1663 432 1724 vitae
455 1660 682 1734 obliviscantur.
720 1661 875 1744 Significat
904 1681 993 1746 ergo,
1024 1675 1137 1724 tantum
1168 1664 1267 1726 abesse
1296 1677 1329 1724 ut
1393 1727 1394 1734 χ

204 1743 325 1802 beatum
348 1738 500 1801 bominem
525 1737 642 1798 divitiae
666 1737 787 1816 saciant,
816 1751 851 1799 ut
875 1741 962 1833 saepe
987 1741 1020 1800 in
1043 1741 1226 1802 occasionem
1250 1741 1329 1801 exitii
1393 1751 1394 1756 ’

202 1829 365 1882 vertamur.
402 1815 524 1896 Alioqui
544 1813 648 1876 divites
668 1835 683 1875 a
703 1835 869 1896 regnosuo
889 1817 1018 1878 manime
1030 1816 1219 1893 escatilem,
1237 1819 1327 1879 modo
1393 1851 1394 1856 ι

202 1916 244 1956 ne
263 1894 319 1956 sibi
338 1893 460 1973 laqueos
480 1889 673 1970 complicent,
690 1891 738 1952 rel
755 1911 839 2029 {gem
858 1914 939 1954 suam
957 1893 1080 1976 figentes
1098 1894 1129 1963 in
1147 1906 1226 1954 terra
1245 1895 1329 1954 ianu-
1393 1961 1394 1964 Ἴ

203 1994 251 2033 am
272 1969 424 2032 coelorum
444 1968 499 2030 sibi
518 1965 718 2051 praecludent

795 1979 915 2048 egenter
926 1969 1116 2052 Augustinus,
1136 1971 1184 2050 qui
1203 1982 1237 2030 ut
1254 1971 1328 2032 divi-

203 2046 261 2111 tias
286 2048 352 2108 filiis
375 2047 435 2108 Ilei
449 2065 519 2140 'per
544 2062 576 2105 se
602 2065 665 2104 non
689 2062 752 2106 csse
776 2044 987 2125 impedimento
1012 2047 1160 2124 ostendat,
1187 2047 1328 2110 Lazarum

226 2145 365 2206 aupercm
383 2125 415 2184 in
433 2141 530 2184 arnum
549 2119 643 2182 divitis
661 2120 798 2184 Abrabae
817 2135 968 2205 receptum
987 2122 1075 2184 inisse
1094 2123 1240 2184 admonet
1265 2125 1328 2193 Eo-

201 2149 270 2264 dem
289 2220 377 2262 sensu
395 2199 498 2260 saturis
518 2197 667 2259 maledicit
686 2220 720 2259 ac
739 2199 844 2336 plenis,
865 2201 931 2278 quia
949 2199 1042 2260 inflati
1061 2201 1255 2280 praesentium
1269 2201 1328 2261 bo-

201 2299 311 2342 norum
330 2275 434 2336 fiducia
460 2273 600 2356 quicquid
625 2285 669 2335 est
691 2297 747 2338 coc
761 2275 863 2336 estium
888 2277 1036 2338 bonorum
1055 2289 1205 2357 respuunt.
1243 2277 1326 2339 ldern

201 2369 233 2418 et
253 2356 290 2415 de
309 2355 369 2415 risu
386 2351 586 2445 sentiendum:
612 2368 693 2443 nopae
712 2353 790 2413 enim
809 2353 907 2444 ridere
927 2353 1081 2446 intelligit,
1099 2354 1150 2445 ‹pui
1167 2353 1326 2490 Epicureae
1393 2365 1394 2374 ¹

200 2433 330 2496 laetitiae
350 2431 456 2506 dedrtr,
481 2441 511 2489 ct
530 2450 561 2488 ιιι
582 2448 674 2490 carnis
693 2428 891 2510 voluptatibus
911 2429 1050 2505 demersa,
1076 2432 1194 2512 qmcqui
1232 2430 1326 2492 mole·
1393 2481 1394 2484 ,

200 2513 273 2574 stiae
292 2529 348 2593 pro
368 2506 477 2570 tuenda
495 2505 554 2566 Dei
578 2505 672 2642 gloria
698 2505 882 2568 subeundum
906 2506 986 2568 foret
1007 2505 1167 2588 refugiunt
1203 2508 1325 2570 Postre-
1393 2583 1394 2592 ἵ

200 2610 281 2648 ιιιιιιιι
300 2609 353 2646 vare
376 2584 414 2644 ad
439 2583 577 2664 corrigen
600 2605 646 2644 am
668 2583 858 2644 ambitionem
883 2584 1025 2665 pertinet:
1058 2584 1126 2664 quia
1150 2585 1228 2645 enim
1254 2583 1325 2645 nibil

199 2665 293 2747 magis
320 2679 477 2722 commune
503 2670 547 2719 est
572 2681 659 2738 quam
684 2673 802 2741 captare
826 2660 979 2723 bominum

198 2741 256 2802 illis
275 2736 413 2810 inescari,
433 2747 467 2794 ut
484 2734 554 2793 inde
574 2735 737 2796 absterreat
757 2735 891 2798 Christus
910 2759 978 2799 suos
998 2681 1171 2817 discipulos,
1196 2738 1325 2799 ostendit

198 2814 344 2877 exitialem
364 2811 431 2872 fore
450 2809 602 2871 bominum
623 2813 755 2892 gratiam.
793 2813 878 2873 Haec
898 2825 995 2874 autem
1013 2813 1176 2878 admonitio
1196 2814 1325 2896 peculia-

197 2894 273 2954 riter
291 2890 328 2950 ad
348 2887 487 2950 doctores
506 2895 633 2966 spectat,
659 2887 766 2966 quibus
785 2887 866 2949 nulla
882 2891 974 2969 vpestis
994 2890 1085 2972 magis
1104 2893 1259 2952 metuenda
1280 2903 1325 2952 est

198 2988 286 3052 quam
306 2964 445 3040 ambitio,
490 2963 536 3022 uia
554 2962 618 3022 ficri
642 2984 706 3024 uon
724 2972 838 3043 potest,
864 2967 934 3045 quin
958 2989 1061 3048 puram
1080 2965 1138 3027 Dei
1163 2967 1325 3030 doctrinam

187 3044 379 3119 adulterent,
404 3041 456 3102 nbi
502 3039 632 3102 ominum
652 3039 782 3102 favorem
805 3061 879 3104 aucu
901 3054 994 3103 antur.
1034 3043 1126 3117 Quod
1146 3043 1325 3106 dicit'Cbri-

197 3135 269 3196 stus,
291 3119 403 3181 Omnes
422 3117 568 3192 homines,
588 3114 695 3190 referri
716 3117 804 3179 debet
824 3119 860 3179 ad
879 3063 956 3182 ilios
975 3119 1098 3191 saeculi,
1117 3121 1249 3201 quinon
1268 3122 1324 3182 nisr

195 3196 408 3279 impostoribus
428 3207 458 3270 et
475 3193 742 3287 pseudoprophetis
762 3194 951 3333 applaudunt
988 3197 1067 3258 Nam'
1079 3196 1177 3258 fideles
1191 3210 1221 3259 et
1234 3198 1324 3278 probi

195 3293 282 3336 sanae
301 3273 454 3334 doctrinae
472 3271 597 3332 ministra
615 3291 696 3331 suam
716 3291 774 3354 apu

130 3508 134 3516 ’
193 3502 352 3578 admodum
370 3499 478 3561 Paulus
498 3499 587 3562 docet
605 3499 716 3580 (Galat.
736 3505 858 3582 1,10.).

234 3617 316 3702 (42.)
357 3587 530 3680 MATTtt
550 3612 591 3681 V.
634 3615 684 3682 13.
710 3617 780 3684 Vos
808 3619 884 3684 estis
905 3615 1092 3700 salterrae,
1114 3616 1205 3706 quod
1225 3621 1253 3684 si
1273 3619 1323 3684 sal

192 3719 369 3786 infatuatus
389 3714 501 3795 fuerit,
528 3737 595 3802 quo
617 3715 773 3782 salietur?
800 3717 842 3783 ad
862 3718 946 3784 nihil
965 3718 1053 3788 valet
1072 3718 1172 3800 ultra,
1199 3723 1263 3788 nisi
1285 3731 1325 3786 ut

99 3899 103 3908 ἡ
191 3820 382 3907 prolicietur
400 3814 490 3880 foras
507 3825 545 3881 et
565 3814 775 3892 conculcetur
796 3816 838 3883 ab
859 3815 1051 3885 bominibus.
1082 3821 1133 3886 14,
1152 3823 1224 3888 Vos
1246 3825 1324 3887 estis
1355 3851 1359 3858 ⁴

191 3917 248 3984 lux
267 3915 397 3990 mundi:
426 3935 496 3982 non
515 3926 624 4002 potest
645 3916 802 4004 oppidum
824 3915 981 3986 abscondi
1002 3943 1100 4009 supra
1117 3932 1259 3990 montem
1280 3925 1324 3987 si-
1393 3955 1394 3960 ι

190 4027 267 4084 tum
298 4017 349 4084 15.
371 4015 490 4103 Neque
508 4017 690 4084 accendunt
705 4017 881 4099 lucernam,
901 4031 933 4086 ct
953 4032 1080 4107 ponunt
1099 4021 1188 4088 illam
1209 4022 1324 4090 subter

189 4117 349 4197 modimu,
369 4117 430 4184 sed
449 4139 548 4206 super
572 4118 819 4208 candelabrum,
840 4131 873 4186 ct
891 4122 979 4204 lucet
1000 4121 1150 4189 omnibus
1171 4125 1325 4211 quisunt

190 4219 227 4282 iu
247 4217 354 4284 domo.
395 4220 448 4287 16.
466 4219 521 4286 Sic
540 4218 650 4286 luceat
667 4222 723 4288 lux
742 4232 849 4288 vestro
870 4245 979 4289 coram
997 4222 1196 4304 bominibus,
1217 4235 1253 4289 ut
1272 4229 1324 4291 vi·
1393 4271 1394 4304 2

193 4311 292 4381 deant
310 4329 417 4386 vestra
436 4321 526 4396 bono
546 4343 665 4410 opera,
687 4333 720 4395 et
738 4321 921 4411 glorificent
940 4323 1066 4393 Patrem
1087 4333 1242 4405 vesorum,
1261 4326 1322 4414 qui
1393 4309 1394 4354 ³

194 4420 242 4478 ost
261 4415 296 4482 in
315 4415 425 4489 coelis
645 4443 649 4452 ·
674 4451 678 4462 ¹
889 4469 892 4478 .
1059 4439 1060 4444 ¹

1022 2660 1131 2734 lausus,
1154 2661 1201 2724 vel
1223 2659 1325 2722 saltem
1393 2657 1394 2676 ¹

813 3272 909 3334 bonos
930 3273 1101 3334 laudemet
1124 3275 1247 3356 gratiam
1271 3275 1324 3335 ha·
1393 3269 1394 3288 ¹

194 3352 278 3411 bent.
316 3350 447 3408 Tantum
467 3367 539 3429 ergo
557 3367 663 3427 pravus
682 3351 776 3410 carnis
796 3349 879 3410 lavor
897 3349 946 3418 hic
966 3352 1128 3425 damnatur,
1147 3351 1216 3430 quia
1234 3371 1323 3412 nemo
1393 3361 1394 3370 ’

196 3426 308 3492 Christi
326 3445 425 3485 servus
446 3443 508 3484 csse
526 3425 652 3504 poterit,
671 3425 722 3506 qui
740 3425 869 3490 studebit
888 3425 1055 3490 hominibus
1073 3428 1201 3509 placere,
1220 3449 1323 3510 quem·
1393 3473 1394 3486 ,
