<?xml version="1.0" encoding="UTF-8"?>
<!DOCTYPE html PUBLIC "-//W3C//DTD XHTML 1.0 Transitional//EN"
    "http://www.w3.org/TR/xhtml1/DTD/xhtml1-transitional.dtd">
<html xmlns="http://www.w3.org/1999/xhtml" xml:lang="en" lang="en">
 <head>
  <title>
</title>
<meta http-equiv="Content-Type" content="text/html;charset=utf-8" />
  <meta name='ocr-system' content='tesseract 3.04.00' />
  <meta name='ocr-capabilities' content='ocr_page ocr_carea ocr_par ocr_line ocrx_word'/>
</head>
<body>
  <div class='ocr_page' id='page_1' title='image "./innovumtestamen01tholgoog_0100.png"; bbox 0 0 2824 4756; ppageno 0'>
   <div class='ocr_carea' id='block_1_1' title="bbox 7 1885 404 1960">
    <p class='ocr_par' dir='ltr' id='par_1_1' title="bbox 7 1885 404 1960">
     <span class='ocr_line' id='line_1_1' title="bbox 7 1885 404 1960; baseline -0.005 -12"><span class='ocrx_word' id='word_1_1' title='bbox 7 1893 8 1948; x_wconf 61' lang='grc' dir='ltr'><strong>ζ</strong></span> <span class='ocrx_word' id='word_1_2' title='bbox 106 1886 144 1946; x_wconf 89' lang='lat' dir='ltr'>de</span> <span class='ocrx_word' id='word_1_3' title='bbox 170 1885 263 1946; x_wconf 88' lang='lat' dir='ltr'>nihilo</span> <span class='ocrx_word' id='word_1_4' title='bbox 287 1907 404 1960; x_wconf 73' lang='lat' dir='ltr'>missum</span> 
     </span>
    </p>
   </div>
   <div class='ocr_carea' id='block_1_2' title="bbox 468 241 1236 370">
    <p class='ocr_par' dir='ltr' id='par_1_2' title="bbox 468 241 1236 370">
     <span class='ocr_line' id='line_1_2' title="bbox 468 241 1236 370; baseline 0.029 -29"><span class='ocrx_word' id='word_1_5' title='bbox 468 285 579 367; x_wconf 83' lang='grc'><strong>(6-7.</strong></span> <span class='ocrx_word' id='word_1_6' title='bbox 597 243 728 370; x_wconf 59' lang='grc' dir='ltr'>ΑηὲεΙιιε</span> <span class='ocrx_word' id='word_1_7' title='bbox 747 285 878 364; x_wconf 81' lang='lat' dir='ltr'>Mariae.)</span> <span class='ocrx_word' id='word_1_8' title='bbox 943 241 944 244; x_wconf 40' lang='lat'>¹</span> <span class='ocrx_word' id='word_1_9' title='bbox 982 297 988 309; x_wconf 88' lang='lat'><em>&#39;</em></span> <span class='ocrx_word' id='word_1_10' title='bbox 1198 303 1236 363; x_wconf 80' lang='grc'>19</span> 
     </span>
    </p>
   </div>
   <div class='ocr_carea' id='block_1_3' title="bbox 9 427 1310 1409">
    <p class='ocr_par' dir='ltr' id='par_1_3' title="bbox 9 427 1310 1409">
     <span class='ocr_line' id='line_1_3' title="bbox 9 427 1233 524; baseline 0.003 -28"><span class='ocrx_word' id='word_1_11' title='bbox 9 505 17 515; x_wconf 33' lang='lat'>⁸</span> <span class='ocrx_word' id='word_1_12' title='bbox 89 434 215 524; x_wconf 84' lang='lat' dir='ltr'>&#39;fluant,</span> <span class='ocrx_word' id='word_1_13' title='bbox 240 433 303 494; x_wconf 85' lang='lat' dir='ltr'>cius</span> <span class='ocrx_word' id='word_1_14' title='bbox 332 431 450 492; x_wconf 81' lang='lat' dir='ltr'>virtutes</span> <span class='ocrx_word' id='word_1_15' title='bbox 476 427 598 524; x_wconf 76' lang='lat' dir='ltr'>totaque</span> <span class='ocrx_word' id='word_1_16' title='bbox 623 431 792 492; x_wconf 77' lang='lat' dir='ltr'>excellentia</span> <span class='ocrx_word' id='word_1_17' title='bbox 814 451 894 494; x_wconf 88' lang='lat' dir='ltr'>mera</span> <span class='ocrx_word' id='word_1_18' title='bbox 919 446 964 496; x_wconf 90' lang='lat' dir='ltr'>est</span> <span class='ocrx_word' id='word_1_19' title='bbox 981 435 1039 496; x_wconf 88' lang='lat' dir='ltr'>Dei</span> <span class='ocrx_word' id='word_1_20' title='bbox 1057 427 1233 502; x_wconf 72' lang='lat' dir='ltr'>liberalitas</span> 
     </span>
     <span class='ocr_line' id='line_1_4' title="bbox 102 507 1310 648; baseline 0.005 -78"><span class='ocrx_word' id='word_1_21' title='bbox 102 511 170 593; x_wconf 85' lang='lat' dir='ltr'>plus</span> <span class='ocrx_word' id='word_1_22' title='bbox 188 531 279 648; x_wconf 66' lang='lat' dir='ltr'>puam</span> <span class='ocrx_word' id='word_1_23' title='bbox 298 520 487 590; x_wconf 80' lang='lat' dir='ltr'>praepostere</span> <span class='ocrx_word' id='word_1_24' title='bbox 507 507 633 580; x_wconf 78' lang='lat' dir='ltr'>iaciunt,</span> <span class='ocrx_word' id='word_1_25' title='bbox 662 510 718 589; x_wconf 86' lang='lat' dir='ltr'>qui</span> <span class='ocrx_word' id='word_1_26' title='bbox 731 509 767 569; x_wconf 91' lang='lat' dir='ltr'>ab</span> <span class='ocrx_word' id='word_1_27' title='bbox 788 515 822 568; x_wconf 82' lang='lat' dir='ltr'>ea</span> <span class='ocrx_word' id='word_1_28' title='bbox 846 512 1003 589; x_wconf 89' lang='lat' dir='ltr'>petendum</span> <span class='ocrx_word' id='word_1_29' title='bbox 1022 513 1132 574; x_wconf 83' lang='lat' dir='ltr'>docent</span> <span class='ocrx_word' id='word_1_30' title='bbox 1150 517 1231 595; x_wconf 92' lang='lat' dir='ltr'>quod</span> <span class='ocrx_word' id='word_1_31' title='bbox 1308 544 1310 552; x_wconf 94' lang='lat'>·</span> 
     </span>
     <span class='ocr_line' id='line_1_5' title="bbox 102 584 1230 668; baseline 0.004 -19"><span class='ocrx_word' id='word_1_32' title='bbox 102 587 185 649; x_wconf 78' lang='lat' dir='ltr'>aliun</span> <span class='ocrx_word' id='word_1_33' title='bbox 210 607 226 648; x_wconf 90' lang='lat' dir='ltr'>e</span> <span class='ocrx_word' id='word_1_34' title='bbox 246 585 400 648; x_wconf 82' lang='lat' dir='ltr'>nobiscum</span> <span class='ocrx_word' id='word_1_35' title='bbox 419 584 516 646; x_wconf 88' lang='lat' dir='ltr'>habet.</span> <span class='ocrx_word' id='word_1_36' title='bbox 553 585 646 647; x_wconf 87' lang='lat' dir='ltr'>Nimis</span> <span class='ocrx_word' id='word_1_37' title='bbox 664 606 736 648; x_wconf 82' lang='lat' dir='ltr'>vero</span> <span class='ocrx_word' id='word_1_38' title='bbox 758 606 849 646; x_wconf 84' lang='lat' dir='ltr'>crassa</span> <span class='ocrx_word' id='word_1_39' title='bbox 870 587 981 648; x_wconf 88' lang='lat' dir='ltr'>inscitia</span> <span class='ocrx_word' id='word_1_40' title='bbox 999 589 1134 668; x_wconf 85' lang='lat' dir='ltr'>Papistae</span> <span class='ocrx_word' id='word_1_41' title='bbox 1153 593 1230 653; x_wconf 87' lang='lat' dir='ltr'>salu-</span> 
     </span>
     <span class='ocr_line' id='line_1_6' title="bbox 103 661 1230 748; baseline 0.005 -24"><span class='ocrx_word' id='word_1_42' title='bbox 103 667 252 726; x_wconf 72' lang='lat' dir='ltr'>tationem</span> <span class='ocrx_word' id='word_1_43' title='bbox 272 663 346 724; x_wconf 90' lang='lat' dir='ltr'>hanc</span> <span class='ocrx_word' id='word_1_44' title='bbox 357 663 436 742; x_wconf 82' lang='lat' dir='ltr'><strong>quasi</strong></span> <span class='ocrx_word' id='word_1_45' title='bbox 450 661 563 745; x_wconf 79' lang='lat' dir='ltr'>magico</span> <span class='ocrx_word' id='word_1_46' title='bbox 580 662 743 723; x_wconf 88' lang='lat' dir='ltr'>exorcismo</span> <span class='ocrx_word' id='word_1_47' title='bbox 763 662 795 722; x_wconf 87' lang='lat' dir='ltr'>iu</span> <span class='ocrx_word' id='word_1_48' title='bbox 806 663 951 740; x_wconf 88' lang='lat' dir='ltr'>preculam</span> <span class='ocrx_word' id='word_1_49' title='bbox 963 675 1122 740; x_wconf 85' lang='lat' dir='ltr'>verterunt,</span> <span class='ocrx_word' id='word_1_50' title='bbox 1141 679 1230 748; x_wconf 88' lang='lat' dir='ltr'>atque</span> 
     </span>
     <span class='ocr_line' id='line_1_7' title="bbox 105 739 1230 832; baseline 0.006 -33"><span class='ocrx_word' id='word_1_51' title='bbox 105 761 146 800; x_wconf 86' lang='lat' dir='ltr'>eo</span> <span class='ocrx_word' id='word_1_52' title='bbox 168 742 304 820; x_wconf 81' lang='lat' dir='ltr'>prorupit</span> <span class='ocrx_word' id='word_1_53' title='bbox 322 740 454 813; x_wconf 85' lang='lat' dir='ltr'>vesania,</span> <span class='ocrx_word' id='word_1_54' title='bbox 471 751 503 798; x_wconf 89' lang='lat' dir='ltr'>ut</span> <span class='ocrx_word' id='word_1_55' title='bbox 523 739 783 799; x_wconf 82' lang='lat' dir='ltr'>concionatoribus</span> <span class='ocrx_word' id='word_1_56' title='bbox 804 739 845 798; x_wconf 85' lang='lat' dir='ltr'>fas</span> <span class='ocrx_word' id='word_1_57' title='bbox 865 739 1000 815; x_wconf 85' lang='lat' dir='ltr'>nonsit,</span> <span class='ocrx_word' id='word_1_58' title='bbox 1020 741 1040 800; x_wconf 87' lang='lat' dir='ltr'>S</span> <span class='ocrx_word' id='word_1_59' title='bbox 1064 743 1143 803; x_wconf 88' lang='lat' dir='ltr'>iritus</span> <span class='ocrx_word' id='word_1_60' title='bbox 1161 765 1230 832; x_wconf 81' lang='lat' dir='ltr'>gra·</span> 
     </span>
     <span class='ocr_line' id='line_1_8' title="bbox 89 763 1230 951; baseline -0.004 -77"><span class='ocrx_word' id='word_1_61' title='bbox 89 818 181 876; x_wconf 72' lang='lat' dir='ltr'>,tiam</span> <span class='ocrx_word' id='word_1_62' title='bbox 202 836 256 895; x_wconf 88' lang='lat' dir='ltr'>pro</span> <span class='ocrx_word' id='word_1_63' title='bbox 275 827 411 951; x_wconf 54' lang='lat' dir='ltr'>sogpeslu</span> <span class='ocrx_word' id='word_1_64' title='bbox 431 828 544 896; x_wconf 86' lang='lat' dir='ltr'>petere,</span> <span class='ocrx_word' id='word_1_65' title='bbox 564 816 618 876; x_wconf 85' lang='lat' dir='ltr'>nisi</span> <span class='ocrx_word' id='word_1_66' title='bbox 658 835 692 874; x_wconf 90' lang='lat' dir='ltr'>er</span> <span class='ocrx_word' id='word_1_67' title='bbox 709 837 792 875; x_wconf 86' lang='lat' dir='ltr'>suum</span> <span class='ocrx_word' id='word_1_68' title='bbox 812 817 877 874; x_wconf 77' lang='lat' dir='ltr'>Ave</span> <span class='ocrx_word' id='word_1_69' title='bbox 898 815 998 874; x_wconf 84' lang='lat' dir='ltr'>Maria.</span> <span class='ocrx_word' id='word_1_70' title='bbox 1036 763 1126 898; x_wconf 60' lang='lat' dir='ltr'>Ktqui</span> <span class='ocrx_word' id='word_1_71' title='bbox 1145 842 1230 900; x_wconf 70' lang='lat' dir='ltr'>prae.</span> 
     </span>
     <span class='ocr_line' id='line_1_9' title="bbox 107 837 1230 971; baseline 0.004 -18"><span class='ocrx_word' id='word_1_72' title='bbox 107 905 243 970; x_wconf 86' lang='lat' dir='ltr'>terquam</span> <span class='ocrx_word' id='word_1_73' title='bbox 267 914 324 971; x_wconf 91' lang='lat' dir='ltr'>quo</span> <span class='ocrx_word' id='word_1_74' title='bbox 369 891 431 954; x_wconf 89' lang='lat' dir='ltr'>sola</span> <span class='ocrx_word' id='word_1_75' title='bbox 456 891 612 971; x_wconf 77' lang='lat' dir='ltr'>gratulatio</span> <span class='ocrx_word' id='word_1_76' title='bbox 637 837 685 952; x_wconf 81' lang='lat' dir='ltr'>bic</span> <span class='ocrx_word' id='word_1_77' title='bbox 714 891 854 967; x_wconf 86' lang='lat' dir='ltr'>habetur,</span> <span class='ocrx_word' id='word_1_78' title='bbox 884 898 997 951; x_wconf 86' lang='lat' dir='ltr'>temere</span> <span class='ocrx_word' id='word_1_79' title='bbox 1025 893 1080 952; x_wconf 86' lang='lat' dir='ltr'>sibi</span> <span class='ocrx_word' id='word_1_80' title='bbox 1105 893 1230 957; x_wconf 86' lang='lat' dir='ltr'>alienum&#39;</span> 
     </span>
     <span class='ocr_line' id='line_1_10' title="bbox 109 963 1230 1052; baseline 0.006 -24"><span class='ocrx_word' id='word_1_81' title='bbox 109 969 239 1028; x_wconf 84' lang='lat' dir='ltr'>cilicium</span> <span class='ocrx_word' id='word_1_82' title='bbox 252 979 408 1050; x_wconf 84' lang='lat' dir='ltr'>usurpant,</span> <span class='ocrx_word' id='word_1_83' title='bbox 428 968 507 1049; x_wconf 86' lang='lat' dir='ltr'>quod</span> <span class='ocrx_word' id='word_1_84' title='bbox 528 968 608 1028; x_wconf 81' lang='lat' dir='ltr'>Deus</span> <span class='ocrx_word' id='word_1_85' title='bbox 628 990 689 1029; x_wconf 92' lang='lat' dir='ltr'>non</span> <span class='ocrx_word' id='word_1_86' title='bbox 710 967 894 1052; x_wconf 74' lang='lat' dir='ltr'>nisibngelo</span> <span class='ocrx_word' id='word_1_87' title='bbox 913 963 1052 1029; x_wconf 84' lang='lat' dir='ltr'>iniunxit:</span> <span class='ocrx_word' id='word_1_88' title='bbox 1073 969 1230 1040; x_wconf 84' lang='lat' dir='ltr'>bisantem</span> 
     </span>
     <span class='ocr_line' id='line_1_11' title="bbox 109 1043 812 1118; baseline 0 -13"><span class='ocrx_word' id='word_1_89' title='bbox 109 1045 196 1105; x_wconf 85' lang='lat' dir='ltr'>stulta</span> <span class='ocrx_word' id='word_1_90' title='bbox 215 1045 387 1118; x_wconf 80' lang='lat' dir='ltr'>aemulatio,</span> <span class='ocrx_word' id='word_1_91' title='bbox 429 1044 488 1105; x_wconf 91' lang='lat' dir='ltr'>uod</span> <span class='ocrx_word' id='word_1_92' title='bbox 508 1043 658 1104; x_wconf 82' lang='lat' dir='ltr'>absentem</span> <span class='ocrx_word' id='word_1_93' title='bbox 678 1044 812 1106; x_wconf 88' lang='lat' dir='ltr'>salutant.</span> 
     </span>
     <span class='ocr_line' id='line_1_12' title="bbox 99 1065 1231 1201; baseline 0.007 -23"><span class='ocrx_word' id='word_1_94' title='bbox 99 1167 102 1178; x_wconf 88' lang='lat'><em>.</em></span> <span class='ocrx_word' id='word_1_95' title='bbox 184 1127 228 1186; x_wconf 82' lang='lat'>29.</span> <span class='ocrx_word' id='word_1_96' title='bbox 270 1122 365 1201; x_wconf 60' lang='lat' dir='ltr'>Qum</span> <span class='ocrx_word' id='word_1_97' title='bbox 382 1065 513 1194; x_wconf 52' lang='lat' dir='ltr'>bibisset}</span> <span class='ocrx_word' id='word_1_98' title='bbox 536 1119 649 1180; x_wconf 66' lang='lat' dir='ltr'>tubraci</span> <span class='ocrx_word' id='word_1_99' title='bbox 673 1117 722 1180; x_wconf 57' lang='lat' dir='ltr'>est,</span> <span class='ocrx_word' id='word_1_100' title='bbox 760 1122 829 1182; x_wconf 89' lang='lat' dir='ltr'>Non</span> <span class='ocrx_word' id='word_1_101' title='bbox 854 1121 927 1182; x_wconf 87' lang='lat' dir='ltr'>dicit</span> <span class='ocrx_word' id='word_1_102' title='bbox 950 1121 1061 1197; x_wconf 88' lang='lat' dir='ltr'>Lucas,</span> <span class='ocrx_word' id='word_1_103' title='bbox 1078 1120 1231 1186; x_wconf 63' lang='lat' dir='ltr'>‘turbatam</span> 
     </span>
     <span class='ocr_line' id='line_1_13' title="bbox 98 1197 1231 1332; baseline 0.004 -74"><span class='ocrx_word' id='word_1_104' title='bbox 98 1197 194 1258; x_wconf 71' lang='lat' dir='ltr'>luisse</span> <span class='ocrx_word' id='word_1_105' title='bbox 214 1198 370 1277; x_wconf 71' lang='lat' dir='ltr'>aspertud</span> <span class='ocrx_word' id='word_1_106' title='bbox 415 1197 462 1273; x_wconf 90' lang='lat' dir='ltr'>eli,</span> <span class='ocrx_word' id='word_1_107' title='bbox 482 1197 532 1258; x_wconf 88' lang='lat' dir='ltr'>sed</span> <span class='ocrx_word' id='word_1_108' title='bbox 551 1218 640 1278; x_wconf 91' lang='lat' dir='ltr'>super</span> <span class='ocrx_word' id='word_1_109' title='bbox 659 1198 720 1258; x_wconf 86' lang='lat' dir='ltr'>eius</span> <span class='ocrx_word' id='word_1_110' title='bbox 740 1217 885 1259; x_wconf 77' lang='lat' dir='ltr'>sermone.</span> <span class='ocrx_word' id='word_1_111' title='bbox 926 1198 989 1260; x_wconf 86' lang='lat' dir='ltr'>Cur</span> <span class='ocrx_word' id='word_1_112' title='bbox 1008 1217 1080 1280; x_wconf 84' lang='lat' dir='ltr'>ergo</span> <span class='ocrx_word' id='word_1_113' title='bbox 1101 1211 1231 1332; x_wconf 79' lang='lat' dir='ltr'>aspectus</span> 
     </span>
     <span class='ocr_line' id='line_1_14' title="bbox 42 1273 1232 1409; baseline 0.002 -75"><span class='ocrx_word' id='word_1_114' title='bbox 42 1313 45 1320; x_wconf 40' lang='grc' dir='ltr'><em>ι</em></span> <span class='ocrx_word' id='word_1_115' title='bbox 106 1275 194 1334; x_wconf 92' lang='lat' dir='ltr'>etiam</span> <span class='ocrx_word' id='word_1_116' title='bbox 215 1275 365 1335; x_wconf 77' lang='lat' dir='ltr'>meminit?</span> <span class='ocrx_word' id='word_1_117' title='bbox 434 1295 488 1334; x_wconf 88' lang='lat' dir='ltr'>ane</span> <span class='ocrx_word' id='word_1_118' title='bbox 508 1293 565 1409; x_wconf 66' lang='lat' dir='ltr'>epo</span> <span class='ocrx_word' id='word_1_119' title='bbox 586 1293 647 1333; x_wconf 88' lang='lat' dir='ltr'>esse</span> <span class='ocrx_word' id='word_1_120' title='bbox 667 1293 780 1334; x_wconf 84' lang='lat' dir='ltr'>causam</span> <span class='ocrx_word' id='word_1_121' title='bbox 800 1275 995 1356; x_wconf 89' lang='lat' dir='ltr'>interpretor,</span> <span class='ocrx_word' id='word_1_122' title='bbox 1020 1274 1100 1354; x_wconf 84' lang='lat' dir='ltr'>quod</span> <span class='ocrx_word' id='word_1_123' title='bbox 1121 1273 1232 1354; x_wconf 87' lang='lat' dir='ltr'>aiquid</span> 
     </span>
    </p>
   </div>
   <div class='ocr_carea' id='block_1_4' title="bbox 8 1351 1404 1486">
    <p class='ocr_par' dir='ltr' id='par_1_4' title="bbox 8 1351 1404 1486">
     <span class='ocr_line' id='line_1_15' title="bbox 8 1351 1404 1486; baseline 0.003 -78"><span class='ocrx_word' id='word_1_124' title='bbox 8 1403 9 1408; x_wconf 73' lang='grc'>,</span> <span class='ocrx_word' id='word_1_125' title='bbox 75 1351 242 1420; x_wconf 78' lang='lat' dir='ltr'>¹coelestis</span> <span class='ocrx_word' id='word_1_126' title='bbox 261 1351 375 1433; x_wconf 87' lang='lat' dir='ltr'>gloriae</span> <span class='ocrx_word' id='word_1_127' title='bbox 399 1351 429 1424; x_wconf 87' lang='lat' dir='ltr'>in</span> <span class='ocrx_word' id='word_1_128' title='bbox 450 1351 566 1431; x_wconf 75' lang='lat' dir='ltr'>Angeo</span> <span class='ocrx_word' id='word_1_129' title='bbox 591 1368 752 1486; x_wconf 60' lang='lat' dir='ltr'>opnoscens</span> <span class='ocrx_word' id='word_1_130' title='bbox 772 1351 862 1411; x_wconf 84' lang='lat' dir='ltr'>Maria</span> <span class='ocrx_word' id='word_1_131' title='bbox 884 1351 1013 1413; x_wconf 89' lang='lat' dir='ltr'>subitum</span> <span class='ocrx_word' id='word_1_132' title='bbox 1038 1371 1177 1430; x_wconf 85' lang='lat' dir='ltr'>pavorem</span> <span class='ocrx_word' id='word_1_133' title='bbox 1199 1371 1233 1410; x_wconf 85' lang='lat' dir='ltr'>ex</span> <span class='ocrx_word' id='word_1_134' title='bbox 1321 1397 1326 1402; x_wconf 84' lang='lat'><em>-</em></span> <span class='ocrx_word' id='word_1_135' title='bbox 1403 1403 1404 1412; x_wconf 70' lang='grc'>,</span> 
     </span>
    </p>
   </div>
   <div class='ocr_carea' id='block_1_5' title="bbox 104 1425 1292 1970">
    <p class='ocr_par' dir='ltr' id='par_1_5' title="bbox 104 1425 1292 1890">
     <span class='ocr_line' id='line_1_16' title="bbox 104 1425 1231 1508; baseline 0.002 -22"><span class='ocrx_word' id='word_1_136' title='bbox 104 1425 165 1487; x_wconf 90' lang='lat' dir='ltr'>Dei</span> <span class='ocrx_word' id='word_1_137' title='bbox 190 1429 353 1487; x_wconf 86' lang='lat' dir='ltr'>reverentia</span> <span class='ocrx_word' id='word_1_138' title='bbox 373 1429 560 1506; x_wconf 77' lang='lat' dir='ltr'>conceperit.</span> <span class='ocrx_word' id='word_1_139' title='bbox 600 1425 731 1486; x_wconf 79' lang='lat' dir='ltr'>&#39;urbata</span> <span class='ocrx_word' id='word_1_140' title='bbox 751 1448 822 1508; x_wconf 80' lang='lat' dir='ltr'>ergo</span> <span class='ocrx_word' id='word_1_141' title='bbox 845 1427 917 1503; x_wconf 79' lang='lat' dir='ltr'>luit,</span> <span class='ocrx_word' id='word_1_142' title='bbox 943 1427 1024 1507; x_wconf 87' lang='lat' dir='ltr'>quod</span> <span class='ocrx_word' id='word_1_143' title='bbox 1047 1439 1080 1488; x_wconf 85' lang='lat' dir='ltr'>se&#39;</span> <span class='ocrx_word' id='word_1_144' title='bbox 1105 1447 1166 1488; x_wconf 90' lang='lat' dir='ltr'>non</span> <span class='ocrx_word' id='word_1_145' title='bbox 1194 1428 1231 1488; x_wconf 87' lang='lat' dir='ltr'>ab</span> 
     </span>
     <span class='ocr_line' id='line_1_17' title="bbox 106 1501 1230 1585; baseline -0.001 -22"><span class='ocrx_word' id='word_1_146' title='bbox 106 1503 227 1563; x_wconf 88' lang='lat' dir='ltr'>bomine</span> <span class='ocrx_word' id='word_1_147' title='bbox 252 1503 370 1563; x_wconf 84' lang='lat' dir='ltr'>mortali</span> <span class='ocrx_word' id='word_1_148' title='bbox 394 1502 528 1577; x_wconf 86' lang='lat' dir='ltr'>salutari,</span> <span class='ocrx_word' id='word_1_149' title='bbox 554 1503 604 1563; x_wconf 88' lang='lat' dir='ltr'>sed</span> <span class='ocrx_word' id='word_1_150' title='bbox 631 1524 647 1562; x_wconf 88' lang='lat' dir='ltr'>a</span> <span class='ocrx_word' id='word_1_151' title='bbox 671 1501 731 1561; x_wconf 89' lang='lat' dir='ltr'>Dei</span> <span class='ocrx_word' id='word_1_152' title='bbox 755 1503 882 1585; x_wconf 82' lang='lat' dir='ltr'>Angelo·</span> <span class='ocrx_word' id='word_1_153' title='bbox 901 1507 1031 1564; x_wconf 85' lang='lat' dir='ltr'>sentiret.</span> <span class='ocrx_word' id='word_1_154' title='bbox 1061 1504 1230 1582; x_wconf 71' lang='lat' dir='ltr'>‘Caeterum</span> 
     </span>
     <span class='ocr_line' id='line_1_18' title="bbox 105 1579 1292 1661; baseline 0.003 -23"><span class='ocrx_word' id='word_1_155' title='bbox 105 1600 169 1638; x_wconf 89' lang='lat' dir='ltr'>non</span> <span class='ocrx_word' id='word_1_156' title='bbox 189 1579 230 1639; x_wconf 87' lang='lat' dir='ltr'>ita</span> <span class='ocrx_word' id='word_1_157' title='bbox 249 1579 393 1640; x_wconf 84' lang='lat' dir='ltr'>turbatam</span> <span class='ocrx_word' id='word_1_158' title='bbox 416 1580 503 1644; x_wconf 83' lang='lat' dir='ltr'>luisse</span> <span class='ocrx_word' id='word_1_159' title='bbox 523 1579 593 1640; x_wconf 90' lang='lat' dir='ltr'>dicit</span> <span class='ocrx_word' id='word_1_160' title='bbox 612 1580 722 1655; x_wconf 90' lang='lat' dir='ltr'>Lucas,</span> <span class='ocrx_word' id='word_1_161' title='bbox 754 1591 789 1639; x_wconf 91' lang='lat' dir='ltr'>ut</span> <span class='ocrx_word' id='word_1_162' title='bbox 812 1579 1011 1659; x_wconf 88' lang='lat' dir='ltr'>obstupuerit:</span> <span class='ocrx_word' id='word_1_163' title='bbox 1038 1583 1109 1661; x_wconf 88' lang='lat' dir='ltr'>quin</span> <span class='ocrx_word' id='word_1_164' title='bbox 1132 1582 1232 1661; x_wconf 85' lang='lat' dir='ltr'>potius</span> <span class='ocrx_word' id='word_1_165' title='bbox 1283 1647 1292 1658; x_wconf 53' lang='lat'>,</span> 
     </span>
     <span class='ocr_line' id='line_1_19' title="bbox 106 1655 1231 1747; baseline 0.002 -31"><span class='ocrx_word' id='word_1_166' title='bbox 106 1655 242 1736; x_wconf 81' lang='lat' dir='ltr'>exprimit</span> <span class='ocrx_word' id='word_1_167' title='bbox 261 1656 375 1747; x_wconf 72' lang='lat' dir='ltr'>signum</span> <span class='ocrx_word' id='word_1_168' title='bbox 394 1668 521 1718; x_wconf 88' lang='lat' dir='ltr'>attentae</span> <span class='ocrx_word' id='word_1_169' title='bbox 539 1656 646 1716; x_wconf 88' lang='lat' dir='ltr'>meotis</span> <span class='ocrx_word' id='word_1_170' title='bbox 666 1659 696 1717; x_wconf 80' lang='lat' dir='ltr'>e&#39;t</span> <span class='ocrx_word' id='word_1_171' title='bbox 716 1655 793 1738; x_wconf 87' lang='lat' dir='ltr'>bene</span> <span class='ocrx_word' id='word_1_172' title='bbox 813 1657 1007 1736; x_wconf 87' lang='lat' dir='ltr'>compositae,</span> <span class='ocrx_word' id='word_1_173' title='bbox 1033 1667 1121 1737; x_wconf 80' lang='lat' dir='ltr'>quum</span> <span class='ocrx_word' id='word_1_174' title='bbox 1143 1657 1231 1738; x_wconf 89' lang='lat' dir='ltr'>paulo</span> 
     </span>
     <span class='ocr_line' id='line_1_20' title="bbox 106 1730 1232 1826; baseline 0.003 -34"><span class='ocrx_word' id='word_1_175' title='bbox 106 1744 176 1814; x_wconf 86' lang='lat' dir='ltr'>post</span> <span class='ocrx_word' id='word_1_176' title='bbox 195 1730 322 1805; x_wconf 77' lang='lat' dir='ltr'>subiicit,</span> <span class='ocrx_word' id='word_1_177' title='bbox 342 1734 482 1816; x_wconf 84' lang='lat' dir='ltr'>cogitasse</span> <span class='ocrx_word' id='word_1_178' title='bbox 502 1733 592 1826; x_wconf 88' lang='lat' dir='ltr'>ipsam</span> <span class='ocrx_word' id='word_1_179' title='bbox 634 1731 704 1794; x_wconf 87' lang='lat' dir='ltr'>ualis</span> <span class='ocrx_word' id='word_1_180' title='bbox 725 1745 801 1793; x_wconf 89' lang='lat' dir='ltr'>esset</span> <span class='ocrx_word' id='word_1_181' title='bbox 819 1731 972 1792; x_wconf 86' lang='lat' dir='ltr'>salutatio:</span> <span class='ocrx_word' id='word_1_182' title='bbox 993 1731 1049 1793; x_wconf 89' lang='lat' dir='ltr'>boc</span> <span class='ocrx_word' id='word_1_183' title='bbox 1066 1746 1120 1808; x_wconf 86' lang='lat' dir='ltr'>est,</span> <span class='ocrx_word' id='word_1_184' title='bbox 1160 1755 1232 1795; x_wconf 87' lang='lat' dir='ltr'>uor-</span> 
     </span>
     <span class='ocr_line' id='line_1_21' title="bbox 106 1754 1232 1890; baseline 0.001 -20"><span class='ocrx_word' id='word_1_185' title='bbox 106 1831 170 1870; x_wconf 87' lang='lat' dir='ltr'>sum</span> <span class='ocrx_word' id='word_1_186' title='bbox 189 1808 336 1884; x_wconf 85' lang='lat' dir='ltr'>tenderet,</span> <span class='ocrx_word' id='word_1_187' title='bbox 356 1812 423 1890; x_wconf 92' lang='lat' dir='ltr'>qnid</span> <span class='ocrx_word' id='word_1_188' title='bbox 445 1831 483 1870; x_wconf 89' lang='lat' dir='ltr'>ne</span> <span class='ocrx_word' id='word_1_189' title='bbox 502 1811 557 1872; x_wconf 81' lang='lat' dir='ltr'>sibi</span> <span class='ocrx_word' id='word_1_190' title='bbox 575 1754 674 1872; x_wconf 73' lang='lat' dir='ltr'>uellet.</span> <span class='ocrx_word' id='word_1_191' title='bbox 712 1809 817 1872; x_wconf 84' lang='lat' dir='ltr'>Statim</span> <span class='ocrx_word' id='word_1_192' title='bbox 837 1807 879 1868; x_wconf 90' lang='lat' dir='ltr'>illi</span> <span class='ocrx_word' id='word_1_193' title='bbox 899 1809 1042 1884; x_wconf 89' lang='lat' dir='ltr'>occurrit,</span> <span class='ocrx_word' id='word_1_194' title='bbox 1061 1826 1124 1872; x_wconf 83' lang='lat' dir='ltr'>nou</span> <span class='ocrx_word' id='word_1_195' title='bbox 1139 1755 1232 1872; x_wconf 79' lang='lat' dir='ltr'>luisse</span> 
     </span>
    </p>

    <p class='ocr_par' dir='ltr' id='par_1_6' title="bbox 319 1831 1233 1970">
     <span class='ocr_line' id='line_1_22' title="bbox 319 1831 1233 1970; baseline -0.002 -22"><span class='ocrx_word' id='word_1_196' title='bbox 319 1887 327 1902; x_wconf 80' lang='lat'><strong><em>&#39;</em></strong></span> <span class='ocrx_word' id='word_1_197' title='bbox 423 1831 579 1970; x_wconf 73' lang='lat' dir='ltr'>bugelum.</span> <span class='ocrx_word' id='word_1_198' title='bbox 622 1887 781 1949; x_wconf 87' lang='lat' dir='ltr'>Monemur</span> <span class='ocrx_word' id='word_1_199' title='bbox 806 1897 903 1946; x_wconf 89' lang='lat' dir='ltr'>autem</span> <span class='ocrx_word' id='word_1_200' title='bbox 924 1886 980 1946; x_wconf 89' lang='lat' dir='ltr'>hoe</span> <span class='ocrx_word' id='word_1_201' title='bbox 998 1887 1146 1968; x_wconf 85' lang='lat' dir='ltr'>exemplo,</span> <span class='ocrx_word' id='word_1_202' title='bbox 1170 1889 1233 1967; x_wconf 88' lang='lat' dir='ltr'>pri·</span> 
     </span>
    </p>
   </div>
   <div class='ocr_carea' id='block_1_6' title="bbox 7 1957 1285 2042">
    <p class='ocr_par' dir='ltr' id='par_1_7' title="bbox 7 1957 1285 2042">
     <span class='ocr_line' id='line_1_23' title="bbox 7 1957 1285 2042; baseline 0.005 -23"><span class='ocrx_word' id='word_1_203' title='bbox 7 1957 9 2012; x_wconf 85' lang='lat' dir='ltr'>l</span> <span class='ocrx_word' id='word_1_204' title='bbox 106 1981 186 2020; x_wconf 92' lang='lat' dir='ltr'>mum</span> <span class='ocrx_word' id='word_1_205' title='bbox 211 1983 271 2023; x_wconf 90' lang='lat' dir='ltr'>non</span> <span class='ocrx_word' id='word_1_206' title='bbox 297 1982 360 2024; x_wconf 85' lang='lat' dir='ltr'>esse</span> <span class='ocrx_word' id='word_1_207' title='bbox 385 1965 543 2030; x_wconf 87' lang='lat' dir='ltr'>oscitanter</span> <span class='ocrx_word' id='word_1_208' title='bbox 567 1964 778 2032; x_wconf 87' lang='lat' dir='ltr'>consideranda</span> <span class='ocrx_word' id='word_1_209' title='bbox 803 1963 862 2023; x_wconf 89' lang='lat' dir='ltr'>Dei</span> <span class='ocrx_word' id='word_1_210' title='bbox 886 1983 991 2042; x_wconf 87' lang='lat' dir='ltr'>opera:</span> <span class='ocrx_word' id='word_1_211' title='bbox 1018 1963 1124 2024; x_wconf 88' lang='lat' dir='ltr'>deinde</span> <span class='ocrx_word' id='word_1_212' title='bbox 1149 1963 1188 2024; x_wconf 85' lang='lat' dir='ltr'>ita</span> <span class='ocrx_word' id='word_1_213' title='bbox 1215 1985 1232 2026; x_wconf 88' lang='lat' dir='ltr'>tt</span> <span class='ocrx_word' id='word_1_214' title='bbox 1280 1979 1285 1991; x_wconf 67' lang='lat'><em>¹</em></span> 
     </span>
    </p>
   </div>
   <div class='ocr_carea' id='block_1_7' title="bbox 7 2037 1308 3428">
    <p class='ocr_par' dir='ltr' id='par_1_8' title="bbox 7 2037 1308 3428">
     <span class='ocr_line' id='line_1_24' title="bbox 106 2037 966 2124; baseline 0 -26"><span class='ocrx_word' id='word_1_215' title='bbox 106 2037 194 2100; x_wconf 76' lang='lat' dir='ltr'>nobit</span> <span class='ocrx_word' id='word_1_216' title='bbox 215 2041 337 2120; x_wconf 85' lang='lat' dir='ltr'>expendi</span> <span class='ocrx_word' id='word_1_217' title='bbox 356 2041 471 2116; x_wconf 83' lang='lat' dir='ltr'>decere,</span> <span class='ocrx_word' id='word_1_218' title='bbox 491 2053 523 2100; x_wconf 90' lang='lat' dir='ltr'>ut</span> <span class='ocrx_word' id='word_1_219' title='bbox 541 2041 647 2124; x_wconf 79' lang='lat' dir='ltr'>religio</span> <span class='ocrx_word' id='word_1_220' title='bbox 666 2053 820 2121; x_wconf 88' lang='lat' dir='ltr'>metusque</span> <span class='ocrx_word' id='word_1_221' title='bbox 839 2052 966 2120; x_wconf 85' lang='lat' dir='ltr'>praeeat.</span> 
     </span>
     <span class='ocr_line' id='line_1_25' title="bbox 88 2116 1302 2197; baseline -0.002 -19"><span class='ocrx_word' id='word_1_222' title='bbox 88 2125 92 2130; x_wconf 75' lang='grc'><strong>“</strong></span> <span class='ocrx_word' id='word_1_223' title='bbox 183 2117 589 2194; x_wconf 56' lang='lat' dir='ltr'>eosdemnumeros</span> <span class='ocrx_word' id='word_1_224' title='bbox 618 2118 719 2193; x_wconf 72' lang='lat' dir='ltr'>,Quod</span> <span class='ocrx_word' id='word_1_225' title='bbox 747 2119 884 2178; x_wconf 89' lang='lat' dir='ltr'>timorem</span> <span class='ocrx_word' id='word_1_226' title='bbox 917 2134 1030 2197; x_wconf 89' lang='lat' dir='ltr'>ponere</span> <span class='ocrx_word' id='word_1_227' title='bbox 1050 2135 1113 2176; x_wconf 88' lang='lat' dir='ltr'>cam</span> <span class='ocrx_word' id='word_1_228' title='bbox 1139 2116 1233 2192; x_wconf 89' lang='lat' dir='ltr'>iubet,</span> <span class='ocrx_word' id='word_1_229' title='bbox 1295 2129 1302 2138; x_wconf 86' lang='lat'>&#39;</span> 
     </span>
     <span class='ocr_line' id='line_1_26' title="bbox 107 2191 1232 2273; baseline -0.002 -20"><span class='ocrx_word' id='word_1_230' title='bbox 107 2211 223 2272; x_wconf 84' lang='lat' dir='ltr'>semper</span> <span class='ocrx_word' id='word_1_231' title='bbox 242 2198 340 2254; x_wconf 87' lang='lat' dir='ltr'>veniat</span> <span class='ocrx_word' id='word_1_232' title='bbox 359 2195 444 2254; x_wconf 90' lang='lat' dir='ltr'>nobis</span> <span class='ocrx_word' id='word_1_233' title='bbox 464 2196 494 2252; x_wconf 90' lang='lat' dir='ltr'>in</span> <span class='ocrx_word' id='word_1_234' title='bbox 514 2207 655 2266; x_wconf 90' lang='lat' dir='ltr'>mentem,</span> <span class='ocrx_word' id='word_1_235' title='bbox 675 2213 750 2273; x_wconf 88' lang='lat' dir='ltr'>quae</span> <span class='ocrx_word' id='word_1_236' title='bbox 766 2191 954 2256; x_wconf 60' lang='lat' dir='ltr'>,imbecillitas</span> <span class='ocrx_word' id='word_1_237' title='bbox 975 2205 1020 2252; x_wconf 86' lang='lat' dir='ltr'>est</span> <span class='ocrx_word' id='word_1_238' title='bbox 1039 2193 1148 2266; x_wconf 87' lang='lat' dir='ltr'>caruis,</span> <span class='ocrx_word' id='word_1_239' title='bbox 1168 2193 1232 2252; x_wconf 81' lang='lat' dir='ltr'>ficri</span> 
     </span>
     <span class='ocr_line' id='line_1_27' title="bbox 105 2267 1233 2350; baseline -0.001 -20"><span class='ocrx_word' id='word_1_240' title='bbox 105 2289 169 2330; x_wconf 88' lang='lat' dir='ltr'>nou</span> <span class='ocrx_word' id='word_1_241' title='bbox 189 2288 277 2348; x_wconf 79' lang='lat' dir='ltr'>posse</span> <span class='ocrx_word' id='word_1_242' title='bbox 294 2270 364 2350; x_wconf 89' lang='lat' dir='ltr'>quin</span> <span class='ocrx_word' id='word_1_243' title='bbox 383 2283 556 2342; x_wconf 86' lang='lat' dir='ltr'>terreamur,</span> <span class='ocrx_word' id='word_1_244' title='bbox 574 2269 745 2348; x_wconf 86' lang='lat' dir='ltr'>quotiesucl</span> <span class='ocrx_word' id='word_1_245' title='bbox 764 2268 881 2328; x_wconf 88' lang='lat' dir='ltr'>minima</span> <span class='ocrx_word' id='word_1_246' title='bbox 899 2267 1012 2348; x_wconf 87' lang='lat' dir='ltr'>gloriae</span> <span class='ocrx_word' id='word_1_247' title='bbox 1031 2268 1089 2327; x_wconf 89' lang='lat' dir='ltr'>Dei</span> <span class='ocrx_word' id='word_1_248' title='bbox 1108 2268 1233 2330; x_wconf 85' lang='lat' dir='ltr'>scintilla</span> 
     </span>
     <span class='ocr_line' id='line_1_28' title="bbox 106 2343 1232 2436; baseline -0.001 -32"><span class='ocrx_word' id='word_1_249' title='bbox 106 2356 239 2426; x_wconf 77' lang='lat' dir='ltr'>apparet.</span> <span class='ocrx_word' id='word_1_250' title='bbox 276 2347 381 2436; x_wconf 82' lang='lat' dir='ltr'>Neque</span> <span class='ocrx_word' id='word_1_251' title='bbox 393 2346 482 2418; x_wconf 90' lang='lat' dir='ltr'>enim,</span> <span class='ocrx_word' id='word_1_252' title='bbox 501 2345 553 2406; x_wconf 91' lang='lat' dir='ltr'>nbi</span> <span class='ocrx_word' id='word_1_253' title='bbox 573 2345 717 2406; x_wconf 85' lang='lat' dir='ltr'>serioDei</span> <span class='ocrx_word' id='word_1_254' title='bbox 736 2343 929 2424; x_wconf 88' lang='lat' dir='ltr'>praesentiam</span> <span class='ocrx_word' id='word_1_255' title='bbox 942 2343 1132 2420; x_wconf 86' lang='lat' dir='ltr'>concipimus,</span> <span class='ocrx_word' id='word_1_256' title='bbox 1152 2346 1232 2403; x_wconf 82' lang='lat' dir='ltr'>otio-</span> 
     </span>
     <span class='ocr_line' id='line_1_29' title="bbox 72 2417 1233 2502; baseline -0.005 -19"><span class='ocrx_word' id='word_1_257' title='bbox 72 2429 75 2434; x_wconf 81' lang='grc'><strong>“</strong></span> <span class='ocrx_word' id='word_1_258' title='bbox 106 2421 340 2498; x_wconf 78' lang='lat' dir='ltr'>samimaginarr</span> <span class='ocrx_word' id='word_1_259' title='bbox 360 2422 437 2480; x_wconf 88' lang='lat' dir='ltr'>licet.</span> <span class='ocrx_word' id='word_1_260' title='bbox 474 2423 556 2501; x_wconf 82' lang='lat' dir='ltr'>Ergo</span> <span class='ocrx_word' id='word_1_261' title='bbox 577 2441 667 2502; x_wconf 87' lang='lat' dir='ltr'>quum</span> <span class='ocrx_word' id='word_1_262' title='bbox 686 2419 808 2479; x_wconf 88' lang='lat' dir='ltr'>obnoxii</span> <span class='ocrx_word' id='word_1_263' title='bbox 828 2418 887 2476; x_wconf 87' lang='lat' dir='ltr'>siut</span> <span class='ocrx_word' id='word_1_264' title='bbox 906 2437 1008 2480; x_wconf 89' lang='lat' dir='ltr'>ontnes</span> <span class='ocrx_word' id='word_1_265' title='bbox 1030 2417 1233 2493; x_wconf 78' lang='lat' dir='ltr'>eiusiudieio,</span> 
     </span>
     <span class='ocr_line' id='line_1_30' title="bbox 7 2491 1234 2574; baseline -0.003 -16"><span class='ocrx_word' id='word_1_266' title='bbox 7 2553 8 2558; x_wconf 73' lang='grc'>,</span> <span class='ocrx_word' id='word_1_267' title='bbox 108 2518 146 2558; x_wconf 87' lang='lat' dir='ltr'>ex</span> <span class='ocrx_word' id='word_1_268' title='bbox 169 2506 250 2553; x_wconf 85' lang='lat' dir='ltr'>metu</span> <span class='ocrx_word' id='word_1_269' title='bbox 273 2496 564 2574; x_wconf 80' lang='lat' dir='ltr'>trepidatiooritur,</span> <span class='ocrx_word' id='word_1_270' title='bbox 595 2497 690 2554; x_wconf 81' lang='lat' dir='ltr'>denec</span> <span class='ocrx_word' id='word_1_271' title='bbox 721 2513 752 2553; x_wconf 91' lang='lat' dir='ltr'>se</span> <span class='ocrx_word' id='word_1_272' title='bbox 782 2504 895 2572; x_wconf 84' lang='lat' dir='ltr'>patrem</span> <span class='ocrx_word' id='word_1_273' title='bbox 922 2491 1065 2552; x_wconf 81' lang='lat' dir='ltr'>exhibeat.</span> <span class='ocrx_word' id='word_1_274' title='bbox 1108 2493 1234 2554; x_wconf 78' lang='lat' dir='ltr'>Tantam</span> 
     </span>
     <span class='ocr_line' id='line_1_31' title="bbox 106 2565 1234 2652; baseline -0.006 -17"><span class='ocrx_word' id='word_1_275' title='bbox 106 2582 209 2635; x_wconf 87' lang='lat' dir='ltr'>sancta</span> <span class='ocrx_word' id='word_1_276' title='bbox 231 2570 314 2652; x_wconf 82' lang='lat' dir='ltr'>virgo</span> <span class='ocrx_word' id='word_1_277' title='bbox 341 2571 372 2630; x_wconf 92' lang='lat' dir='ltr'>in</span> <span class='ocrx_word' id='word_1_278' title='bbox 396 2582 485 2652; x_wconf 83' lang='lat' dir='ltr'>gente</span> <span class='ocrx_word' id='word_1_279' title='bbox 514 2591 565 2630; x_wconf 90' lang='lat' dir='ltr'>sua</span> <span class='ocrx_word' id='word_1_280' title='bbox 590 2568 731 2630; x_wconf 89' lang='lat' dir='ltr'>cernebat</span> <span class='ocrx_word' id='word_1_281' title='bbox 748 2568 891 2628; x_wconf 89' lang='lat' dir='ltr'>scelerum</span> <span class='ocrx_word' id='word_1_282' title='bbox 911 2565 1083 2650; x_wconf 80' lang='lat' dir='ltr'>colluviem,</span> <span class='ocrx_word' id='word_1_283' title='bbox 1113 2580 1146 2627; x_wconf 88' lang='lat' dir='ltr'>ut</span> <span class='ocrx_word' id='word_1_284' title='bbox 1170 2569 1234 2628; x_wconf 87' lang='lat' dir='ltr'>iure</span> 
     </span>
     <span class='ocr_line' id='line_1_32' title="bbox 104 2640 1234 2726; baseline -0.006 -16"><span class='ocrx_word' id='word_1_285' title='bbox 104 2650 261 2712; x_wconf 72' lang='lat' dir='ltr'>timeretur</span> <span class='ocrx_word' id='word_1_286' title='bbox 281 2648 438 2708; x_wconf 84' lang='lat' dir='ltr'>maioribus</span> <span class='ocrx_word' id='word_1_287' title='bbox 458 2647 600 2707; x_wconf 86' lang='lat' dir='ltr'>vindictis.</span> <span class='ocrx_word' id='word_1_288' title='bbox 641 2646 742 2720; x_wconf 86' lang='lat' dir='ltr'>Quare</span> <span class='ocrx_word' id='word_1_289' title='bbox 756 2653 794 2704; x_wconf 83' lang='lat' dir='ltr'>&#39;ut</span> <span class='ocrx_word' id='word_1_290' title='bbox 812 2645 947 2704; x_wconf 89' lang='lat' dir='ltr'>timorem</span> <span class='ocrx_word' id='word_1_291' title='bbox 970 2640 1081 2704; x_wconf 85' lang='lat' dir='ltr'>eximat·</span> <span class='ocrx_word' id='word_1_292' title='bbox 1091 2645 1234 2726; x_wconf 80' lang='lat' dir='ltr'>Angelus,</span> 
     </span>
     <span class='ocr_line' id='line_1_33' title="bbox 106 2719 1233 2805; baseline -0.003 -19"><span class='ocrx_word' id='word_1_293' title='bbox 106 2737 214 2786; x_wconf 79' lang='lat' dir='ltr'>testem</span> <span class='ocrx_word' id='word_1_294' title='bbox 238 2743 270 2783; x_wconf 89' lang='lat' dir='ltr'>se</span> <span class='ocrx_word' id='word_1_295' title='bbox 294 2745 328 2784; x_wconf 86' lang='lat' dir='ltr'>ac</span> <span class='ocrx_word' id='word_1_296' title='bbox 353 2741 529 2805; x_wconf 85' lang='lat' dir='ltr'>praeconem</span> <span class='ocrx_word' id='word_1_297' title='bbox 557 2721 793 2802; x_wconf 87' lang='lat' dir='ltr'>incomparabilis</span> <span class='ocrx_word' id='word_1_298' title='bbox 824 2719 897 2780; x_wconf 87' lang='lat' dir='ltr'>boui</span> <span class='ocrx_word' id='word_1_299' title='bbox 927 2720 1027 2780; x_wconf 87' lang='lat' dir='ltr'>adesse</span> <span class='ocrx_word' id='word_1_300' title='bbox 1052 2723 1233 2801; x_wconf 81' lang='lat' dir='ltr'>pronuntiat.</span> 
     </span>
     <span class='ocr_line' id='line_1_34' title="bbox 107 2797 1232 2891; baseline -0.004 -27"><span class='ocrx_word' id='word_1_301' title='bbox 107 2799 244 2864; x_wconf 74' lang='lat' dir='ltr'>Invenire</span> <span class='ocrx_word' id='word_1_302' title='bbox 256 2804 386 2876; x_wconf 53' lang='lat' dir='ltr'>gratum</span> <span class='ocrx_word' id='word_1_303' title='bbox 406 2800 540 2860; x_wconf 87' lang='lat' dir='ltr'>hebraica</span> <span class='ocrx_word' id='word_1_304' title='bbox 560 2800 657 2880; x_wconf 84' lang='lat' dir='ltr'>phrasi</span> <span class='ocrx_word' id='word_1_305' title='bbox 676 2799 776 2891; x_wconf 86' lang='lat' dir='ltr'>posuit</span> <span class='ocrx_word' id='word_1_306' title='bbox 794 2798 902 2871; x_wconf 89' lang='lat' dir='ltr'>Lucas,</span> <span class='ocrx_word' id='word_1_307' title='bbox 929 2818 985 2878; x_wconf 89' lang='lat' dir='ltr'>pro</span> <span class='ocrx_word' id='word_1_308' title='bbox 1007 2797 1115 2858; x_wconf 82' lang='lat' dir='ltr'>habere</span> <span class='ocrx_word' id='word_1_309' title='bbox 1135 2799 1232 2860; x_wconf 83' lang='lat' dir='ltr'>[leuna</span> 
     </span>
     <span class='ocr_line' id='line_1_35' title="bbox 106 2869 1232 2970; baseline -0.001 -33"><span class='ocrx_word' id='word_1_310' title='bbox 106 2877 276 2970; x_wconf 86' lang='lat' dir='ltr'>propitium.</span> <span class='ocrx_word' id='word_1_311' title='bbox 315 2880 420 2959; x_wconf 88' lang='lat' dir='ltr'>Neque</span> <span class='ocrx_word' id='word_1_312' title='bbox 440 2877 518 2938; x_wconf 90' lang='lat' dir='ltr'>enim</span> <span class='ocrx_word' id='word_1_313' title='bbox 538 2877 659 2960; x_wconf 82' lang='lat' dir='ltr'>gratiam</span> <span class='ocrx_word' id='word_1_314' title='bbox 678 2875 811 2936; x_wconf 88' lang='lat' dir='ltr'>mvenire</span> <span class='ocrx_word' id='word_1_315' title='bbox 831 2869 954 2950; x_wconf 75' lang='lat' dir='ltr'>dicitnr,</span> <span class='ocrx_word' id='word_1_316' title='bbox 969 2875 1030 2954; x_wconf 60' lang='lat' dir='ltr'>‚qui</span> <span class='ocrx_word' id='word_1_317' title='bbox 1059 2895 1120 2935; x_wconf 91' lang='lat' dir='ltr'>eam</span> <span class='ocrx_word' id='word_1_318' title='bbox 1142 2896 1232 2956; x_wconf 89' lang='lat' dir='ltr'>quae-</span> 
     </span>
     <span class='ocr_line' id='line_1_36' title="bbox 41 2950 1231 3033; baseline -0.004 -16"><span class='ocrx_word' id='word_1_319' title='bbox 41 2969 58 2998; x_wconf 82' lang='grc'>“-</span> <span class='ocrx_word' id='word_1_320' title='bbox 108 2956 204 3028; x_wconf 86' lang='lat' dir='ltr'>sient,</span> <span class='ocrx_word' id='word_1_321' title='bbox 231 2953 282 3014; x_wconf 88' lang='lat' dir='ltr'>sed</span> <span class='ocrx_word' id='word_1_322' title='bbox 307 2954 354 3015; x_wconf 87' lang='lat' dir='ltr'>cui</span> <span class='ocrx_word' id='word_1_323' title='bbox 378 2955 457 3014; x_wconf 89' lang='lat' dir='ltr'>ultro</span> <span class='ocrx_word' id='word_1_324' title='bbox 483 2953 582 3014; x_wconf 83' lang='lat' dir='ltr'>oblata</span> <span class='ocrx_word' id='word_1_325' title='bbox 608 2965 660 3014; x_wconf 87' lang='lat' dir='ltr'>est.</span> <span class='ocrx_word' id='word_1_326' title='bbox 711 2950 850 3033; x_wconf 85' lang='lat' dir='ltr'>Exempla</span> <span class='ocrx_word' id='word_1_327' title='bbox 870 2970 959 3032; x_wconf 87' lang='lat' dir='ltr'>quum</span> <span class='ocrx_word' id='word_1_328' title='bbox 983 2951 1051 3012; x_wconf 86' lang='lat' dir='ltr'>satis</span> <span class='ocrx_word' id='word_1_329' title='bbox 1070 2964 1140 3012; x_wconf 87' lang='lat' dir='ltr'>nota</span> <span class='ocrx_word' id='word_1_330' title='bbox 1160 2954 1231 3030; x_wconf 85' lang='lat' dir='ltr'>sint,</span> 
     </span>
     <span class='ocr_line' id='line_1_37' title="bbox 107 3027 1308 3111; baseline -0.006 -17"><span class='ocrx_word' id='word_1_331' title='bbox 107 3031 255 3096; x_wconf 81' lang='lat' dir='ltr'>adducere¹</span> <span class='ocrx_word' id='word_1_332' title='bbox 271 3037 481 3111; x_wconf 82' lang='lat' dir='ltr'>supervacuum</span> <span class='ocrx_word' id='word_1_333' title='bbox 501 3030 587 3097; x_wconf 76' lang='lat' dir='ltr'>soret.</span> <span class='ocrx_word' id='word_1_334' title='bbox 860 3077 864 3084; x_wconf 89' lang='lat'><strong>.</strong></span> <span class='ocrx_word' id='word_1_335' title='bbox 1304 3027 1308 3039; x_wconf 85' lang='lat'><em>&#39;</em></span> 
     </span>
     <span class='ocr_line' id='line_1_38' title="bbox 182 3102 1232 3188; baseline -0.001 -22"><span class='ocrx_word' id='word_1_336' title='bbox 182 3113 231 3173; x_wconf 60' lang='lat'>31,</span> <span class='ocrx_word' id='word_1_337' title='bbox 268 3105 344 3168; x_wconf 75' lang='lat' dir='ltr'>Ecce</span> <span class='ocrx_word' id='word_1_338' title='bbox 361 3111 502 3182; x_wconf 78' lang='lat' dir='ltr'>concipies</span> <span class='ocrx_word' id='word_1_339' title='bbox 519 3110 551 3166; x_wconf 83' lang='lat' dir='ltr'>in</span> <span class='ocrx_word' id='word_1_340' title='bbox 568 3121 660 3166; x_wconf 69' lang='lat' dir='ltr'>ramo.</span> <span class='ocrx_word' id='word_1_341' title='bbox 700 3105 800 3167; x_wconf 85' lang='lat' dir='ltr'>Verba</span> <span class='ocrx_word' id='word_1_342' title='bbox 831 3123 881 3165; x_wconf 82' lang='lat' dir='ltr'>sua</span> <span class='ocrx_word' id='word_1_343' title='bbox 905 3102 1073 3176; x_wconf 76' lang='lat' dir='ltr'>conformat</span> <span class='ocrx_word' id='word_1_344' title='bbox 1099 3104 1232 3188; x_wconf 79' lang='lat' dir='ltr'>Angelus</span> 
     </span>
     <span class='ocr_line' id='line_1_39' title="bbox 108 3181 1232 3266; baseline -0.002 -22"><span class='ocrx_word' id='word_1_345' title='bbox 108 3183 202 3266; x_wconf 85' lang='lat' dir='ltr'>primo</span> <span class='ocrx_word' id='word_1_346' title='bbox 215 3183 264 3244; x_wconf 65' lang='lat' dir='ltr'>²ad</span> <span class='ocrx_word' id='word_1_347' title='bbox 289 3185 453 3246; x_wconf 89' lang='lat' dir='ltr'>vaticinium</span> <span class='ocrx_word' id='word_1_348' title='bbox 472 3183 595 3257; x_wconf 87' lang='lat' dir='ltr'>Iesaiae,</span> <span class='ocrx_word' id='word_1_349' title='bbox 621 3183 728 3244; x_wconf 88' lang='lat' dir='ltr'>deinde</span> <span class='ocrx_word' id='word_1_350' title='bbox 754 3183 789 3243; x_wconf 92' lang='lat' dir='ltr'>ad</span> <span class='ocrx_word' id='word_1_351' title='bbox 809 3181 882 3243; x_wconf 87' lang='lat' dir='ltr'>alios</span> <span class='ocrx_word' id='word_1_352' title='bbox 901 3181 1116 3261; x_wconf 84' lang='lat' dir='ltr'>Prophetarum</span> <span class='ocrx_word' id='word_1_353' title='bbox 1137 3183 1232 3259; x_wconf 82' lang='lat' dir='ltr'>locos,</span> 
     </span>
     <span class='ocr_line' id='line_1_40' title="bbox 107 3258 1233 3344; baseline -0.004 -24"><span class='ocrx_word' id='word_1_354' title='bbox 107 3281 169 3342; x_wconf 86' lang='lat' dir='ltr'>quo</span> <span class='ocrx_word' id='word_1_355' title='bbox 189 3260 291 3320; x_wconf 89' lang='lat' dir='ltr'>melius</span> <span class='ocrx_word' id='word_1_356' title='bbox 309 3262 340 3320; x_wconf 91' lang='lat' dir='ltr'>in</span> <span class='ocrx_word' id='word_1_357' title='bbox 360 3262 486 3321; x_wconf 87' lang='lat' dir='ltr'>animum</span> <span class='ocrx_word' id='word_1_358' title='bbox 506 3261 625 3344; x_wconf 83' lang='lat' dir='ltr'>virginis</span> <span class='ocrx_word' id='word_1_359' title='bbox 644 3269 817 3342; x_wconf 85' lang='lat' dir='ltr'>penetrent:</span> <span class='ocrx_word' id='word_1_360' title='bbox 836 3269 931 3317; x_wconf 83' lang='lat' dir='ltr'>notae</span> <span class='ocrx_word' id='word_1_361' title='bbox 952 3258 1030 3318; x_wconf 82' lang='lat' dir='ltr'>eninr</span> <span class='ocrx_word' id='word_1_362' title='bbox 1051 3269 1081 3336; x_wconf 85' lang='lat' dir='ltr'>et</span> <span class='ocrx_word' id='word_1_363' title='bbox 1101 3258 1233 3318; x_wconf 86' lang='lat' dir='ltr'>celebres</span> 
     </span>
     <span class='ocr_line' id='line_1_41' title="bbox 129 3331 1233 3428; baseline -0.004 -32"><span class='ocrx_word' id='word_1_364' title='bbox 129 3336 311 3398; x_wconf 85' lang='lat' dir='ltr'>assiminter</span> <span class='ocrx_word' id='word_1_365' title='bbox 328 3338 392 3417; x_wconf 92' lang='lat' dir='ltr'>pios</span> <span class='ocrx_word' id='word_1_366' title='bbox 406 3349 489 3398; x_wconf 87' lang='lat' dir='ltr'>erant</span> <span class='ocrx_word' id='word_1_367' title='bbox 507 3337 578 3396; x_wconf 88' lang='lat' dir='ltr'>tales</span> <span class='ocrx_word' id='word_1_368' title='bbox 599 3331 781 3428; x_wconf 76' lang='lat' dir='ltr'>proplietiae.</span> <span class='ocrx_word' id='word_1_369' title='bbox 817 3333 998 3413; x_wconf 82' lang='lat' dir='ltr'>Quanquam</span> <span class='ocrx_word' id='word_1_370' title='bbox 1018 3334 1104 3394; x_wconf 87' lang='lat' dir='ltr'>simul</span> <span class='ocrx_word' id='word_1_371' title='bbox 1125 3346 1233 3394; x_wconf 85' lang='lat' dir='ltr'>notan·</span> 
     </span>
    </p>
   </div>
   <div class='ocr_carea' id='block_1_8' title="bbox 106 3359 1404 3494">
    <p class='ocr_par' dir='ltr' id='par_1_9' title="bbox 106 3359 1404 3494">
     <span class='ocr_line' id='line_1_42' title="bbox 106 3359 1404 3494; baseline -0.004 -20"><span class='ocrx_word' id='word_1_372' title='bbox 106 3359 176 3474; x_wconf 66' lang='lat' dir='ltr'>bum</span> <span class='ocrx_word' id='word_1_373' title='bbox 199 3426 263 3488; x_wconf 85' lang='lat' dir='ltr'>est,</span> <span class='ocrx_word' id='word_1_374' title='bbox 281 3433 342 3474; x_wconf 88' lang='lat' dir='ltr'>uon</span> <span class='ocrx_word' id='word_1_375' title='bbox 361 3414 495 3489; x_wconf 80' lang='lat' dir='ltr'>privatim</span> <span class='ocrx_word' id='word_1_376' title='bbox 515 3413 651 3494; x_wconf 77' lang='lat' dir='ltr'>duntaxat</span> <span class='ocrx_word' id='word_1_377' title='bbox 669 3429 705 3471; x_wconf 80' lang='lat' dir='ltr'>‘rn</span> <span class='ocrx_word' id='word_1_378' title='bbox 724 3431 823 3471; x_wconf 85' lang='lat' dir='ltr'>aurern</span> <span class='ocrx_word' id='word_1_379' title='bbox 845 3409 965 3492; x_wconf 81' lang='lat' dir='ltr'>virginis</span> <span class='ocrx_word' id='word_1_380' title='bbox 990 3409 1143 3492; x_wconf 83' lang='lat' dir='ltr'>loquuturn</span> <span class='ocrx_word' id='word_1_381' title='bbox 1170 3426 1233 3470; x_wconf 89' lang='lat' dir='ltr'>esse</span> <span class='ocrx_word' id='word_1_382' title='bbox 1305 3417 1308 3432; x_wconf 84' lang='lat'>&#39;</span> <span class='ocrx_word' id='word_1_383' title='bbox 1403 3387 1404 3408; x_wconf 24' lang='lat' dir='ltr'>l</span> 
     </span>
    </p>
   </div>
   <div class='ocr_carea' id='block_1_9' title="bbox 89 3486 1335 4539">
    <p class='ocr_par' dir='ltr' id='par_1_10' title="bbox 89 3486 1335 4539">
     <span class='ocr_line' id='line_1_43' title="bbox 107 3486 1233 3578; baseline -0.004 -29"><span class='ocrx_word' id='word_1_384' title='bbox 107 3492 135 3549; x_wconf 77' lang='lat' dir='ltr'>A</span> <span class='ocrx_word' id='word_1_385' title='bbox 179 3489 273 3566; x_wconf 87' lang='lat' dir='ltr'>elum,</span> <span class='ocrx_word' id='word_1_386' title='bbox 299 3490 349 3550; x_wconf 85' lang='lat' dir='ltr'>sed</span> <span class='ocrx_word' id='word_1_387' title='bbox 369 3488 557 3569; x_wconf 80' lang='lat' dir='ltr'>Evangelium</span> <span class='ocrx_word' id='word_1_388' title='bbox 578 3489 723 3562; x_wconf 87' lang='lat' dir='ltr'>attulisse,</span> <span class='ocrx_word' id='word_1_389' title='bbox 747 3488 835 3567; x_wconf 88' lang='lat' dir='ltr'>quod</span> <span class='ocrx_word' id='word_1_390' title='bbox 851 3505 906 3567; x_wconf 85' lang='lat' dir='ltr'>per</span> <span class='ocrx_word' id='word_1_391' title='bbox 930 3496 1025 3546; x_wconf 89' lang='lat' dir='ltr'>totum</span> <span class='ocrx_word' id='word_1_392' title='bbox 1046 3486 1149 3578; x_wconf 75' lang='lat' dir='ltr'>orbem</span> <span class='ocrx_word' id='word_1_393' title='bbox 1171 3507 1233 3578; x_wconf 80' lang='lat' dir='ltr'>non</span> 
     </span>
     <span class='ocr_line' id='line_1_44' title="bbox 107 3561 1230 3656; baseline -0.004 -30"><span class='ocrx_word' id='word_1_394' title='bbox 107 3578 201 3627; x_wconf 88' lang='lat' dir='ltr'>muto</span> <span class='ocrx_word' id='word_1_395' title='bbox 229 3578 298 3646; x_wconf 86' lang='lat' dir='ltr'>post</span> <span class='ocrx_word' id='word_1_396' title='bbox 325 3567 500 3650; x_wconf 82' lang='lat' dir='ltr'>vulgandum</span> <span class='ocrx_word' id='word_1_397' title='bbox 532 3578 608 3656; x_wconf 72' lang='lat' dir='ltr'>erat·</span> <span class='ocrx_word' id='word_1_398' title='bbox 654 3566 756 3640; x_wconf 84' lang='lat' dir='ltr'>Quare</span> <span class='ocrx_word' id='word_1_399' title='bbox 786 3577 847 3654; x_wconf 83' lang='lat' dir='ltr'>non</span> <span class='ocrx_word' id='word_1_400' title='bbox 879 3563 989 3656; x_wconf 75' lang='lat' dir='ltr'>absque</span> <span class='ocrx_word' id='word_1_401' title='bbox 1019 3563 1084 3631; x_wconf 32' lang='lat' dir='ltr'>Der.</span> <span class='ocrx_word' id='word_1_402' title='bbox 1107 3561 1230 3654; x_wconf 76' lang='lat' dir='ltr'>consilto</span> 
     </span>
     <span class='ocr_line' id='line_1_45' title="bbox 107 3638 1234 3741; baseline -0.006 -39"><span class='ocrx_word' id='word_1_403' title='bbox 107 3643 217 3704; x_wconf 80' lang='lat' dir='ltr'>laetum</span> <span class='ocrx_word' id='word_1_404' title='bbox 249 3655 311 3738; x_wconf 64' lang='lat' dir='ltr'>est,</span> <span class='ocrx_word' id='word_1_405' title='bbox 342 3643 422 3736; x_wconf 75' lang='lat' dir='ltr'>quod</span> <span class='ocrx_word' id='word_1_406' title='bbox 449 3655 512 3702; x_wconf 83' lang='lat' dir='ltr'>tam</span> <span class='ocrx_word' id='word_1_407' title='bbox 539 3641 646 3702; x_wconf 78' lang='lat' dir='ltr'>diserte</span> <span class='ocrx_word' id='word_1_408' title='bbox 671 3657 820 3741; x_wconf 64' lang='lat' dir='ltr'>expressus</span> <span class='ocrx_word' id='word_1_409' title='bbox 853 3638 943 3731; x_wconf 60' lang='lat' dir='ltr'>luera}</span> <span class='ocrx_word' id='word_1_410' title='bbox 967 3658 1126 3730; x_wconf 83' lang='lat' dir='ltr'>consensus</span> <span class='ocrx_word' id='word_1_411' title='bbox 1155 3650 1234 3729; x_wconf 79' lang='lat' dir='ltr'>anter</span> 
     </span>
     <span class='ocr_line' id='line_1_46' title="bbox 106 3713 1231 3875; baseline -0.01 -19"><span class='ocrx_word' id='word_1_412' title='bbox 106 3713 1231 3875; x_wconf 45' lang='lat' dir='ltr'>tffittttlttttttltttttttttintollittttftttttttttltt</span> 
     </span>
     <span class='ocr_line' id='line_1_47' title="bbox 107 3861 1232 4000; baseline -0.006 -67"><span class='ocrx_word' id='word_1_413' title='bbox 107 3871 224 3933; x_wconf 80' lang='lat' dir='ltr'>sufficit</span> <span class='ocrx_word' id='word_1_414' title='bbox 254 3873 407 3966; x_wconf 29' lang='lat' dir='ltr'>Namtinde</span> <span class='ocrx_word' id='word_1_415' title='bbox 418 3871 559 3964; x_wconf 78' lang='lat' dir='ltr'>colligere</span> <span class='ocrx_word' id='word_1_416' title='bbox 569 3883 736 3951; x_wconf 89' lang='lat' dir='ltr'>promptum</span> <span class='ocrx_word' id='word_1_417' title='bbox 747 3881 808 3962; x_wconf 65' lang='lat'>3³⁵¹»,</span> <span class='ocrx_word' id='word_1_418' title='bbox 818 3891 879 3930; x_wconf 90' lang='lat' dir='ltr'>non</span> <span class='ocrx_word' id='word_1_419' title='bbox 896 3870 1056 3930; x_wconf 79' lang='lat' dir='ltr'>aetherium</span> <span class='ocrx_word' id='word_1_420' title='bbox 1068 3861 1232 4000; x_wconf 55' lang='lat' dir='ltr'>corppputrpl</span> 
     </span>
     <span class='ocr_line' id='line_1_48' title="bbox 105 3947 1281 4116; baseline -0.003 -29"><span class='ocrx_word' id='word_1_421' title='bbox 105 3947 604 4086; x_wconf 48' lang='lat' dir='ltr'>afflatus</span> <span class='ocrx_word' id='word_1_422' title='bbox 626 3953 1117 4116; x_wconf 71' lang='lat' dir='ltr'>ttttuttututted</span> <span class='ocrx_word' id='word_1_423' title='bbox 1133 4014 1233 4105; x_wconf 61' lang='lat' dir='ltr'>„aa</span> <span class='ocrx_word' id='word_1_424' title='bbox 1277 3989 1281 4001; x_wconf 94' lang='lat'>·</span> 
     </span>
     <span class='ocr_line' id='line_1_49' title="bbox 105 4095 1233 4240; baseline -0.01 -1"><span class='ocrx_word' id='word_1_425' title='bbox 105 4095 1233 4240; x_wconf 52' lang='lat' dir='ltr'>‘td’ltldttl{ldtntattttm{tttdttlttdttttttf&#39;t</span> 
     </span>
     <span class='ocr_line' id='line_1_50' title="bbox 104 4199 1233 4339; baseline -0.012 -23"><span class='ocrx_word' id='word_1_426' title='bbox 104 4199 240 4316; x_wconf 42' lang='lat' dir='ltr'>8Pluerepin</span> <span class='ocrx_word' id='word_1_427' title='bbox 261 4223 412 4330; x_wconf 75' lang='lat' dir='ltr'>muuduin,</span> <span class='ocrx_word' id='word_1_428' title='bbox 429 4199 721 4334; x_wconf 60' lang='lat' dir='ltr'>quemadmodumqie</span> <span class='ocrx_word' id='word_1_429' title='bbox 737 4253 910 4334; x_wconf 85' lang='lat' dir='ltr'>pronuntiat</span> <span class='ocrx_word' id='word_1_430' title='bbox 925 4267 986 4307; x_wconf 89' lang='lat' dir='ltr'>non</span> <span class='ocrx_word' id='word_1_431' title='bbox 1003 4247 1039 4308; x_wconf 81' lang='lat' dir='ltr'>ad</span> <span class='ocrx_word' id='word_1_432' title='bbox 1051 4243 1233 4339; x_wconf 70' lang='lat' dir='ltr'>perdeudnm</span> 
     </span>
     <span class='ocr_line' id='line_1_51' title="bbox 106 4325 1335 4419; baseline -0.011 -27"><span class='ocrx_word' id='word_1_433' title='bbox 106 4332 235 4406; x_wconf 82' lang='lat' dir='ltr'>venisse,</span> <span class='ocrx_word' id='word_1_434' title='bbox 259 4333 310 4393; x_wconf 88' lang='lat' dir='ltr'>sed</span> <span class='ocrx_word' id='word_1_435' title='bbox 329 4343 363 4392; x_wconf 91' lang='lat' dir='ltr'>ut</span> <span class='ocrx_word' id='word_1_436' title='bbox 381 4331 492 4392; x_wconf 90' lang='lat' dir='ltr'>mundo</span> <span class='ocrx_word' id='word_1_437' title='bbox 511 4328 633 4390; x_wconf 82' lang='lat' dir='ltr'>salutem</span> <span class='ocrx_word' id='word_1_438' title='bbox 654 4331 758 4391; x_wconf 78' lang='lat' dir='ltr'>afferat</span> <span class='ocrx_word' id='word_1_439' title='bbox 776 4329 833 4419; x_wconf 66' lang='lat' dir='ltr'>(lo-</span> <span class='ocrx_word' id='word_1_440' title='bbox 848 4327 974 4400; x_wconf 63' lang='lat' dir='ltr'>imi.)-</span> <span class='ocrx_word' id='word_1_441' title='bbox 996 4325 1232 4416; x_wconf 39' lang='lat' dir='ltr'>‘Meminerimus</span> <span class='ocrx_word' id='word_1_442' title='bbox 1332 4345 1335 4354; x_wconf 67' lang='lat'>¹</span> 
     </span>
     <span class='ocr_line' id='line_1_52' title="bbox 89 4402 1233 4539; baseline -0.007 -74"><span class='ocrx_word' id='word_1_443' title='bbox 89 4421 203 4468; x_wconf 80' lang='lat' dir='ltr'>‚autem</span> <span class='ocrx_word' id='word_1_444' title='bbox 227 4429 288 4470; x_wconf 88' lang='lat' dir='ltr'>uon</span> <span class='ocrx_word' id='word_1_445' title='bbox 314 4405 630 4508; x_wconf 16' lang='lat' dir='ltr'>hominumlarbitrio,</span> <span class='ocrx_word' id='word_1_446' title='bbox 658 4407 708 4468; x_wconf 88' lang='lat' dir='ltr'>scd</span> <span class='ocrx_word' id='word_1_447' title='bbox 736 4407 794 4486; x_wconf 65' lang='lat' dir='ltr'>Iler</span> <span class='ocrx_word' id='word_1_448' title='bbox 817 4421 1033 4539; x_wconf 34' lang='lat' dir='ltr'>srusappromen</span> <span class='ocrx_word' id='word_1_449' title='bbox 1059 4402 1115 4496; x_wconf 82' lang='lat' dir='ltr'>boc</span> <span class='ocrx_word' id='word_1_450' title='bbox 1134 4418 1233 4476; x_wconf 85' lang='lat' dir='ltr'>ampo·</span> 
     </span>
    </p>
   </div>
   <div class='ocr_carea' id='block_1_10' title="bbox 0 0 1419 4756">
    <p class='ocr_par' dir='ltr' id='par_1_11' title="bbox 0 0 1419 4756">
     <span class='ocr_line' id='line_1_53' title="bbox 0 0 1419 4756; baseline 0 0"><span class='ocrx_word' id='word_1_451' title='bbox 0 0 1419 4756; x_wconf 95' lang='lat' dir='ltr'> </span> 
     </span>
    </p>
   </div>
  </div>
 </body>
</html>
