2824 4756
167 303 188 378 μ
340 285 491 354 seculo
510 284 553 346 Π.
592 283 732 356 lorsam
750 279 938 340 Baemsrar.
955 251 1114 338 narrans.

168 435 450 520 iustificationibus
470 421 603 500 Domini
630 423 939 516 irreprehensibiles.
989 426 1019 490 7.
1044 423 1117 488 Nec
1136 427 1208 486 erat
1227 417 1292 496 illis

169 541 297 632 proles,
328 532 477 622 eoquod
499 541 583 598 esset
607 530 775 596 Elisabeth
799 525 931 610 sterilis,
952 534 984 590 et
1005 522 1100 588 ambo
1121 531 1294 608 provectae

16 708 22 722 Ι
75 668 78 672 ·
135 646 234 709 -iam
256 641 366 705 aetatis
387 635 502 701 forent.
544 633 573 697 8.
594 632 725 696 Factum
741 625 1044 712 est'autcm„quum
1065 626 1092 688 is
1111 621 1293 688 sacerdotio

61 2405 63 2410 ¹
171 2331 367 2406 incunabilis,
387 2342 417 2391 et

93 741 102 764 ⁸
170 743 359 829 fungeretur
384 741 417 801 in
443 734 559 801 ordine
580 734 658 796 vicis
686 753 763 795 suae
789 751 911 804 coram¹
926 725 1017 804 Deo,
1052 727 1082 793 9.
1110 720 1294 788 Secundum

171 837 437 910 consuetudinem
459 835 632 900 sacerdotii
653 853 722 898 sors
748 829 804 894 illi'
819 829 967 904 obvenit,
994 835 1029 890 ut
1047 824 1166 890 odores
1186 826 1296 886 incen-

173 944 280 1020 deret,
307 943 469 1024 ingressus
495 932 647 1018 ternplum
669 933 809 998 Domini.
859 929 908 994 10.
935 928 977 991 Et
998 929 1101 992 omnis
1122 923 1294 990 multitudo

172 1034 288 1132 populi
314 1037 508 1125 precabatur
529 1035 607 1100 loris
628 1043 774 1118 tempore
796 1031 1019 1116 thymiamatis.
1066 1025 1115 1090 11.
1136 1026 1296 1110 Apparuit

148 1151 278 1210 'autem
306 1139 357 1206 illi
380 1134 520 1221 Angelus
546 1133 688 1200 Dominl*
710 1145 797 1197 stans
821 1152 842 1193 a
866 1129 984 1194 dextris
1012 1125 1135 1204 altaris,
1166 1130 1201 1190 iu
1229 1146 1294 1210 quo

170 1245 345 1331 thymiama
367 1235 567 1302 adolebatur.
610 1234 659 1298 12.
679 1234 721 1297 Et
734 1230 905 1308 Zacharias
924 1227 1071 1293 turbatus
1093 1237 1203 1316 cstpeo
1215 1229 1295 1300 viso,
1406 1289 1407 1294 ,

108 1355 114 1366 “
173 1354 207 1411 et
225 1345 321 1408 timor
338 1338 430 1404 irruit
451 1357 549 1421 super
571 1355 653 1400 eum.
694 1333 745 1400 13.
766 1333 823 1396 Ait
843 1341 947 1395 autem
970 1329 1013 1398 ad
1030 1328 1127 1394 illurn
1143 1324 1295 1412 Angelus,

169 1445 223 1512 Ne
248 1445 375 1516 timeas,
401 1437 572 1514 Zacharia,
599 1435 751 1522 quoniam
775 1431 925 1496 exaudita
949 1440 997 1494 est
1011 1429 1203 1515 deprecatio
1226 1437 1295 1498 tua:

170 1561 316 1628 uxorque
342 1547 397 1602 tua
417 1536 586 1604 Elisabeth
604 1537 711 1624 pariet
730 1533 791 1602 tihi
811 1532 932 1610 filium,
963 1541 996 1597 et
1019 1529 1154 1596 vocabis
1174 1549 1294 1594 nomen

172 1645 243 1709 eius
264 1641 427 1705 loannem.

247 1872 392 1955 Apposite
410 1871 502 1932 Lucas
520 1869 712 1952 Evangelium
736 1893 820 1934 suum
847 1891 863 1932 a
883 1869 996 1931 Ioanne
1014 1867 1145 1949 Baptista
1171 1863 1297 1942 orditur,

171 1951 294 2091 &enode
314 1950 455 2040 acsiquis
476 1948 513 2009 de
537 1947 603 2007 luce
621 1947 681 2006 diei
701 1947 790 2008 verba
817 1948 943 2009 lecturus
963 1945 998 2006 ab
1019 1965 1123 2006 aurora
1142 1943 1295 2024 inciperet.

202 2051 245 2090 am
260 2027 361 2102 Solem
380 2025 515 2097 iustitiae,
557 2025 585 2084 ui
604 2045 671 2084 mox
684 2026 846 2085 exoriturus
867 2036 940 2100 erat,
959 2023 1051 2082 instar
1069 2037 1296 2099 auroraetprae-

87 2116 94 2124 '
172 2105 268 2168 cessit.
310 2103 379 2162 Eius
400 2100 518 2181 quidem
536 2045 574 2162 ht
599 2103 685 2161 etiam
706 2102 782 2181 a'pud
802 2101 874 2162 alios
893 2099 1020 2175 mentio,
1045 2098 1101 2158 'sed
1122 2097 1221 2157 olficio
1241 2117 1296 2157 suo

171 2185 231 2244 iam
251 2181 422 2262 fungentem
442 2179 593 2237 inducunt.
637 2177 730 2253 Lucas
749 2190 845 2238 autern
866 2177 996 2238 nondum
1017 2175 1117 2257 genito
1138 2173 1295 2234 auctorita-

172 2272 232 2320 tem
252 2255 406 2327 conciliat,
453 2277 520 2313 uum
543 2253 654 2330 divinae
674 2256 825 2334 potentiae
845 2253 981 2314 miracula
1007 2251 1155 2331 praedicat
1180 2250 1212 2309 in
1233 2249 1296 2310 eius

432 2275 612 2410 lrophetam
633 2330 756 2391 coelitus
777 2331 865 2410 luisse
886 2329 1068 2412 designatum
1088 2327 1226 2401 ostendit,
1244 2348 1296 2386 an-

172 2425 291 2504 tequam
310 2409 385 2469 scire
404 2407 539 2468 homines
558 2419 693 2487 possent,
713 2393 890 2488 qualis'erat
910 2406 1037 2465 loturus:
1057 2405 1145 2482 idque
1166 2423 1202 2462 eo
1223 2424 1295 2462 con-

171 2489 254 2564 silio,
280 2485 450 2546 ut¹maiore
475 2484 580 2543 deinde
604 2485 766 2544 reverentia
792 2484 940 2556 audiatur,
968 2481 1020 2542 ubi
1038 2481 1154 2562 publica
1172 2500 1296 2561 persona

171 2565 291 2626 indutus
310 2561 346 2622 ad
365 2560 565 2621 illustrandam
586 2560 695 2620 Christi
714 2557 838 2642 gloriam
858 2557 1010 2642 prodierit.
1203 2591 1210 2603 ·
1309 2569 1312 2577 ’

249 2649 277 2704 5.
314 2637 355 2697 ts
373 2635 471 2696 diebus
489 2634 629 2696 Herodis.
672 2638 729 2697 llic
750 2637 805 2696 luit
824 2637 973 2716 Antipatri
992 2633 1081 2708 filius,
1107 2653 1194 2713 quem
1213 2645 1296 2714 pater

171 2714 209 2778 ad
229 2735 353 2796 regnum
372 2731 464 2790 usque
482 2714 625 2790 provexit,
644 2713 746 2790 inquo
765 2712 901 2794 augendo
921 2723 1032 2770 tantum
1053 2709 1154 2770 habuit
1172 2713 1234 2790 ipse
1248 2710 1296 2770 in-

173 2792 300 2851 dustriae
321 2799 351 2847 et
374 2800 434 2847 tem
453 2799 580 2846 strenue
592 2786 754 2859 laboravit,
785 2801 818 2847 ut
848 2787 917 2848 iude
937 2786 1036 2867 Magni
1062 2808 1228 2870 cognomen
1253 2787 1297 2847 illi

171 2865 262 2942 inerit
279 2864 414 2924 inditum.
452 2860 562 2922 Putant
580 2875 677 2922 autem
698 2863 830 2942 quidam,
851 2863 918 2923 ideo
940 2863 986 2922 hic
1007 2863 1151 2922 nominari
1171 2885 1187 2922 a
1206 2864 1296 2940 Luca,
1341 2875 1343 2880 '

195 2942 242 3002 uia
265 2941 376 3032 primus
400 2937 463 2998 Rex
488 2951 639 2999 extraneus
668 2937 772 3001 fuerit:
811 2951 1011 3019 opportunum
1037 2959 1109 3020 ergo
1135 2939 1223 3002 luisse
1248 2961 1296 3000 re-

172 2965 337 3098 dempuoni
362 3028 494 3095 tempus,
519 3015 587 3094 quia
611 3027 758 3094 sceptrum
785 3015 821 3074 ad
846 3027 964 3097 gentem
989 3015 1110 3076 alienant
1134 3017 1296 3078 transierat.

171 3095 285 3154 Verum
309 3093 360 3172 qui
383 3092 424 3152 sic
450 3090 700 3172 loquuntur-non
725 3090 793 3150 satis
818 3091 986 3173 intelligunt
1008 3093 1175 3152 vaticinium
1194 3093 1297 3171 Iacob,
1405 3131 1406 3146 .

172 3169 225 3231 uhi
249 3189 311 3230 non
334 3167 505 3248 simpliciter
528 3167 709 3249 promittitur
733 3167 854 3228 Messias
880 3170 1035 3244 adventus,
1066 3181 1219 3248 postquam
1240 3170 1296 3228 im-

195 3246 257 3306 erio
284 3245 386 3326 privati
410 3245 521 3322 luerint
540 3244 664 3319 ludaei,
681 3243 731 3303 sed
757 3257 911 3325 postquam
937 3265 951 3305 a
977 3245 1057 3306 tribu
1076 3245 1148 3304 luda
1168 3246 1297 3307 ablatum

171 3268 271 3384 lucris
310 3322 483 3401 Quanquam
504 3341 542 3382 ne
561 3321 618 3382 boc
638 3321 756 3400 quidem
774 3319 867 3381 voluit
884 3333 998 3383 sanctus
1018 3322 1200 3395 Patriarcha,
1224 3345 1238 3382 s
1260 3341 1297 3384 o-

171 3398 299 3460 liandam
318 3417 380 3459 esse
399 3397 508 3458 tribum
528 3397 600 3458 Iuda
623 3419 676 3458 suo
696 3399 875 3477 principatu,
899 3409 1055 3479 antequam
1074 3397 1188 3461 veniret
1207 3341 1298 3466 Ciri-

172 3487 245 3550 etus,
265 3473 317 3534 sed
334 3474 468 3555 regimen
510 3474 591 3554 opuli
610 3475 641 3534 in
662 3495 695 3534 ea
717 3474 782 3534 lore
800 3475 905 3535 stabile
924 3495 1016 3554 usque
1035 3474 1072 3533 ad
1087 3474 1247 3551 Christum,
1265 3476 1298 3536 in
1365 3549 1367 3554 ,

173 3550 255 3613 cuius
280 3570 406 3630 persona
430 3495 522 3610 solida
549 3550 664 3610 demum
690 3562 767 3610 esset
790 3555 850 3612 eius
875 3570 928 3632 per
950 3551 1062 3612 stultas.
1110 3551 1174 3612 Etsi
1199 3565 1297 3612 autem

158 3639 233 3708 'quo
257 3638 392 3714 tempore
420 3627 587 3687 floruerunt
609 3625 776 3688 Maccahaei
804 3629 897 3688 tribus
922 3573 994 3692 iuda
1019 3627 1081 3686 lere
1097 3629 1136 3686 iu
1161 3629 1297 3688 ordinem

172 3704 317 3786 privatum
337 3715 438 3764 coacta
457 3713 536 3776 erat,
561 3717 591 3764 et
607 3703 694 3784 paulo
713 3715 782 3783 post
802 3705 857 3763 dux
877 3703 994 3764 ultimus
1014 3724 1048 3762 ex
1066 3717 1156 3785 gente
1176 3705 1224 3764 illa
1244 3704 1297 3766 Ιο-

173 3801 265 3841 annes
286 3779 396 3840 occisus
415 3779 487 3854 tuit,
507 3800 567 3839 non
586 3793 685 3840 tamen
704 3781 736 3839 in
756 3792 852 3840 totum
871 3782 1025 3840 exstinctus
1046 3780 1102 3840 tuit
1121 3781 1297 3858 dominatus,

196 3858 243 3918 nia
262 3854 512 3916 manebatadhuc
531 3857 706 3936 synedrion,
734 3855 792 3922 hoc
813 3869 872 3933 est,
906 3855 1050 3917 delectum
1079 3859 1237 3918 concilium
1262 3879 1297 3917 ex

172 3877 283 3994 iamilia
302 3943 333 3992 et
371 3923 613 4008 osterisDavidis,
631 3934 712 3992 cuins
731 3954 842 3993 summa
861 3943 924 3994 erat
941 3934 1107 4006 auctoritas,
1126 3934 1237 3994 duravit
1260 3955 1298 3994 ue

172 4029 266 4144 uspue
284 4009 321 4070 ad
372 4009 509 4085 enodem,
533 4010 582 4089 qui
602 4009 728 4069 nefanda
746 4010 873 4071 iudicum
893 4010 981 4086 caede
1006 4029 1132 4089 poenam
1151 4010 1206 4072 sibi
1225 3955 1297 4070 olim

155 4084 203 4154 'in
227 4087 314 4148 ictam
333 4079 410 4146 ultus
431 4097 488 4161 est,
513 4085 593 4165 quod
618 4087 883 4147 caedis-damnatus
902 4088 933 4146 in
951 4084 1148 4148 voluntarium
1167 4087 1296 4148 exsilium

130 4233 132 4238 s
171 4160 298 4244 migrare
318 4174 434 4246 epactus
453 4153 563 4237 sueral,
587 4173 621 4221 ut
645 4162 817 4241 supplicium
839 4163 940 4244 capitis
967 4163 1122 4256 effugeret.
1159 4163 1297 4246 Regnum

172 4249 246 4317 ergo
263 4239 409 4315 Herodis,
429 4257 467 4300 eo
487 4237 567 4320 quod
587 4238 672 4298 alieni
696 4259 749 4298 ena
770 4252 859 4314 esset,
885 4238 1055 4320 nostr-ega
1074 4252 1221 4320 sceptrum
1241 4242 1296 4300 tri-

170 4309 226 4401 bus
244 4311 328 4388 luda,
346 4315 398 4374 sed
417 4317 485 4396 qnia
504 4315 645 4378 abolitum
666 4259 722 4374 tiit
742 4315 804 4376 eius
823 4315 988 4389 latrocinio,
1005 4315 1146 4452 numquid
1164 4317 1196 4375 in
1214 4317 1296 4376 tribu

170 4385 221 4451 ulla
237 4389 387 4483 dignitatis
405 4394 553 4466 residuum
571 4392 718 4458 manebat.
758 4391 850 4468 Quod
861 4403 958 4455 autem
969 4412 1005 4456 co
1028 4414 1095 4473 apsa
1112 4391 1206 4478 multo
1225 4404 1297 4456 ante

1296 4707 1304 4743 l
1403 4735 1404 4743 .
