2824 4756
6 4403 7 4480 j
82 4461 88 4468 1
160 4391 280 4452 qnoque
303 4377 334 4436 iii
358 4376 497 4442 bistorica
512 4380 864 4460 scrumnotitialocuiu
886 4379 1014 4460 aliquem
1041 4379 1119 4439 dare.
1158 4375 1291 4451 Histori-

161 276 181 336 ῃ
329 303 330 306 ¹
631 198 783 320 sEdTIO
803 258 828 320 1.

166 412 318 476 doctrinae
343 427 469 468 cursum.
518 399 601 464 Haec
625 402 751 464 Satanae
774 403 894 482 eiusque
919 401 1058 468 ministris
1083 401 1198 463 occasio
1230 413 1292 462 erat

165 490 202 552 ad
232 483 406 569 spargendas
437 501 571 548 errorum
602 479 739 555 nebulas,
769 499 843 558 quae
871 499 975 572 puram
1006 477 1099 540 locem
1126 478 1290 538 turbarent.

168 565 317 641 Quoniam
343 570 440 620 antem
466 558 502 617 de
529 555 720 618 custodienda
739 554 891 637 Evangelii
915 558 1044 636 puritate
1067 553 1161 616 miuus
1181 553 1290 616 sollici-

166 655 230 703 tum
249 650 312 699 erat
330 637 482 697 bominum
503 633 620 716 vulgus,
645 644 675 692 et
694 632 779 713 pauci
799 643 911 692 attente
929 631 1120 712 reputabant,
1139 631 1210 710 qnid
1228 651 1290 692 ma-

166 719 338 780 chinaretur·
352 714 441 774 Satan
462 721 652 790 et'quantum
671 708 803 769 subesset
826 709 858 768 in
883 707 988 769 talibus
1014 707 1133 769 fallaciis
1179 707 1292 782 ericuli,

167 793 342 874 utquisque
362 807 427 848 rara
445 787 503 846 lide
524 798 554 846 et
573 783 683 846 eximiis
702 785 829 865 Spiritus
851 784 935 846 donis
955 783 1027 845 alios
1045 729 1225 864 praestabat,
1250 783 1290 842 ita

167 871 278 930 maiore
298 865 397 926 studio
418 875 449 924 ct
468 863 619 944 diligentia
638 861 648 920 i
669 883 732 920 suni
752 860 923 922 incumbere
943 861 1093 940 oportuit,
1117 871 1150 920 ut
1174 862 1290 940 pietatis

168 947 329 1008 doctrinam
350 941 385 1002 ab
406 939 487 1001 omni
512 881 678 1016 corruptela
705 957 806 1016 puram
826 950 856 997 et
875 937 1001 998 illaesam
1027 958 1081 1018 pro
1100 937 1176 998 virili
1194 957 1290 998 serva-

167 1034 238 1084 ret·
275 1020 361 1079 Tales
397 1037 459 1078 non
488 1034 570 1074 secus
602 1035 635 1074 ac
670 1013 744 1074 sacri
779 1014 911 1095 nomopb
933 1014 1009 1074 laces
1037 1014 1175 1074 divinitus
1205 1012 1293 1073 electi

168 1100 303 1171 luerunt,
323 1095 374 1174 qui
393 1092 550 1153 coelestem
571 1086 735 1150 doctrinam
754 1092 830 1172 apud
850 1111 881 1152 se
922 1091 1060 1171 epositam
1081 1090 1160 1152 bona
1178 1089 1236 1157 lide
1255 1087 1292 1149 ad

166 1186 301 1258 posteros
321 1169 560 1230 transmitterent.
599 1167 700 1242 Quare
719 1167 773 1228 bae
792 1168 858 1250 lege
878 1166 1069 1262 Evangelinm
1087 1187 1170 1228 suum
1190 1165 1292 1225 Theo·
1395 1174 1405 1218 ’,

167 1252 249 1334 pbilo
269 1256 419 1326 nuncupat
437 1245 545 1318 Lucas,
569 1255 602 1304 ut
628 1243 744 1302 fidelem
773 1245 834 1304 eius
859 1244 1018 1304 custodiam
1043 1242 1193 1323 suscipiati
1221 1262 1311 1322 quas

168 1329 254 1389 ctiam
296 1335 371 1384 artes
383 1322 489 1380 Paulus
508 1341 561 1381 suo
575 1320 735 1382 Timotheo
754 1320 881 1403 iniungit
898 1331 928 1380 et
943 1320 1130 1381 commendat
1147 1319 1292 1380 secundae

166 1347 318 1486 Epistulae
338 1397 433 1478 primo
454 1396 550 1477 capite
570 1420 596 1457 v.
616 1403 664 1462 14.
685 1408 716 1456 et
734 1397 822 1458 tertio
843 1420 869 1459 v.
890 1403 936 1462 tt
1249 1410 1255 1439 t

209 1533 211 1539 Α
243 1485 271 1543 1.
312 1475 455 1569 Quonim
473 1473 641 1550 complures·
679 1474 805 1534 Videtur
826 1495 880 1555 pro
901 1493 984 1534 causa
1002 1470 1149 1534 scribendi
1167 1489 1291 1552 ponere,

168 1555 249 1640 quod
269 1565 368 1634 potius
387 1550 470 1612 illum
489 1572 506 1610 a
524 1550 680 1611 scribendo
700 1571 839 1610 revocare
859 1549 1012 1610 debuerat:
1041 1548 1190 1612 historiam
1211 1549 1291 1607 enim

168 1630 302 1695 amultis
326 1639 478 1688 tractatam
506 1637 654 1700 retexere,
678 1627 842 1708 superfluus
869 1638 932 1687 erat
956 1626 1057 1700 labor,
1082 1625 1223 1706 siquidem
1248 1623 1292 1682 illi

168 1706 264 1791 probe
290 1705 324 1764 in
349 1725 402 1764 suo
430 1703 529 1764 officio
549 1703 655 1765 versati
678 1702 804 1764 fuerant.
840 1700 932 1784 Atqui
958 1722 1009 1763 eos
1034 1721 1071 1762 ne
1091 1722 1151 1761 uno
1172 1698 1291 1779 quideni

168 1782 260 1847 verbo
280 1780 326 1844 vel
346 1779 467 1855 fraudis,
495 1779 779 1871 velncgligentiae,
807 1779 854 1842 rel
875 1779 1032 1860 cuiuspiam
1051 1778 1112 1840 vitii
1130 1775 1291 1838 insimulat:

168 1880 241 1942 crgo
271 1857 395 1938 perinde
425 1868 469 1916 est
498 1876 557 1917 acsi
583 1867 678 1917 actum
706 1876 738 1917 se
761 1854 837 1918 velle
862 1876 948 1938 agere
973 1856 1057 1916 dicat.
1101 1853 1290 1934 Respondes,
1329 1875 1331 1883 ⁴
1404 1845 1405 1854 ’

109 1955 111 1960 ’
169 1939 298 2018 quamvis
329 1933 389 1994 aliis
420 1944 522 2012 parcat
548 1931 598 2012 qui
649 1931 707 1993 rius
730 1933 923 2013 scripserant,
953 1933 1024 1992 non'
1048 1942 1144 1992 tamen
1175 1929 1291 2010 penitus

116 2039 117 2044 ¹
168 2034 272 2077 eorum
292 2009 423 2070 laborem
442 2009 578 2089 probare.
615 1954 685 2068 lion
698 2009 841 2088 exprimit,
860 2008 926 2069 illos
938 2009 975 2070 de
990 2007 1078 2068 rebus
1097 2029 1198 2087 parum
1210 2027 1295 2080 com2

60 2134 65 2146 i
167 2089 260 2172 pertis
279 2086 442 2178 scripsisse,
473 2085 523 2146 sed
555 2105 653 2144 rerum
677 2085 881 2145 certitudinem
906 2086 967 2165 sibi
986 2085 1136 2146 vindicans
1159 2082 1293 2142 modeste

169 2177 278 2228 certain
297 2162 360 2244 illis⁸
376 2173 405 2221 et
424 2160 574 2220 indubiam
593 2161 680 2221 fidem
700 2161 836 2243 derogat.¹
872 2161 904 2221 Si
924 2165 989 2242 quis
1010 2161 1139 2232 obiiciat,
1159 2157 1292 2236 debuisse

168 2242 267 2379 potius
287 2239 394 2300 acriter
413 2237 521 2312 invehi,
540 2237 565 2298 si
583 2236 731 2313 fallebant,
751 2240 856 2298 iterum
875 2238 1053 2318 respondeo,
1072 2237 1136 2296 fieri
1155 2246 1292 2314 possent

181 2320 272 2380 evitcr
291 2314 451 2397 peccarint,
468 2315 557 2394 idque
576 2313 795 2399 inconsiderato
815 2315 882 2406 zelo
899 2316 996 2395 potius
1017 2335 1103 2394 quam
1120 2311 1238 2384 malitia,
1258 2331 1293 2370 ac
1317 2333 1322 2350 i

91 2457 95 2466 q
168 2394 294 2478 proinde
314 2414 375 2452 non
396 2391 483 2452 luisse
502 2411 626 2466 causam,
647 2411 699 2450 cur
716 2390 918 2452 vehementius
937 2391 969 2451 in
990 2411 1041 2451 eos
1060 2390 1234 2470 insurgeret.
1253 2386 1292 2446 Et

170 2483 251 2532 certe
272 2468 412 2548 credibile
433 2479 490 2544 est,
521 2467 608 2528 fuisse
628 2468 770 2547 quaedam
795 2479 909 2528 tantuna
936 2466 1098 2548 praeludia,
1124 2484 1197 2544 quae
1220 2475 1292 2525 tunc

167 2569 232 2608 non
250 2557 406 2626 tantopere
426 2545 523 2619 noxia,
542 2544 598 2605 uisi
617 2557 729 2605 mature
747 2543 860 2620 obviam
880 2545 954 2606 itum
973 2555 1060 2619 esset,
1079 2541 1167 2601 fidem
1185 2539 1216 2598 in
1235 2560 1292 2620 po-

168 2636 279 2685 sterum
297 2623 412 2702 gravius
437 2620 611 2682 laesissent·
641 2621 799 2682 Caeterum
810 2640 812 2650 ’
823 2641 931 2701 operae
950 2620 1088 2701 'pretium
1112 2628 1156 2678 est
1179 2627 1295 2691 notare,

167 2697 276 2773 Deum,
296 2697 347 2775 qui
366 2696 520 2786 superfluis
538 2695 749 2776 scriptionibus
767 2699 929 2757 remedium
947 2696 1006 2757 boc
1024 2714 1079 2776 per
1089 2695 1198 2756 Lucam
1210 2691 1293 2756 adbi-

169 2773 251 2847 buit,
270 2770 434 2833 admirabili
458 2773 544 2832 etiarn
569 2771 692 2832 consilio
718 2772 837 2846 fecisse,
868 2769 901 2832 ut
926 2771 1128 2853 aliis'publico
1148 2790 1293 2831 consensu
1339 2833 1349 2854 ἱ

169 2848 327 2931 repudiatis
346 2847 434 2907 fideni
454 2846 641 2907 obtinuerint
659 2847 731 2908 istae
751 2847 840 2922 solae,
859 2849 889 2907 in
910 2849 1014 2928 quibus
1035 2848 1146 2929 liquido
1166 2845 1293 2928 refulget

169 2924 335 2988 ueneranda
361 2923 422 2982 eius
446 2923 590 2982 maiestas.
636 2921 706 2996 Quo
730 2923 824 2983 minus
847 2924 1008 2987 tolerabilis
1040 2937 1085 2985 est
1113 2943 1215 2998 eoruin
1239 2942 1289 2982 vc-

171 3003 287 3076 cordia,
316 3000 366 3081 qui
389 2999 503 3080 putidas
527 2997 637 3060 fabulas
660 2998 714 3060 sub
737 2999 893 3081 Nicodcmi
917 3001 964 3063 rel
993 3002 1150 3082 cuiuspiam
1175 2999 1292 3060 alterius

170 3077 257 3139 titulo
279 3099 356 3137 nunc
378 3075 444 3136 orbi
465 3075 637 3136 obtrudunt.
1152 3103 1154 3110 ¹
1278 3093 1284 3132 ῑ

179 3201 181 3206 .
230 3155 331 3213 Gestae
338 3150 628 3232 mmtirateroosfidci.
649 3153 1222 3235 Participium(nentqpoipopqpera),quo,
1233 3153 1290 3214 uti·

169 3242 219 3290 tur
229 3230 333 3305 Lucas,
351 3229 497 3314 significat
510 3249 555 3289 res
572 3229 667 3312 probe
681 3243 843 3312 compertas
864 3242 894 3292 et
905 3252 978 3311 quae
989 3232 1172 3296 dubitatione
1183 3241 1291 3290 carent.

169 3308 205 3366 In
229 3327 289 3386 quo
316 3326 378 3366 non
397 3307 487 3366 semel
508 3306 646 3386 deceptus
667 3307 724 3366 luit
741 3319 823 3369 vetus
848 3309 1009 3387 interpres,
1041 3309 1152 3388 basque
1177 3305 1292 3366 inscitia

169 3382 362 3463 pulcerrimos
382 3382 522 3461 quosdam
541 3383 625 3444 locos
638 3383 723 3444 nobis
743 3386 889 3466 corrupit:
910 3385 939 3444 in
951 3385 1056 3465 quibus
1073 3397 1121 3444 est
1140 3384 1188 3443 ille
1207 3381 1292 3442 ¹Pauli

170 3457 339 3539 (llum-'lb
359 3466 418 3534 5.),
447 3459 500 3518 ubi
524 3477 670 3540 quemque
694 3480 762 3521 suae
787 3461 893 3522 inentis
918 3473 1030 3522 certum
1051 3479 1113 3520 esse
1132 3460 1230 3530 iubet,
1253 3477 1293 3516 ne

168 3536 350 3596 conscientia
369 3534 492 3595 dubiiso
517 3535 664 3598 inionibus
684 3536 741 3598 bue
760 3536 830 3598 illuc
850 3538 956 3620 agitata
976 3539 1100 3597 fluctuet
1118 3559 1151 3597 ac
1167 3535 1291 3596 vacillet

169 3611 244 3671 lnde
263 3612 357 3672 etiam
384 3557 536 3674 descendit
562 3633 671 3673 nornen
691 3618 908 3706 ntqqopoptoecq
921 3629 1007 3692 'quain
1032 3611 1292 3706 malcbplenitudi-

120 3731 122 3744 .
169 3708 237 3748 uem
255 3692 358 3763 vertit,
383 3704 472 3767 quum
492 3679 574 3750 firma
593 3690 630 3749 sit
650 3709 684 3750 ex
702 3689 760 3749 fide
779 3709 945 3768 persuasio,
957 3691 997 3754 iu
1017 3711 1073 3769 qua
1093 3710 1158 3772 piae
1180 3696 1308 3748 mentes

167 3776 232 3824 tuto
250 3765 450 3844 acquiescunt
489 3764 598 3826 Subest
609 3779 706 3827 autern
725 3767 814 3832 tacita
824 3765 985 3840 antithesis,
1003 3778 1037 3843 ,ut
1049 3767 1202 3828 admonui:
1223 3764 1293 3844 quia

166 3841 222 3902 sibi
247 3841 298 3901 fidi
329 3842 409 3902 testis
430 3843 639 3904 ¹auctoritatem
662 3843 811 3905 vindicans
835 3841 923 3902 fidem
947 3841 1072 3924 abrogat
1096 3843 1159 3904 aliis
1180 3841 1293 3901 diversa

137 3918 356 3979 ‘tradentibus
394 3917 477 3976 Inter
501 3939 555 3977 nos
577 3920 749 3980 tantundem
768 3919 845 3980 valet
864 3929 951 3998 atque
970 3919 1053 3996 repud
1068 3942 1130 3980 nos.
1168 3918 1229 3978 Sed
1247 3917 1292 3976 ri-

165 3992 251 4054 detur
270 3995 358 4054 fidem
378 3995 408 4054 in
430 3995 580 4055 bominum
600 3997 695 4058 relatu
715 4017 816 4077 parum
828 3997 923 4057 solide
942 3995 1077 4073 fundare,
1098 3997 1222 4077 quaein
1242 4011 1293 4052 so-

164 4066 225 4130 lum
243 4071 301 4132 Dei
320 4071 633 4132 reminiscuntur
653 4072 771 4150 debeat,
793 4085 822 4133 et
842 4085 922 4133 certe
942 4073 1010 4132 fidei
1028 4079 1204 4148 πληροφορία
1223 4069 1294 4148 Spi-

164 4143 236 4204 ritus
256 4147 454 4241 obsignationi
473 4149 620 4208 tribuitur.
659 4149 849 4232 Respondeo,
868 4149 966 4224 fidem,
985 4149 1041 4210 nisi
1060 4147 1173 4230 priores
1193 4158 1292 4225 partes

162 4223 330 4285 teneatDei
350 4225 518 4301 auctoritas,
537 4223 623 4286 nullis
636 4227 754 4318 quidem
774 4227 926 4287 bominum
945 4225 1118 4286 testimoniis
1139 4223 1203 4283 lore
1217 4243 1292 4282 con-

161 4303 289 4358 tentam:
317 4301 369 4364 ubi
394 4313 492 4364 tamen
515 4314 672 4383 praecessit
696 4304 821 4364 interior
841 4301 971 4382 *Spiritus
999 4299 1201 4372 confirmatio,
1233 4297 1292 4358 illis

1172 4460 1200 4500 q.
