2824 4756
875 130 887 165 ,

321 299 323 306 Α
413 206 983 324 mmmfflffl.ff
1077 207 1202 315 ,a

59 377 110 477 qui
129 387 191 459 luit
213 371 412 465 Zorohahel,
429 388 484 473 qui
506 386 567 452 fuit
588 385 751 479 salathiel,
772 391 828 474 qui
852 387 911 480 fnit
931 389 1020 478 Neri,
1036 379 1087 456 28.x
1108 386 1178 476 Qui

57 493 113 556 luit
132 485 277 566 Melchi,
302 491 357 574 qui
378 489 437 554 fuit
458 487 560 564 addi,
578 475 642 572 f'qui
666 487 726 552 luit
750 477 884 572 Cosam,
908 495 963 576 qui
990 491 1049 556 luit
1070 489 1179 555 Elma«
1234 507 1242 524 ¹

58 591 143 668 darn,
172 591 230 676 qui
248 589 310 652 fuir
326 590 385 666 Er,
426 590 477 653 29.
505 589 576 674 Qui
595 588 661 652 fuir
676 589 766 667 lose,
795 591 850 674 qui
872 589 930 652 fuit
951 591 1093 668 Eliezer,
1119 592 1176 678 qui

57 689 322 776 luit-lorimsqui
344 690 403 754 fuit
424 685 576 774 Matthat,
591 691 653 776 ¹qui
675 688 735 753 luit
758 689 852 766 Levi,
893 689 943 755 30.
962 691 1028 774 Qui
1047 691 1105 756 tuit
1127 692 1176 756 si-

55 801 162 869 meon,
183 795 238 878 qui
252 778 318 854 'tuit
336 788 501 876 luda,zqui
523 789 582 854 luit
598 789 725 874 loseph,
747 793 801 875 qui
827 787 1019 865 fuitlonam,
1041 796 1094 875 qui
1115 793 1177 858 fuit

55 893 204 970 Eliacim,
245 889 384 976 313Qui
409 890 468 956 luit
481 888 602 966 Melea,
626 893 681 975 qui
702 889 762 954 suit
783 891 925 967 Mainnn,
949 893 1003 975 qui
1024 889 1177 957 fuit-Mat-

55 994 158 1070 tatha,
188 995 241 1078 qui
262 991 322 1056 fuit
343 989 488 1068 Nathan,
510 993 565 1078 qui
586 990 647 1054 suit
667 989 795 1070 David,
836 978 888 1066 32
913 989 980 1074 Qui
1002 987 1063 1056 fuit
1082 983 1177 1070 lesse,
1264 983 1270 1012 ⁸

56 1097 111 1180 qui
142 1093 203 1158 fuit
223 1088 341 1171 Ohed,
378 1085 438 1177 qui⁸
467 1089 526 1156 tuit
548 1091 648 1168 Boas,
681 1093 736 1177 qui
767 1089 827 1156 fuit
845 1077 996 1169 salmon,
1016 1093 1093 1176 ,qui
1119 1090 1180 1160 fuit
1293 1078 1295 1086 '

54 1193 212 1272 Naasson,
253 1195 306 1258 33.
332 1193 404 1278 Qui
430 1192 491 1256 luit
509 1188 708 1269 Aminadali,
739 1194 795 1277 qui
816 1192 877 1256 fuir
891 1194 1009 1267 Aram,
1044 1193 1100 1278 qui
1120 1191 1182 1256 tuit

53 1279 258 1382 Esrom‚¹qui
279 1293 493 1372 intentares,
520 1294 575 1378 qui
596 1289 656 1356 suit
676 1287 792 1370 Iudae,
832 1293 882 1357 34.
906 1291 972 1386 Qui
993 1291 1053 1358 fuit
1073 1289 1181 1371 iacob,

57 1397 108 1480 qui
128 1395 188 1460 tuit
212 1396 321 1476 Isaac,
352 1397 408 1482 qui
429 1395 490 1458 fuit
507 1391 673 1471 Abrahae,
706 1395 762 1478 qui
784 1391 843 1459 tuit
865 1393 1006 1473 Tharae,
1042 1393 1182 1480 quiluit

14 1537 16 1564 r
55 1495 194 1574 Nachor,
218 1495 272 1558 35.
295 1495 363 1580 Qui
384 1494 445 1558 fuit
465 1493 575 1577 sarug,
594 1496 649 1578 qui
671 1493 736 1576 tuit,
751 1495 870 1579 Ragau,
892 1498 948 1580 qui
968 1496 1029 1578 tuit
1050 1493 1181 1579 phaleg,

57 1599 107 1681 qui
127 1596 187 1660 fuit
207 1593 333 1673 Hcher,
354 1596 408 1681 qui
430 1595 490 1659 fuit
503 1591 618 1693 §alae
650 1593 703 1658 36.·
724 1593 792 1680 Qui
813 1577 1021 1675 fuitCainan,
1044 1599 1100 1683 qui
1118 1595 1181 1660 tuit

56 1694 238 1782 Arpharrid,
273 1694 416 1781 qui'luit
437 1695 528 1774 Sem,
562 1696 617 1780 qui
646 1695 705 1760 luit
726 1695 837 1774 Noae,
868 1687 924 1782 ipui
950 1696 1011 1772 luit
1030 1693 1183 1776 Lamech,

26 1873 31 1882 Γ
56 1797 102 1862 37.
123 1799 191 1884 Qui
214 1795 501 1880 funeraturam,
524 1799 579 1882 qui
600 1796 661 1861 fuit
681 1797 829 1871 Henoch,
853 1799 907 1884 qui
929 1795 1101 1876 fuitlared,
1122 1799 1181 1882 qui

57 1899 113 1962 luit
139 1895 355 1976 Mahalaleel,
384 1900 439 1984 qui
459 1898 523 1961 'suit
544 1896 688 1988 Caiuan,
731 1899 781 1963 38.
809 1897 877 1986 Qui
904 1897 964 1965 tuit
990 1885 1096 1978 Enos',
1123 1897 1180 1984 qui
1237 1891 1242 1898 ’

58 1981 769 2086 mmmmmmmmm
930 1991 934 1996 ’
1131 1997 1133 2000 ’

130 2147 282 2223 Quoniam
302 2147 339 2208 de
357 2147 402 2208 his
422 2146 533 2212 duabus
552 2139 744 2230 genealogiis,
765 2167 838 2228 quae
858 2167 873 2208 a
890 2147 1040 2212 hlatthaeo
1061 2160 1091 2208 et
1100 2147 1186 2212 Luca
1266 2150 1270 2156 ’

59 2221 217 2305 descriptae
237 2236 321 2297 sunt,
345 2245 406 2283 non
427 2223 566 2282 convenit
592 2224 670 2282 inter
690 2246 807 2300 omnes,
835 2223 929 2360 primo
949 2225 1105 2284 videndum
1126 2237 1192 2307 est,⁴

60 2301 242 2361 deducantne
261 2301 347 2360 ambo
362 2299 471 2360 Christi
491 2298 693 2390 genealogiam
714 2321 729 2360 a
749 2301 836 2379 Iosep
858 2322 921 2373 ,an
934 2320 1004 2361 vero
1017 2299 1181 2362 Matthaeus
1230 2311 1231 2316 ’

21 2423 22 2428 .
59 2387 181 2448 tantum,
201 2377 294 2435 Lucas
315 2389 385 2434 vero
407 2397 422 2432 a
442 2376 541 2434 Maria.
582 2373 643 2448 Qnr
664 2375 721 2436 hoc
742 2379 885 2456 posterius
904 2377 1044 2453 sentiunt,
1065 2375 1182 2455 specio·
1251 2406 1254 2412 ¹

58 2475 118 2512 sum
138 2451 250 2510 habent
270 2449 441 2509 discriminis
460 2462 639 2528 praetextum
660 2450 692 2510 in
713 2452 831 2511 diversis
852 2451 1030 2524 nominibus,
1051 2463 1081 2509 et
1101 2462 1182 2510 certe

14 2525 19 2544 '
59 2529 149 2608 prima
169 2526 268 2606 specie
288 2525 360 2584 nihil
378 2525 473 2584 minus
494 2526 622 2599 videtur,
668 2549 684 2582 u
751 2605 752 2608 Ἴ

59 2603 184 2676 narrari,
211 2621 299 2682 quum
325 2612 483 2680 tantopere
509 2601 604 2662 Lucas
623 2548 806 2661 alilatthaeo
828 2546 953 2662 distinet.
991 2603 1063 2662 Narn
1085 2625 1101 2662 a
1120 2548 1183 2664 ssass

59 2682 122 2738 vide
149 2676 299 2758 usquead
321 2675 475 2750 Salathiel,
503 2689 533 2736 et
557 2699 653 2739 rursus
680 2679 703 2737 a'
716 2671 876 2740 Secubahel
897 2699 988 2758 usque
1008 2680 1043 2739 ad
1062 2679 1185 2762 Ioseph,

60 2757 128 2816 alios
148 2775 275 2836 prorsus¹
289 2753 430 2821 nominat.
468 2753 584 2812 Deinde
605 2755 786 2830 obtendunt,
811 2755 966 2817 absurdum
992 2755 1077 2816 luisse
1097 2755 1127 2817 in
1149 2773 1186 2826 re*

61 2853 118 2891 non
139 2831 301 2892 necessaria
320 2843 432 2890 tantum
452 2851 564 2912 ponere
585 2832 705 2908 laboris,-
725 2843 758 2892 ut
798 2855 867 2896 enus
877 2833 996 2916 Ioseph,
1017 2834 1066 2912 qui
1083 2833 1182 2899 taineo
1200 2845 1212 2910 J
1267 2882 1273 2906 ,

61 2921 142 2988 pater
162 2909 272 2970 Christi
292 2929 353 2967 non
374 2919 452 2980 erat,
477 2907 521 2968 bis
542 2909 722 2970 recitaretur.
773 2853 940 2986 Caunum,
960 2911 987 2970 in
1013 2911 1110 2988 uiunt,
1129 2915 1184 2976 ista

64 2985 215 3065 repetitio,
236 2986 314 3044 unde
334 2984 407 3043 nihil
427 2985 583 3063 probatur,
609 2986 687 3065 quod
708 2987 790 3047 valde
810 2988 844 3046 ad
865 2987 932 3047 fidei
951 2931 1186 3068 aedificationem

62 3063 223 3139 pertineat?
246 3063 333 3140 ‚Nam
354 3063 377 3121 si
399 3061 455 3120 hoc
475 3073 589 3121 tantum
609 3065 808 3145 cognoscitur,
828 3065 936 3145 Ioseph
956 3087 1045 3124 unum
1067 3085 1128 3124 esse
1150 3086 1184 3128 ex

31 3187 36 3211 ,
83 3140 182 3200 osteris
203 3141 238 3197 et'
252 3139 360 3197 familia
380 3138 512 3212 Davidis,
533 3138 641 3200 Christi
661 3161 752 3222 genus
772 3142 884 3203 interea
903 3141 1034 3200 manebit
1053 3139 1184 3202 dubium.

14 3261 15 3288 ,
63 3159 139 3295 hrgo
172 3235 272 3274 eorum
304 3215 413 3294 indicio
444 3237 652 3294 supervacuum
679 3217 793 3290 luisset,
825 3219 898 3278 duos
922 3217 1120 3298 Evangelistas
1151 3219 1185 3278 in

66 3289 134 3370 hanc
158 3312 219 3350 rem
244 3290 427 3350 incumbere.'
463 3293 553 3368 Quod
580 3305 675 3358 autem
693 3294 859 3354 'Matthaeus
883 3293 1185 3376 pr9geniem‘10seph

14 3423 15 3426 ,
64 3371 250 3440 recensuerit,
269 3367 308 3427 ita
324 3379 469 3444 excusant,
492 3369 597 3429 sactum
612 3369 724 3430 scilicet
743 3371 829 3432 luisse
849 3371 1007 3430 multorum
1018 3391 1113 3444 causa,
1134 3371 1197 3452 qui'

67 3461 127 3502 eum
160 3443 271 3504 Christi
304 3464 366 3512 esse
397 3457 508 3522 patrem
534 3447 626 3506 adhuc
652 3445 858 3538 opinabantur.
908 3447 1000 3526 Atqui
1031 3447 1186 3508 ridiculum

66 3517 177 3596 luisset,
200 3523 256 3581 ista
276 3519 456 3601 indulgentia
477 3521 576 3582 lovere
596 3523 792 3602 perniciosum
814 3545 957 3584 errorem:
984 3534 1014 3583 et
1033 3538 1186 3585 contextus

66 3594 155 3672 palam
176 3611 330 3679 repugnat.
379 3599 452 3656 Nam
477 3598 594 3658 simulac
615 3612 733 3658 ventum
755 3612 798 3660 est
816 3599 851 3660 ad
872 3599 1062 3692 genealogiae
1086 3601 1186 3676 finem,

68 3669 149 3732 docet
160 3675 335 3747 Matthaeus,
355 3695 416 3732 non
437 3693 470 3732 ex
490 3677 597 3734 semine
610 3676 728 3755 loseph,
748 3677 797 3736 sed
818 3699 922 3737 arcana
934 3678 1058 3758 Spiritus
1078 3679 1186 3737 virtute

70 3747 210 3811 Christum
242 3752 273 3810 in
304 3763 388 3808 utero
422 3750 540 3832 virginis
572 3751 658 3812 luisse
691 3765 877 3834 conceptum.
921 3755 1022 3828 Quare
1047 3754 1070 3811 si
1096 3763 1200 3824 staret*

69 3843 164 3886 eorum
177 3829 270 3906 ratio,
290 3826 429 3886 stultitiae
449 3827 494 3886 vel
515 3827 723 3910 incogitantiae
744 3844 842 3920 posset
860 3832 941 3914 argui
960 3817 1191 3910 Mattlraeuf,·,1pt'

70 3901 116 3978 qui
136 3902 240 3964 lrustra
260 3905 375 3978 recitet,
394 3903 472 3962 unde
494 3906 636 3988 originem
658 3907 770 3966 duxerit
789 3907 905 3987 Ioseph.
925 3905 1034 3987 *Atqui
1055 3852 1188 3994 nonidalp

70 3974 222 4040 solutaest
242 3984 345 4056 eorum
366 3980 513 4053 obiectio,
541 3981 620 4060 quo'd
640 3985 796 4063 progenies
816 3983 925 4064 Ioseph
950 3981 1021 4042 nihil
1043 3981 1077 4040 ad
1099 3975 1189 4041 Clrrr-

70 4062 138 4112 stum
152 4057 304 4134 p'er'tineat.
321 4079 324 4086 ¹
344 4057 426 4120 Trita
442 4069 471 4115 et
482 4055 569 4138 vulgo
581 4069 651 4118 nota
664 4061 815 4141 responsio
827 4061 884 4134 est,
902 4061 930 4118 in
942 4079 1068 4138 persona
1080 4055 1188 4136 Ioseph

70 4131 274 4210 comprehendi
294 4132 381 4194 etiam
401 4133 511 4192 Mariae
531 4155 640 4216 genus,
659 4138 725 4215 quia
745 4134 797 4197 lert
811 4135 932 4206 iubebat
950 4153 1190 4212 unumquemque
1249 4163 1258 4178 =

14 4229 15 4232 ¹
72 4221 169 4266 exsua
188 4209 268 4268 tribu
293 4230 412 4269 uxorem
432 4209 549 4272 ducere,
588 4209 752 4304 'Excipiunt
775 4211 818 4272 illi
843 4222 960 4286 contra,
980 4209 1089 4290 *legem
1113 4209 1191 4288 hane

73 4282 202 4344 omnihus
223 4285 285 4344 lere
305 4286 426 4346 saeculis
446 4286 610 4366 neglectam
631 4287 728 4364 luisse,
748 4289 799 4348 scd
820 4297 1001 4368 argumenta,
1022 4286 1125 4366 quibus
1145 4287 1192 4348 ni·

14 4361 15 4420 l
72 4361 395 4438 truttenhusium.
418 4363 538 4427 'Citaut
557 4363 719 4452 exemplum
739 4365 823 4442 illud,
842 4363 922 4447 quod
942 4360 1078 4430 undecim
1098 4363 1194 4432 trihu

144 4509 151 4560 l

688 2548 731 2585 arn
752 2527 875 2606 genealo
899 2527 924 2584 ia
942 2547 1000 2585 una
1022 2526 1122 2596 eadem
1145 2545 1185 2612 ue
1286 2536 1288 2541 '
1397 2501 1398 2568 i
