2808 4748
7 204 20 352 l
178 234 182 239 ⁴
474 277 603 340 Onatro
623 291 658 339 ιιι
678 291 802 340 moure.
1138 279 1213 388 ¹⁵⁹2

76 485 78 492 ,
144 423 315 489 Mattb'43.
354 419 471 500 Diliges
483 421 661 498 proemium
677 431 769 484 mam,
802 422 911 483 Mirum
931 433 984 498 est,
1003 437 1041 484 en
1061 421 1196 484 absurdi-

7 533 9 544 ι
70 501 138 562 tatis
159 500 293 582 delapsos
317 499 407 562 fnisse
429 498 553 572 scribas,
577 511 610 558 ut
628 501 765 574 manieti
786 518 897 562 nomen
920 500 1133 584 restringerent
1156 502 1195 570 ad

70 577 249 638 benevolos:
274 597 363 657 quum
389 573 464 636 nihil
483 575 587 636 clarius
611 575 649 636 sit
668 597 723 636 uec
743 575 866 650 certius,
892 595 977 653 quam
994 576 1091 638 Deum
1111 599 1196 640 coms·

92 653 159 714 lecti
179 665 276 732 totum
297 653 453 713 humanum
472 671 582 734 genus,
606 673 695 732 quum
706 652 753 712 ·de
772 651 909 745 proximis
929 653 1034 713 nostris
1053 654 1194 734 loquitur.

70 675 145 790 Ram
166 731 233 810 quia
252 730 309 790 sthi
330 730 452 810 quisque
472 729 602 790 addictus
620 739 681 802 est,
696 737 811 808 quoties
831 727 902 794 alios
918 725 959 816 ab
980 727 1040 791 aliis
1058 745 1195 812 separant

69 809 181 900 privata
200 827 250 868 sua
268 805 433 881 commoda,
453 805 597 866 deseritur
615 817 715 866 mutua
729 805 969 876 communicatio,
988 826 1073 883 quam
1093 821 1196 871 natura

68 904 131 964 apsa
151 885 251 943 dictata
276 883 368 944 =Deus
388 902 461 965 ergo
480 893 515 942 ut
532 901 587 944 nos
606 882 637 941 in
657 883 790 942 fraterno
815 881 922 942 amoris
947 881 1099 958 complexu
1124 885 1195 946 reti*

69 972 155 1036 neat,
175 960 356 1042 propinquos
377 979 440 1020 esse
459 969 581 1019 testatur
600 959 768 1038 quicunque
791 970 861 1020 sunt
880 957 1029 1030 homines,
1054 960 1120 1036 quia
1145 977 1197 1034 eos

69 1036 157 1097 nobis
178 1036 316 1096 conciliat
335 1037 497 1097 communis
517 1045 633 1096 natura:
659 1037 776 1115 quoties
801 1034 879 1094 enim
904 1033 1053 1094 bominem
1078 1035 1198 1114 aspicio,

70 1113 137 1192 quia
156 1134 189 1174 os
208 1133 305 1172 meum
326 1123 356 1171 et
376 1133 445 1173 caro
466 1131 530 1170 mea
553 1122 607 1187 est,
626 1131 673 1170 me
694 1113 787 1192 ipsum
808 1109 889 1190 quasi
901 1110 931 1168 in
946 1110 1067 1190 speculo
1082 1111 1198 1174 intuear

69 1209 188 1250 necesse
209 1201 262 1250 est.
303 1188 449 1280 Quamvis
471 1200 569 1248 autem
592 1187 686 1248 maior
715 1206 781 1269 pars
807 1199 840 1246 ut
868 1186 1030 1268 plurimum
1056 1208 1072 1247 a
1096 1201 1198 1249 sancta

68 1267 209 1326 societate
237 1263 373 1339 dissiliat,
402 1285 464 1325 non
491 1262 619 1326 violatur
647 1275 745 1324 umen
770 1285 872 1324 eorum
905 1265 1044 1343 pravitate
1075 1275 1199 1326 naturae

38 1334 43 1354 ¹
69 1342 157 1418 ordo,
177 1343 245 1422 qnia
265 1342 441 1422 spectandus
462 1353 506 1401 est
518 1339 599 1400 Deus
620 1341 836 1401 coniunctionis
856 1351 969 1402 auctor.
1006 1341 1094 1404 Unde
1114 1341 1199 1404 collis
1222 1394 1223 1403 ,

67 1419 178 1499 gimus,
203 1417 344 1500 generale
370 1435 432 1477 csse
450 1427 639 1498 praeceptum
657 1417 761 1498 Legis,
791 1438 850 1496 quo
879 1415 1015 1476 iubemur
1033 1418 1198 1496 proximum

68 1496 203 1576 diligere.
242 1493 364 1554 Scribae
383 1513 470 1570 vero,
495 1514 584 1573 quum
610 1493 859 1574 propinquitatem
884 1508 918 1554 ex
942 1494 1081 1574 cuiusque
1100 1495 1198 1558 animo
1245 1517 1247 1524 ⁴

67 1577 272 1644 aestimarent,
302 1581 454 1651 negarunt,
473 1569 598 1650 proximi
623 1570 691 1650 loco
716 1569 897 1644 babendum,
927 1570 982 1630 nisi
1007 1571 1058 1650 qui
1083 1571 1123 1632 ob
1148 1593 1199 1634 sua

67 1647 173 1707 merita
192 1665 298 1706 amore.
314 1645 342 1706 di
385 1668 419 1708 us
439 1658 529 1721 esset,
553 1646 600 1707 vel
619 1645 722 1718 saltem
742 1646 793 1726 qui
812 1647 935 1709 vicissim
953 1647 1149 1728 responderet
1167 1649 1198 1712 io

8 1791 9 1794 Ἴ
68 1723 171 1793 nlficio
196 1723 290 1784 amici.
365 1723 548 1803 ecquidem
573 1723 723 1804 praecipit
740 1724 902 1784 eommunis
926 1742 1042 1800 sensus,
1070 1724 1199 1806 ideoque
1228 1722 1232 1734 ‘

7 1811 9 1820 “
68 1801 146 1860 lilios
166 1799 445 1880 saeculi‘nnnquam
466 1800 571 1882 puduit
589 1821 640 1862 sue
660 1800 733 1860 odia·
752 1800 1047 1882 profiteri,qu0runa
1071 1801 1107 1862 ati
1131 1823 1198 1880 uam

67 1878 215 1936 rationem
234 1877 342 1938 iactare
367 1888 514 1956 poterant.
554 1876 667 1942 Caritas
692 1888 804 1951 autem,
830 1888 915 1957 qoam
939 1877 1020 1958 Lege
1043 1897 1094 1940 sua
1149 1896 1199 1940 eus
1247 1892 1252 1902 ‘

69 1954 272 2028 commendat,
289 1974 353 2014 uon
371 1953 492 2034 respicit
516 1953 585 2032 quid
626 1955 728 2033 uisque
752 1955 873 2016 meritus
893 1953 945 2030 sit,
969 1954 1021 2016 sed
1040 1975 1072 2017 se
1096 1956 1134 2016 ad
1148 1957 1200 2016 iu,

7 2049 8 2054 ¹
69 2030 186 2112 dignos,
206 2050 362 2109 perversos
382 2043 411 2091 et
430 2031 561 2114 ingratos
581 1976 729 2092 dllsundit.
767 2032 878 2092 Verum
892 2027 970 2094 bunc
990 2043 1021 2092 et
1039 2033 1201 2114 genuinum

7 2159 11 2168 ,
67 2107 331 2181 ιιιιιιιιιιιιιῑίιιιὶι
351 2103 502 2180 Christus,
525 2117 556 2166 et
574 2128 590 2167 a
610 2107 753 2168 calumnia
771 2109 913 2168 vindicat:
942 2109 1021 2166 unde
1041 2109 1128 2170 etiam
1146 2131 1201 2190 ap·
1241 2178 1247 2186 ,

67 2193 155 2263 paret
173 2182 253 2261 quod
273 2184 354 2263 prius
374 2183 442 2257 diri,
462 2183 611 2245 Christum
632 2203 693 2242 non
714 2185 792 2244 serre
811 2205 901 2244 novas
919 2184 1015 2267 leges,
1035 2185 1086 2246 sed
1105 2187 1201 2248 corri-

67 2279 140 2340 gere
173 2280 260 2395 prfava
290 2259 452 2320 scribarum
483 2269 666 2334 commenta,
703 2259 810 2340 quibus
841 2261 939 2344 vitiata
967 2261 1056 2343 Legis
1088 2262 1201 2327 divinae

89 2337 179 2396 unitas
213 2345 306 2394 uerat.
640 2373 642 2378 κ
1086 2387 1089 2398 .
1135 2347 1154 2369 ·’
1193 2383 1196 2386 .

67 2357 86 2414 p
145 2415 193 2472 44.
231 2409 356 2486 Diligite
371 2412 512 2470 isriaaicos.
552 2411 618 2470 Hoc
638 2431 729 2470 unum
746 2423 833 2490 caput
851 2405 934 2470 in'se
954 2411 1090 2472 continet
1107 2425 1202 2478 totam

7 2519 20 2536 »
65 2509 100 2548 su
125 2487 251 2545 eriorem
272 2485 449 2546 doctrinam:
472 2505 538 2544 nam
560 2485 623 2565 quis
645 2487 688 2547 uis
707 2497 810 2560 osores
829 2505 896 2546 suos
909 2505 1004 2547 amare
1021 2487 1202 2552 inanimum

66 2508 228 2638 induxerit,
246 2563 334 2622 facile
352 2562 408 2622 sibi
426 2562 603 2654 temperabit
622 2583 637 2622 a
673 2563 904 2639 omnivindicta,
926 2561 1069 2624 malorum
1088 2565 1203 2645 patiens

68 2639 144 2714 erit,
177 2639 212 2698 ad
238 2641 361 2700 miseros
386 2659 458 2700 vero
486 2639 626 2700 curandos
650 2639 743 2700 multo
770 2640 861 2722 magis
971 2661 1065 2702 ensus.
1103 2643 1201 2708 Porro

8 2757 9 2760 ι
58 2709 206 2780 ‘Christus
232 2717 262 2778 in
289 2735 399 2776 summa
425 2715 570 2776 rationem
594 2729 624 2776 et
648 2717 768 2776 modum
793 2661 1031 2778 ostendllfflluius
1052 2719 1202 2812 praecepti

7 2863 9 2870 Ι
43 2793 229 2886 ¹implendi,
258 2793 364 2875 Dilige
382 2794 546 2875 proximum
573 2805 672 2869 tuum,
700 2795 824 2854 sicutte
845 2793 947 2874 ipsum.
986 2795 1092 2876 Neque
1122 2815 1201 2857 eorm

7 2879 10 2950 l
69 2871 139 2930 burc
160 2882 319 2950 praecepto
345 2891 474 2950 unquam
498 2871 673 2945 satisfaciet,
705 2871 761 2932 nisi
785 2870 836 2950 qui
858 2871 994 2932 abdicato
1022 2872 1068 2932 sui
1090 2879 1202 2952 amore,
1287 2902 1293 2928 r
1396 2921 1397 2940 ,

67 2950 115 3007 vel
135 2947 237 3028 potius
255 2965 287 3006 se
306 2947 470 3030 abnegato,
489 2949 563 3008 tanti
582 2949 671 3010 faciet
690 2948 824 3009 homines
836 2947 900 3020 sibi
919 2949 1054 3010 divinitus
1073 2950 1201 3012 coniun-
1233 2959 1236 2972 '

67 3036 144 3102 ctos,
167 3034 201 3083 ut
219 3043 271 3085 eos
291 3045 410 3104 quoque
429 3045 525 3086 amare
544 3037 659 3108 perget,
671 3035 694 3086 'a
714 3022 825 3104 quibus
839 3025 909 3084 odio
929 3024 1066 3086 babetur.
1103 3024 1202 3088 Diseiss

68 3115 132 3162 snus
153 3111 251 3160 autem
273 3123 306 3160 es
327 3102 368 3162 bis
387 3102 494 3174 verbis,
514 3123 601 3180 quam
619 3103 731 3162 alienos
752 3121 814 3162 esse
826 3101 929 3162 deceat
945 3102 1045 3163 fideles
1064 3101 1100 3164 ab
1116 3106 1200 3166 amnt
1260 3116 1264 3126 ’

68 3178 217 3251 uindicta,
241 3199 326 3257 quam
348 3192 409 3238 non
429 3179 519 3238 ruodo
540 3178 737 3258 probibentur
757 3199 773 3238 a
792 3178 860 3238 Deo
902 3190 999 3255 etere,
1017 3181 1072 3257 sed
1092 3182 1133 3242 ita
1152 3202 1201 3240 re-

67 3256 190 3316 mittere
216 3266 246 3314 et
270 3255 301 3314 in
320 3265 418 3320 totum
437 3254 538 3314 delere
558 3255 728 3330 exanimis,
753 3267 785 3315 ut
805 3200 938 3316 hostibus
958 3257 1016 3316 suis
1036 3255 1114 3338 bene
1133 3279 1203 3338 pre-

67 3344 192 3392 centur,
223 3329 342 3391 Interea
361 3341 424 3391 nort
445 3330 581 3392 desinunt
599 3352 680 3392 suam
700 3353 813 3393 causam
832 3331 900 3394 Deo
921 3335 1120 3409 committere,
1146 3334 1203 3396 do-

67 3428 124 3468 nec
144 3407 290 3468 ultionem
316 3419 410 3468 sumat
430 3407 466 3468 de
485 3409 637 3488 reprobis:
668 3411 791 3489 cupiunt
810 3408 904 3484 enim,
927 3410 1024 3490 quoad
1043 3410 1076 3470 in
1096 3431 1127 3474 se
1147 3423 1203 3488 est,

68 3485 163 3546 malos
188 3487 284 3544 redire
304 3485 341 3544 ad
364 3500 461 3544 sanam
480 3497 626 3560 mentem,
651 3507 688 3545 ne
714 3497 857 3566 pereant,
877 3497 964 3566 atque
983 3487 1023 3549 ita
1041 3487 1202 3551 consulunt

67 3580 176 3622 eorum
200 3563 294 3622 saluti.
339 3562 406 3622 Hoc
431 3573 529 3620 tamen
555 3563 660 3623 solatio
684 3583 748 3622 suas
774 3583 877 3622 omnes
904 3563 1053 3626 molestias
1076 3565 1202 3636 leniunt,

67 3639 150 3717 quod
172 3659 233 3699 nou
260 3638 409 3713 dubitant,
439 3638 537 3698 Deum
562 3638 727 3700 obstinatae
750 3638 878 3701 malitiae
904 3640 970 3702 sore
987 3641 1140 3713 ultorem,
1169 3651 1202 3700 ut

67 3715 123 3774 sibi
143 3716 279 3776 innoxios
300 3735 386 3776 curae
410 3713 498 3775 luisse
526 3715 661 3775 declaret.
700 3717 753 3774 Est
773 3715 892 3794 quidem
918 3715 974 3778 boc
995 3737 1133 3796 perquem
1153 3738 1200 3775 ar-

67 3792 171 3867 duum,
191 3805 221 3853 et
241 3794 335 3854 carnis
353 3791 476 3875 ingenio
495 3813 615 3876 prorsus
634 3793 797 3866 adversum,
808 3791 922 3852 bonum
933 3793 1009 3854 malo
1022 3793 1199 3872 rependere:

7 3933 9 3948 s
67 3869 119 3928 sed
139 3868 262 3928 minime
280 3870 447 3962 quaerenda
467 3881 512 3929 est
531 3889 565 3928 ex
583 3869 658 3932 vitiis
678 3869 785 3930 nostris
805 3880 836 3928 et
855 3869 1021 3931 infirmitate
1040 3868 1200 3944 excusatio,

7 3949 9 3960 ¹
69 3945 140 4024 quin
161 3944 259 4026 potius
279 3947 452 4040 srmpliciter
476 3947 675 4024 quaerendum
699 3956 757 4018 est,
784 3946 852 4025 quid
877 3947 972 4028 exigat
997 3944 1044 4005 lex
1065 3944 1201 4020 caritatis,

68 4034 102 4081 ut
121 4023 244 4082 coelesti
265 4023 390 4103 Spiritus
410 4023 517 4084 virtute
538 4023 606 4083 lreti
625 4023 764 4083 luctando
788 4043 979 4102 superemus,
998 4021 1135 4101 quicquid
1157 4021 1200 4080 as-

69 4098 202 4162 secenum
220 4100 252 4159 in
271 4098 357 4160 nobis
378 4100 556 4160 contrarium
577 4113 629 4160 est.
667 4101 749 4164 llaec
770 4099 888 4180 quidem
908 4099 1057 4158 monachis
1076 4111 1106 4157 et
1119 4098 1200 4158 simi-

69 4173 147 4234 libus
168 4175 277 4237 rabulis
296 4198 380 4237 causa
401 4177 471 4251 suit,
498 4188 532 4236 ut
554 4177 702 4261 fingerent
728 4175 800 4237 baec
820 4177 907 4236 luisse
929 4175 1041 4235 Christi
1065 4175 1199 4248 consilia,

70 4271 134 4308 non
155 4266 324 4334 praecepta,
352 4254 431 4334 quod
452 4253 601 4314 bominum
621 4254 731 4322 viribus
751 4253 966 4326 metiebantur,
991 4252 1061 4330 quid
1082 4252 1149 4312 Deo
1170 4263 1200 4312 et

69 4327 147 4406 Legi
167 4329 176 4384 i
197 4331 254 4389 sius
273 4331 417 4392 debeant».
440 4331 563 4390 Interim
574 4352 645 4398 vero
657 4351 718 4391 non
731 4331 840 4410 puduit*
854 4327 1015 4388 monachos
1036 4329 1198 4410 perlectio-

69 4423 139 4460 nem
160 4351 214 4464 slli
234 4428 382 4490 arrogare,
402 4407 481 4488 quod
500 4409 645 4473 servandis
665 4408 796 4472 consiliis
816 4403 894 4468 ultro
911 4405 1199 4492 serobstringerent:
1283 4421 1286 4426 '
