2824 4756
497 175 563 250 (lh.¹
579 171 734 236 Somnium
753 175 896 256 losephi.)
1225 179 1264 244 55

113 316 299 380 hebra-icum*
317 313 490 408 simpliciter
501 314 634 377 Puellam
653 328 752 380 notet:
771 338 884 400 nosque
902 315 1093 396 subsannant,
1113 317 1164 398 qui
1182 337 1257 386 soce

111 415 282 476 perperam
301 391 416 453 reddita
435 391 551 473 decepti
570 391 733 470 credamus,
753 413 787 453 ex
806 393 919 474 Spiritu
937 407 1039 457 sancto
1060 406 1162 456 natum
1182 411 1255 474 esse,
1280 413 1283 420 ·

112 491 212 552 quem
234 469 386 550 Propheta
409 479 521 530 tantum
547 468 620 530 dicit
642 468 709 530 fore
732 469 848 550 puellae
872 470 971 531 filium.
1009 471 1103 557 Atqui
1127 472 1255 554 primum

17 548 21 561 '
110 548 249 611 nimiam
272 545 382 622 risendi
408 544 558 606 libidinem
581 547 612 605 in
638 566 675 607 eo
700 546 849 627 produnt,
880 546 954 606 dum¹
971 565 1080 610 nomen
1101 549 1137 610 de
1155 548 1255 642 puella

110 625 184 696 viro
199 624 321 705 cognita
332 615 555 706 intelligendum
571 635 695 706 urgent,
712 622 793 704 quod
809 621 916 704 passim
928 623 1089 705 virginibus
1102 625 1254 706 Scriptura

110 700 244 762 tribuit.
287 699 436 762 Convenit
465 699 553 760 etiarn
578 699 772 781 etymologia:
794 705 874 758 'nam
904 697 1128 762 absconsionem
1156 714 1253 780 sonat,

14 835 16 856 ,
113 799 178 856 qua
199 787 323 852 3313133
341 775 487 858 virginalis
506 775 612 857 pudor.
654 775 768 837 Locum
794 789 887 835 unum
910 774 1059 836 adducunt
1078 797 1111 838 ex
1150 798 1252 839 rover-

113 855 244 926 hiorum
264 875 326 932 cap·
344 857 397 926 30,
417 856 480 929 19,
514 852 565 932 qui
591 864 690 914 133133
715 852 788 912 nihil
813 851 872 912 illis
898 851 1082 934 suffragatur.
1123 799 1188 916 lllic
1215 856 1252 916 de

114 928 230 1010 puella,
252 950 335 1009 quam
355 928 526 991 adolescens
547 929 673 1010 deperit,
691 929 824 1010 loquitur
845 927 982 989 Salomo:
1001 929 1082 1064 attpui
1101 949 1161 991 non
1180 951 1252 1010 pro·

112 1009 197 1066 tinus
220 1007 368 1086 sequitur,
388 1018 556 1086 corruptam
577 1026 640 1066 esse
659 1006 741 1067 cuius
761 1005 861 1068 313333
880 1005 965 1065 ardet
984 1005 1040 1073 ado
1054 1024 1167 1066 esrem:
1191 997 1259 1068 imo'

110 1083 291 1156 coniectura
316 1083 348 1142 in
369 1083 510 1144 diversam
535 1094 650 1162 partem
668 1083 760 1166 magis
779 1093 857 1144 esset
874 1080 1048 1164 probabilis.
1085 1079 1201 1141 Deinde
1219 1091 1254 1144 31

109 1160 149 1220 de
170 1158 299 1220 nomine
319 1160 480 1242 concedam
500 1159 581 1237 quod
607 1158 773 1252 postulant,
796 1178 844 1220 res
866 1170 966 1236 tannen
986 1157 1095 1219 evincit
1115 1178 1148 1218 ac
1166 1157 1253 1219 fateri

108 1258 147 1298 co
173 1237 215 1311 it,
243 1236 284 1298 dc
304 1247 390 1317 partu
409 1235 537 1300 mirabili
557 1248 587 1296 et
605 1235 726 1297 insolito
746 1236 776 1297 lo
799 1236 829 1294 31
848 1235 1039 1316 Prophetam.
1078 1233 1202 1316 Signum
1222 1254 1253 1296 se
1355 1287 1359 1298 .

14 1363 15 1378 .
107 1255 291 1373 assomino
312 1312 421 1373 afferre
441 1311 560 1373 clamat:
591 1331 689 1391 neque
708 1313 738 1373 id
756 1257 892 1446 vulfara,
921 1311 973 1376 sed
993 1310 1074 1390 quod
1093 1310 1254 1391 praecellat

107 1390 175 1450 aliis
200 1389 354 1450 omnihus.
392 1389 425 1448 Si
444 1397 558 1448 tantum
577 1389 736 1469 parituram
755 1412 804 1449 mu
817 1385 1053 1464 rerem'diceret,
1073 1407 1162 1467 quant
1180 1386 1253 1448 ridi·

106 1467 176 1544 cula
203 1465 312 1527 fuisset
331 1464 487 1547 magnifica
511 1465 560 1526 1113
583 1461 746 1545 praefatio?
784 1465 941 1542 Videmus,
966 1475 1000 1524 ut
1023 1485 1074 1525 sua
1095 1465 1252 1545 *protervia

105 1543 225 1620 Iudaei
240 1563 306 1602 non
326 1562 357 1602 se
376 1541 484 1618 modo,
513 1541 564 1604 sed
583 1541 751 1603 veneranda
769 1541 827 1603 Dei
851 1542 988 1622 mysteria
1012 1539 1140 1602 ludibrio
1162 1561 1252 1622 crpo-

106 1632 193 1687 3331
235 1620 304 1680 Ν33
323 1618 411 1679 13333
430 1639 462 1678 33
483 1629 636 1682 umentum
649 1618 765 1680 ducitur
785 1639 819 1678 ex
837 1629 904 1680 toto
924 1629 1073 1692 contextu,
1093 1617 1253 1699 Concipiet
1294 1617 1298 1625 ¹

106 1695 221 1777 puella.
265 1695 329 1756 Cur
353 1695 432 1756 nulla
456 1639 490 1756 ft
507 1695 561 1757 viri
579 1693 713 1757 mentio?
739 1695 850 1776 aliquid
869 1690 992 1756 niinirne
1011 1694 1147 1754 usitatum
1167 1714 1252 1755 com·
1309 1725 1321 1749 ·
1397 1751 1398 1754 ,

106 1773 236 1839 meudat
255 1771 417 1853 Propheta.
460 1771 631 1834 Mandatum
652 1771 758 1833 deinde
778 1771 894 1854 puellae
913 1770 1077 1866 iniungitur
1095 1771 1131 1831 de
1151 1771 1249 1832 nomi·
1343 1842 1347 1850 .

33 1879 38 1890 ·
107 1843 213 1910 uandd
235 1869 348 1930 puero:
375 1871 431 1930 qua
457 1850 544 1910 etiam
570 1849 603 1908 in
626 1861 711 1930 parte
730 1849 838 1931 aliquid
852 1847 1119 1918 extraordinarium
1139 1847 1258 1908 indicat

107 1927 279 2006 Propheta.
322 1925 399 1986 Nam
419 1927 473 1988 etsi
496 1925 671 2064 plerumque
694 1927 788 1987 refert
812 1926 980 2007 Scriptura,
1005 1924 1142 2005 imposita
1161 1923 1253 1986 luisse

130 2004 212 2076 ueris
233 2003 357 2064 nonnius
376 2024 393 2062 a
411 2007 498 2064 matri
521 2025 570 2080 us,
598 2003 687 2063 fiebat
710 2016 808 2066 tamen
827 2003 858 2064 id
878 2024 912 2063 ex
931 2014 1048 2083 patrum
1066 2001 1250 2062 auctoritate.
1343 2049 1346 2058 .

56 2095 57 2098 ’
107 2025 269 2160 Propheta
296 2100 368 2162 ergo
394 2100 560 2146 sermonem
579 2078 615 2138 ad
635 2079 763 2161 puellam
783 2079 912 2162 dirigens
931 2079 1000 2141 viris
1026 2079 1062 2138 iu.
1077 2076 1135 2138 hoc
1154 2097 1249 2157 puero
1282 2093 1300 2115 ¹·

76 2159 78 2162 ’
109 2156 228 2231 adimit,
248 2156 388 2236 quicq'uid
408 2155 479 2216 iuris
498 2155 555 2215 illis
569 2154 666 2215 defert
685 2156 759 2216 ordo
780 2169 910 2217 naturae.
950 2156 1070 2216 Maneat
1085 2173 1157 2238 ergo
1177 2153 1249 2214 illud

109 2233 213 2307 fixum,
234 2230 347 2293 laudari
366 2228 481 2312 insigne
496 2231 561 2291 'Dei
579 2229 750 2292 miraculum
770 2253 787 2292 a
805 2229 966 2312 Propheta,
986 2230 1068 2322 quod
1086 2239 1199 2290 attente
1219 2241 1250 2290 et

108 2319 289 2371 reverenter
307 2309 348 2390 pii
368 2328 471 2370 omnes
489 2307 691 2368 considerent:
711 2307 793 2387 quod
812 2307 915 2369 ludaei
936 2307 1060 2388 indigne
1088 2301 1248 2384 profanant

14 2393 15 2424 l
109 2385 148 2476 ad
174 2385 331 2518 vulgprem
355 2394 531 2464 conceptum
563 2384 790 2460 transferentes,
820 2382 901 2464 quod
926 2384 963 2442 dc
994 2399 1099 2443 arcana
1123 2381 1249 2463 Spiritus

127 2482 156 2519 rr
172 2472 224 2518 ute
337 2481 361 2518 r.
721 2499 726 2508 .
852 2493 857 2500 -
1104 2477 1108 2484 ·

107 2483 126 2524 v
158 2471 171 2520 t
190 2541 241 2600 23.
265 2473 395 2610 lcllldmcn
413 2525 474 2606 eius
490 2533 662 2596 Immcmual.
700 2523 787 2595 Solet
804 2533 921 2614 quidem
932 2532 998 2594 Scri
1020 2542 1084 2594 tura
1095 2531 1138 2592 sic
1156 2531 1250 2612 loqui,

107 2610 300 2674 Deum‘esse
320 2611 492 2688 nobiscum,
516 2612 567 2671 uhi
593 2610 698 2671 auxilio
723 2631 776 2672 suo
797 2611 937 2702 etxgratia
957 2553 1060 2670 nohis‘
1064 2609 1160 2684 adest,
1185 2630 1248 2670 ma·

110 2695 230 2770 nusque
251 2711 320 2762 suae
339 2690 477 2752 virtutem
498 2679 533 2750 ad
554 2711 609 2750 nos
628 2688 755 2770 tuendos
776 2699 889 2752 essent.
929 2685 989 2748 Sed
1010 2685 1057 2748 hic
1078 2686 1249 2766 exprimitur

108 2769 236 2844 modus,
264 2788 323 2860 quo
344 2766 425 2826 Deus
446 2787 512 2827 eum
531 2765 700 2826 hominihus
721 2764 924 2826 communicat.
963 2764 1038 2824 Nam
1059 2769 1137 2822 extra
1159 2761 1247 2824 Chri-

14 2855 16 2876 '
110 2855 190 2906 stum
211 2845 249 2904 ab
273 2865 338 2926 apso
358 2864 456 2904 sumus
476 2843 610 2904 alienati:
638 2862 692 2923 per
713 2841 863 2907 Christum
882 2861 953 2902 vero
973 2861 1036 2902 non
1056 2840 1151 2902 solum
1171 2840 1247 2900 reci-

112 2921 212 2999 pimur
231 2922 262 2981 in
283 2922 344 2982 eius
386 2915 497 2997 3311331,
516 2919 568 2980 sed
587 2941 677 2978 unum
698 2940 764 2979 cum
781 2939 822 2988 ‚eo
843 2919 995 2980 efficimur.
1036 2915 1128 2991 Quod
1147 2927 1246 2978 autem

100 2999 203 3058 docet
223 2998 329 3058 Paulus
348 2941 388 3078 (1
411 2997 486 3073 h2,
505 3003 552 3063 17.
571 2996 660 3056 Dent.
678 3001 708 3072 6,
727 2997 894 3073 12-15·),
920 2994 1046 3055 Iudaeos
1066 2993 1154 3054 fuisse
1173 3012 1247 3072 pro·
1342 3019 1344 3029 ·

111 3075 243 3154 pinquos
262 3075 330 3135 Deo
350 3019 409 3134 suff
423 3075 516 3167 Lege,
536 3073 624 3150 fuisse
644 3093 715 3144 vero
735 3071 778 3132 illi
797 3070 922 3153 capitale
942 3093 1008 3131 cum
1028 3069 1166 3152 gentihus
1186 3068 1245 3129 dis·
1353 3139 1358 3146 .

113 3150 232 3228 sidium,
253 3173 315 3211 non
335 3151 414 3212 aliud
434 3151 489 3212 siln
507 3149 581 3225 vult,
600 3171 686 3230 quam
703 3149 801 3210 Deum
820 3160 892 3210 tunc
911 3147 942 3206 in
957 3145 1073 3207 'umbris
1093 3158 1124 3206 31
1137 3145 1244 3227 liguris

115 3227 228 3290 dedisse
240 3227 431 3310 'praesentiae
449 3248 517 3288 suae
537 3228 619 3309 signa
637 3247 676 3306 po
694 3227 763 3302 ulo,
786 3247 873 3304 quem
893 3223 950 3286 ado
974 3233 1091 3284 taverat.
1117 3221 1246 3304 Vigehat

115 3305 193 3363 enim
213 3305 264 3364 illa
283 3303 455 3385 promissio,
474 3303 554 3363 Deus
574 3303 606 3362 iu
625 3247 724 3362 medio
744 3299 803 3362 tul:
833 3303 920 3374 item,
975 3321 1026 3360 333
1045 3300 1161 3380 requies
1175 3300 1259 3358 mea'

113 3379 218 3512 {Deut
237 3388 268 3455 7,
287 3387 333 3448 21.
353 3380 429 3441 Psal.
448 3385 515 3453 132,
534 3383 602 3458 lh).
642 3379 702 3439 Sed
718 3400 807 3459 quum
826 3377 972 3440 familiaris
988 3375 1039 3436 illa
1058 3373 1246 3457 populicum

145 3477 181 3518 eo
194 3458 368 3522 coniunctio
388 3455 580 3516 aMediatore
599 3457 753 3538 penderet,
773 3456 853 3538 quod
872 3475 905 3518 re
924 3454 986 3534 ipsa
1005 3453 1136 3514 nondum
1157 3451 1245 3532 plene
1297 3498 1302 3505 ,

116 3533 254 3611 exstabat,
272 3533 413 3616 symbolis
432 3531 634 3594 adumbratum
655 3532 719 3591 fuit.
736 3587 744 3591 .
759 3531 932 3592 Sedeseius
952 3529 1182 3608 331133313111333Λ
1197 3527 1243 3586 lo·

116 3621 198 3679 catur
215 3613 297 3671 inter
316 3609 493 3690 Cherubim,
513 3610 650 3688 quoniam
671 3629 737 3668 arca
756 3607 870 3692 glorIae
890 3608 951 3668 eius
970 3607 1062 3690 figura
1083 3616 1114 3664 et
1132 3602 1244 3663 visibile

117 3685 220 3766 pignus
241 3700 313 3752 erat.
352 3687 413 3746 Sed
432 3689 462 3746 iu
484 3686 603 3746 Christo
623 3685 733 3761 solida,
758 3707 821 3745 non
847 3684 971 3776 amplius
995 3679 1158 3743 umhratilis
1183 3679 1243 3738 Dei

111 3765 280 3848 praeseutia
291 3764 401 3844 populo
413 3763 538 3822 exhibita
552 3761 616 3820 luit.
647 3761 716 3836 Qua
728 3763 841 3822 ratione
854 3761 927 3821 dicat
938 3759 1045 3820 Paulus
1057 3751 1137 3832 (Col.
1149 3759 1178 3830 2,
1190 3757 1244 3830 lh),

64 3910 67 3919 Ι
116 3857 147 3894 sn
167 3859 203 3899 eo
223 3841 355 3901 hahitare
369 3859 487 3898 omnem
497 3838 622 3898 Deitatis
641 3837 853 3920 plenitudinem
874 3835 1077 3916 corporaliter.
1115 3831 1156 3888 Et
1174 3848 1265 3916 sane,

116 3931 177 3974 non
189 3915 274 3977 aliter
294 3917 440 4000 legitimus
451 3928 528 3976 esset
537 3915 692 3988 Mediator,
711 3915 767 3975 nisi
787 3914 935 3976 individua
954 3912 1107 3988 utriusque
1122 3917 1243 3966 naturae
1269 3974 1276 3984 1
1296 3953 1300 3965 ,

117 3986 148 4048 13
166 3990 231 4072 ipso
252 3993 395 4054 connexio
419 3991 639 4054 hominesDeo
665 3989 848 4073 adiungeret.
891 3991 997 4068 Neque
1023 3980 1167 4063 estquod
1187 3982 1243 4074 ob·
1303 4049 1305 4054 ¹
1397 4007 1398 4010 ¹

119 4075 252 4146 strepant
267 4070 380 4144 Iudaei,
401 4067 553 4129 transferri
572 4066 734 4148 saepeDei
751 4087 863 4129 nomen
882 4066 919 4126 ad
939 4085 974 4123 ea
992 4068 1193 4133 monumenta,
1212 4078 1244 4118 rn
1267 4079 1268 4082 ¹

14 4167 15 4170 ¹
47 4207 50 4220 Α
119 4142 223 4222 quihus
242 4167 274 4206 se
297 4146 433 4207 fidelibus
453 4145 553 4205 adesse
571 4155 692 4208 testatus
712 4155 765 4204 est.
808 4141 919 4223 Negari
943 4138 1021 4200 enim
1046 4158 1108 4198 non
1127 4144 1243 4229 potest,

14 4269 15 4272 ,
121 4218 190 4292 quin
209 4221 267 4284 hoc
286 4243 396 4282 nomen
416 4223 532 4283 tacitam
552 4219 584 4280 in
604 4239 635 4280 se
655 4220 812 4282 antithesin
825 4214 1145 4294 contiueat,'quae1)es
1159 4232 1244 4294 prae-

14 4331 30 4337 =-
121 4297 241 4359 sentiam
259 4300 289 4360 iu
301 4299 419 4362 Christo
440 4297 595 4360 exhibitam
609 4309 759 4376 comparat
772 4302 915 4356 cumtoto
932 4291 1113 4374 praesentiae
1124 4309 1246 4376 genere,
1397 4315 1398 4372 1

1000 4493 1004 4522 1

697 4555 711 4586 N
