2824 4756
58 4003 60 4011 ’
162 4011 239 4058 esset
263 3997 349 4058 unius
370 3996 481 4061 Christi
505 3999 615 4084 fulgor.
656 4001 730 4062 Luc.
768 4003 879 4066 Panes

171 189 212 254 so
340 179 492 274 SECTlO
512 181 565 242 tv.
603 145 679 242 tuso
698 191 887 272 sternutus
900 193 942 240 uu
962 193 1139 242 rrursmo.

173 327 261 388 mltto
280 323 366 389 vobis
377 322 470 386 Eliam
482 322 669 408 prophetam,
678 334 836 404 antequam
847 315 948 384 veniat
961 321 1022 386 dies
1032 321 1155 384 Domini
1169 309 1307 406 magnus.

173 406 269 478 Item,
288 419 359 464 cece
377 401 463 462 mitto
488 401 625 462 nuntium
649 419 764 476 meum,
789 400 839 480 qui
857 397 997 482 purgabit
1014 399 1098 462 viam
1114 419 1213 460 coram
1239 419 1306 459 me:

173 491 246 550 tunc
265 479 365 540 veniet
383 477 419 538 ad
436 477 581 559 templum
604 497 688 538 suum
714 477 895 552 dominator,
921 495 1009 568 quem
1035 475 1182 556 quaeritis.
1222 475 1307 551 Quia

172 568 301 635 utroque
319 554 389 617 loco
408 553 515 616 melior
525 552 676 616 Ecclesiae
695 553 828 614 conditio
845 552 1039 633 promittitur,
1058 574 1143 633 quarn
1156 551 1307 634 snbLege

172 631 287 706 fuerat,
331 631 416 693 rocul
443 630 535 693 dubio
555 642 671 692 monus
691 631 770 690 Evan
795 629 845 690 elii
863 640 992 696 neurus
1029 629 1122 710 Atqui
1146 631 1305 710 antequam

84 759 87 774 .
172 708 299 793 prodeat
347 707 462 769 ominus
482 706 519 768 ad
538 705 745 769 restituendam
792 703 939 779 eclesiam,
962 717 1102 768 venturus
1121 706 1230 770 dicitur
1249 726 1306 786 ap·
1401 775 1402 780 ἵ

172 785 288 870 paritor
305 783 353 848 rel
371 805 496 865 praeco,
519 784 570 866 qui
590 802 657 844 eum
676 781 776 844 adesse
795 783 977 863 pronuntiet.
1012 782 1107 842 Unde
1124 777 1305 863 colligimus,-
1401 795 1402 848 l

35 879 60 926 ’,
172 862 246 924 abro
269 861 399 922 ationem
416 861 504 942 Legis
524 871 555 920 et
572 858 687 920 initium
707 859 860 941 Evangelii
900 859 1001 950 roprie
1018 859 1105 919 statui
1130 858 1162 920 in
1180 859 1305 919 Ioannis
1401 855 1402 878 ¹

170 880 402 1022 praedieatione.
441 939 599 1000 Caeterum
619 957 708 1016 quum
731 933 859 998 Ioannes
878 879 1028 996 hhnstnm
1053 955 1141 1002 carne
1164 933 1304 994 indutum
1367 937 1370 950 ’

173 1015 374 1094 φιιιιιιειιάιι,
394 1025 425 1076 et
442 1013 574 1074 nativitas
594 1013 655 1074 eius
670 1023 705 1072 ,et
722 1023 786 1074 tota
799 1011 987 1075 exhibitionis
1003 1011 1125 1081 historia
1138 1011 1192 1076 sub
1202 1011 1317 1074 Evam.

162 1085 252 1175 'gello
272 1091 450 1152 continetur.
488 1088 549 1149 Sed
569 1088 617 1150 bic
642 1099 748 1152 uectat
765 1089 899 1166 Marcus,
924 1086 1043 1170 quando
1069 1089 1203 1168 eoeperit
1226 1109 1303 1172 pro-

170 1166 299 1252 mulgari
321 1165 523 1248 Evangelium.
567 1165 670 1242 Quare
693 1187 755 1227 non
779 1176 891 1227 temere
915 1187 931 1227 a
956 1163 1070 1225 l'oaurm
1094 1165 1225 1240 orditur,
1249 1164 1303 1248 qui
1374 1195 1379 1198 ·

112 1279 118 1288 ,
150 1314 154 1322 ¹
193 1245 283 1307 rimus
301 1242 427 1309 fuiteius
445 1241 587 1303 minister.
623 1240 723 1323 Atque
742 1242 800 1304 boc
815 1240 941 1307 consilio
952 1241 1046 1304 voluit
1056 1239 1191 1305 eoelestis
1200 1241 1302 1318 Pater,

101 1348 103 1352 ·
169 1266 242 1386 hilii
259 1322 304 1384 sui
322 1320 410 1380 vitam
427 1318 547 1380 silentio
567 1320 650 1401 quasi
668 1319 908 1413 sepultam'esae,
932 1318 1028 1380 donee
1051 1315 1169 1383 advenit
1225 1337 1303 1380 cuae
1401 1351 1402 1378 l

168 1395 358 1464 revelationis
376 1404 501 1476 tempus.
532 1391 638 1477 Neque
658 1416 736 1458 enrm
754 1395 817 1460 sine
830 1394 980 1462 cennDei
992 1393 1179 1476 providentia
1202 1405 1300 1456 actum

168 1485 225 1552 est,
242 1485 278 1536 ut
295 1481 481 1554 praetereant
498 1472 827 1556 Evangelistaetotum'
838 1471 911 1533 illud
929 1476 1055 1552 tempus,
1074 1471 1154 1550 quod
1166 1470 1301 1534 Cbristus
1383 1527 1387 1536 .

170 1550 252 1614 domi
270 1548 398 1630 privatus
413 1551 574 1634 transegit,
602 1561 633 1611 et
658 1571 674 1612 a
715 1551 788 1611 rima
806 1550 870 1611 eius
888 1547 1011 1610 infantia
1034 1567 1103 1608 mox
1128 1547 1166 1608 ad
1188 1569 1299 1624 annum

167 1625 347 1691 tricesimum
364 1635 527 1703 uenerant,
546 1647 606 1765 quo
625 1571 744 1708 publiea
754 1645 890 1764 penora
908 1625 1029 1689 indutus
1045 1623 1228 1706 Redemptor
1245 1645 1300 1706 pa,

140 1701 152 1715 ⁵
167 1703 226 1766 lam
246 1700 391 1763 exhibitus
410 1713 456 1764 est
473 1725 543 1764 mun
566 1725 596 1780 o,
607 1704 673 1764 ¹uisi
691 1724 750 1784 quo
790 1703 885 1766 Lucas
903 1701 1052 1783 specimen
1071 1722 1162 1763 unum
1178 1701 1299 1764 'suturae

168 1779 231 1844 eius
250 1778 413 1840 vocationis
439 1779 518 1842 circa
541 1779 650 1841 annium
676 1780 881 1840 duodecimum
907 1777 1038 1844 breviter
1062 1773 1195 1865 attingit.
1228 1778 1297 1842 Hoc
1401 1839 1402 1848 .

168 1854 288 1938 quidem
307 1853 344 1916 ad
363 1875 426 1916 rem
444 1856 566 1917 maxime
584 1856 771 1938 pertinebat,
785 1856 870 1928 seire,
890 1853 1040 1916 Christum
1058 1855 1154 1935 primo
1171 1874 1236 1916 esse
1245 1875 1296 1918 ve-

64 1953 66 1960 ’
167 1954 234 1996 rum
258 1919 426 2007 hominem',
458 1932 565 1994 deinde
588 1932 727 1994 Abrabae
750 1944 782 1994 et
805 1929 928 1992 Davidis
951 1929 1059 1992 hlium:
1096 1930 1127 1992 id
1150 1931 1309 1992 Dominus*
1401 1973 1402 1998 2

166 2019 306 2090 testatum
325 2007 412 2070 nobis
432 2027 495 2070 esse
513 2008 617 2076 voluit
655 2009 720 2072 Reli
743 2030 790 2085 ua,
807 2027 887 2090 quae
904 2007 941 2068 de
959 2007 1137 2101 pastoribus,
1154 2007 1231 2068 ma'
1265 2020 1296 2070 et

142 2111 151 2120 ¹·
167 2086 311 2149 Simeone
340 2084 508 2162 babuimus,
539 2085 576 2148 ad
606 2029 789 2167 probandam
820 2084 882 2146 eius
911 2082 1092 2147 divinitatem
1115 2028 1295 2167 spectffunt.

168 2161 262 2239 Quod
280 2181 352 2224 vero
373 2161 411 2222 de
429 2163 544 2224 Ioanne
564 2163 675 2224 eteius
694 2176 779 2244 patre
789 2159 926 2224 Zacharia
939 2161 1067 2221 narrarit
1076 2159 1180 2236 Lucas,
1199 2174 1201 2180 '
1240 2161 1294 2223 od-

167 2239 233 2304 dam
252 2238 405 2320 Evangelii
427 2239 612 2321 praeludium
633 2239 703 2314 tuit.
742 2239 778 2300 Iu
803 2238 901 2301 verbis
924 2236 1083 2300 Malachiae
1107 2237 1181 2298 nibil
1226 2238 1294 2300 abet

165 2314 286 2379 absurdi
314 2333 459 2396 personae
488 2320 628 2378 mutatio:
652 2316 700 2408 ‘sie
728 2314 806 2398 apud
838 2314 1012 2397 prophetam
1041 2313 1124 2376 Deus
1155 2315 1294 2395 loquitur,
1401 2357 1402 2386 ,

95 2391 98 2396 ’
163 2393 256 2458 Mitto
268 2390 416 2475 Angelum
432 2412 545 2470 meum,
564 2394 615 2476 qni
632 2413 708 2457 viam
747 2391 842 2458 arabit
860 2410 960 2452 coram
977 2409 1036 2450 me.
1073 2390 1224 2458 AMareu
1241 2413 1293 2454 au·
1401 2391 1402 2448 l

163 2481 227 2532 tem
245 2469 336 2532 Pater
354 2467 462 2536 Elium
482 2469 662 2554 compellans
681 2413 838 2531 indiscitur.
876 2467 936 2532 Sed
955 2467 1086 2530 videmus
1099 2467 1201 2536 Marco
1220 2469 1294 2530 nihil

140 2588 142 2598 ·
164 2545 245 2609 aliud
265 2545 353 2606 luisse
372 2549 557 2629 propositum
590 2565 676 2628 quam
695 2558 729 2608 ut
746 2543 909 2628 prophetae
928 2555 1057 2605 mentem
1077 2543 1180 2611 clarius
1200 2546 1293 2628 expri-
1399 2579 1400 2582 ¹

163 2633 269 2685 meret.
309 2622 437 2682 Nomine
467 2623 537 2684 Filii
560 2591 621 2686 bei
653 2623 803 2687 Christum
827 2622 950 2704 insignit
972 2621 1102 2697 Marcus,
1135 2641 1222 2703 quem
1244 2623 1292 2688 atti

163 2701 246 2766 Evan
270 2696 369 2758 elistae
388 2699 488 2758 testati
505 2710 575 2759 sunt
593 2720 627 2760 ex
645 2700 757 2771 semine
771 2697 908 2762 Abrabae
920 2697 1080 2759 etDavidis
1100 2717 1163 2760 esse
1181 2711 1292 2776 natum,

165 2787 200 2836 ut
318 2792 438 2853 quoque
456 2769 581 2834 insusse
599 2788 684 2837 esset.
723 2775 784 2838 Sed
803 2774 950 2855 siguificat
966 2774 1096 2854 Marcus,
1113 2775 1291 2859 redemptio-

163 2871 234 2912 nem
252 2870 315 2910 non
335 2847 391 2920 nisi
409 2869 426 2909 a
445 2849 523 2911 Filio
543 2851 602 2910 Dei
620 2852 709 2916 fuisse
727 2852 910 2934 sperandam.
970 2901 977 2910 .

169 2978 171 2988 ,
260 2923 366 2986 Mattb.
394 2931 421 2992 1.
464 2925 505 2986 Ias
532 2925 632 2988 diebus
663 2929 752 2994 illis.
781 2927 854 3002 Luc.
879 2932 907 2993 1.
954 2926 1048 2998 Anno
1077 2925 1290 3011 nemausam

163 3004 209 3066 Ex
231 3001 384 3070 Matthaeo
410 3015 442 3064 et
466 3004 570 3065 Marco
593 3025 656 3067 non
680 3015 801 3087 poterat
824 3003 894 3066 colli
916 3003 942 3080 i,
971 3017 1065 3086 quoto
1096 3008 1199 3078 aetatis
1222 3031 1290 3074 suae
1351 3021 1359 3040 ¹

164 3100 245 3151 anno
275 3077 422 3160 coepisset
446 3080 581 3162 loannes
605 3079 638 3141 in
665 3080 816 3164 publicum
841 3022 978 3164 prodire:
1007 3082 1102 3144 Lucas
1129 3103 1200 3144 vero
1225 3087 1290 3150 satis

84 3162 86 3178 ¹
163 3154 310 3230 ostendit,
339 3155 462 3239 triginta
487 3177 635 3234 annorum
659 3157 707 3223 vel
730 3158 847 3220 circiter
869 3169 940 3222 tuuc
971 3157 1068 3222 luisse.
1114 3159 1312 3234 Quindecim

162 3233 248 3323 annis
267 3243 336 3292 ante
355 3244 483 3323 mortem
502 3233 629 3320 Augusti
648 3247 750 3299 natum
773 3235 876 3310 fuisse,
898 3255 959 3298 unu
985 3235 1057 3296 fere
1073 3257 1227 3314 consensu.
1240 3261 1289 3301 ve-

161 3320 235 3372 tusti
258 3307 407 3369 Ecclesiae
427 3311 485 3375 scri
507 3325 587 3376 tores
612 3311 743 3374 tradunt.
784 3311 945 3378 Successor
967 3310 1103 3378 Tiberius
1126 3312 1185 3374 iam
1209 3317 1294 3384 annis,

161 3377 331 3524 qpindecim
349 3384 467 3470 imperii
503 3389 602 3464 omani
621 3390 733 3472 potitus
752 3401 833 3464 erat,
851 3411 942 3469 quum
960 3389 1038 3450 idem
1057 3389 1186 3452 Ioannes
1205 3413 1290 3472 prae·
1322 3392 1326 3400 '

73 3511 77 3526 ι
184 3463 262 3523 ’care
281 3461 390 3596 eoqpit.
428 3463 594 3528 Conficitur
619 3487 691 3550 ergo
717 3465 791 3528 illud
814 3466 894 3546 quod
920 3467 977 3528 dixi
1000 3464 1128 3550 triginta.
1146 3488 1288 3530 annorum
1401 3497 1402 3530 ;

160 3549 287 3620 tempus.
356 3537 415 3598 nde
434 3542 522 3602 etiam
541 3543 688 3624 sequitur,
707 3563 769 3620 nop
790 3542 840 3604 diu
859 3541 994 3609 functum
1012 3561 1073 3602 esse
1093 3543 1223 3606 doctoris
1242 3546 1288 3606 oi·
1314 3543 1316 3551 ’
1401 3535 1402 3564 ³

162 3615 243 3690 ticio,
261 3614 314 3676 sed
333 3613 415 3675 brevi
428 3616 548 3678 Christo
569 3619 702 3680 cessisse:
722 3619 789 3712 quia
831 3618 904 3692 aulo
918 3633 986 3702 post
1004 3619 1182 3696 videbimus,
1202 3620 1287 3684 ctri-

162 3705 241 3758 stum
253 3691 341 3753 etiam
352 3707 430 3752 anno
451 3695 554 3756 aetatis
563 3711 633 3756 suae
643 3696 791 3757 tricesrmo
807 3640 895 3758 inisse
908 3696 1096 3780 baptizatum.
1115 3697 1208 3837 Atqui
1218 3712 1287 3760 tunc

163 3767 202 3836 ad
220 3759 425 3832 munus'suum
440 3772 641 3856 peragendum
660 3772 790 3836 initiatus
809 3772 874 3844 fuit.
914 3773 1016 3848 Quum
1039 3785 1137 3834 autem
1186 3773 1290 3838 hristus.

60 3855 63 3876 ¹
162 3843 219 3909 Sol
237 3845 365 3906 iustitiae
377 3845 617 3910 loannemsuum
637 3847 802 3925 luciferum,
820 3849 1028 3928 velauroram
1042 3869 1110 3912 mox
1128 3851 1288 3932 subsequa,
1401 3859 1402 3862 ’

161 3921 276 3998 tussit,
294 3940 357 3983 nou
375 3921 482 3982 mirum
502 3937 562 4000 est,
580 3925 725 3985 Ioannem
744 3927 904 4002 evanuisse,
923 3946 1049 4065 qquoma
1073 3927 1095 3988 's
1113 3929 1287 4066 qonspicuus
1401 3965 1402 3972 ι

161 4069 240 4163 hunc
258 4073 420 4166 seeundum
443 4097 553 4141 annum
572 4078 661 4140 fuisse
680 4078 781 4150 Pilati:
808 4101 843 4140 ex
861 4100 927 4162 quo
941 4047 1020 4143 enim
1039 4005 1183 4145 Tihhridsl
1195 4082 1287 4164 impe,

161 4167 238 4212 uum
258 4163 446 4232 arripuerat,¹
460 4167 562 4218 narrat
579 4152 723 4247 Iosephus
742 4157 820 4232 libro
841 4163 887 4223 18.
930 4155 1165 4237 Antiquitatum,
1188 4160 1224 4219 ab
1238 4177 1285 4232 ¹eo

81 4247 87 4259 ¹
161 4232 293 4311 creatum
324 4247 387 4292 esse
417 4231 543 4298 Iudaeae
566 4232 729 4320 praesidem
754 4232 904 4297 Valerium
929 4230 1055 4296 Gratum
1080 4245 1110 4306 et
1133 4229 1291 4308 suffectum

160 4295 262 4367 hono
289 4299 378 4368 Rufo.
416 4307 522 4388 Potuit
550 4309 745 4382 auternhaee
769 4309 942 4397 subrogatio
966 4310 1097 4392 incidere
1123 4311 1154 4374 in
1180 4331 1286 4408 etheus

790 4588 796 4618 l

1236 4017 1288 4082 est,
