2786 4742
189 253 250 320 2oe
403 243 555 312 stctto
573 245 627 310 tx„
653 235 882 312 'mennam
899 250 1091 316 Eranoem

190 395 288 470 8,ss
306 401 337 453 et
353 397 404 467 et,
422 395 474 470 1.).
521 391 584 453 tam
612 412 685 454 sero
703 392 804 455 Iudaei
831 369 1049 476 aBabylouico
1077 391 1174 452 exsilio
1202 395 1307 454 reversi

189 467 349 562 spnedriou
369 469 545 546 babuerunt,
561 469 643 550 quod
663 483 802 552 corrupte
819 469 956 530 smmis
971 481 1121 545 vocamnt,
1140 489 1174 529 ex
1192 480 1305 550 septua-

189 557 273 628 genta
292 546 408 608 duobus
426 546 584 608 Iudicibus.
634 547 677 606 Ut
696 559 793 606 autem
812 547 877 607 fieri
894 547 971 608 solet
993 548 1025 606 in
1043 546 1148 606 talibus
1171 548 1305 619 numeris,

189 643 281 702 quum
300 623 337 684 de
355 623 495 704 synedrio
513 642 610 684 sermo
635 634 712 696 erat,
741 635 855 684 tautum
879 623 1016 684 dicebaut
1033 625 1214 704 septuaginta
1231 623 1305 681 iudi-

189 717 253 760 ces:
278 710 366 778 atque
386 718 439 760 eos
459 719 493 760 ex
510 697 635 779 posteris
653 698 770 762 Daridis
795 699 882 760 luisse
906 701 1017 761 electos
1042 701 1123 758 testis
1149 711 1194 758 est
1210 697 1305 774 Philo,

189 785 226 834 ut
244 787 373 856 potestas
392 776 487 866 aliqua
506 786 637 834 maneret
655 776 686 835 iu
705 776 903 868 regia-,stirpe
942 777 1043 864 Quare
1083 775 1230 835 ostracias
1250 774 1305 868 cla-

188 850 1307 1019 lt:¹altat”ttttfftgtltfgtltltle„ttttat‘ff‘lt'l‘ltt

189 1003 301 1096 rpditus
314 1025 329 1064 e
340 951 494 1086 Babylone
514 1001 694 1096 praeludium
704 1025 789 1064 verae
810 1016 841 1064 et
859 1005 967 1066 solidae
986 1006 1194 1095 redemptionis
1205 1002 1307 1094 fugerat,
1369 1061 1370 1066 ,

187 1080 307 1142 vrdetur
324 1100 403 1140 nunc
422 1093 522 1160 septus
558 1092 608 1140 nta
628 1081 767 1142 adventus
786 1081 832 1142 sui
849 1101 1010 1162 praecones
1028 1081 1137 1162 elrgere
1154 1080 1307 1155 Domrnus,
1368 1097 1370 1104 ’

189 1167 226 1218 ut
242 1157 484 1218 instaurationem
497 1177 533 1217 co
546 1157 617 1238 lapsi
635 1168 724 1218 status
743 1158 910 1238 promittats
930 1157 998 1238 quia
1016 1167 1114 1217 tamen
1132 1157 1307 1217 revocandus

189 1245 254 1294 crat
271 1233 398 1314 populus
416 1234 453 1294 ad
472 1234 590 1294 unicum
610 1245 713 1316 eaput,
743 1255 805 1295 non
826 1234 977 1295 constituit
994 1233 1110 1294 Iudices
1135 1255 1202 1293 cum
1246 1245 1307 1292 ote·

188 1321 276 1387 state,
294 1309 346 1371 sed
364 1321 478 1370 tautum
497 1310 611 1392 praeire
629 1310 730 1386 iubet,
748 1323 783 1370 ut
800 1309 864 1406 ipsc
882 1311 962 1371 solus
980 1310 1114 1369 emineat
1152 1255 1244 1384 Quod
1264 1309 1308 1368 bi-

188 1405 247 1448 nus
272 1387 366 1462 misit,
398 1387 430 1447 in
453 1407 491 1448 eo
514 1385 631 1448 videtur
659 1387 833 1450 infirmitatis
863 1405 965 1448 eorum
988 1386 1087 1447 babitu
1112 1384 1201 1445 luisse
1225 1387 1307 1446 ratio.

189 1462 372 1532 Timeudum
390 1475 468 1540 erat,
492 1483 531 1524 ue
549 1463 658 1545 singuli
675 1465 770 1524 minus
789 1463 932 1526 baberent
951 1463 1065 1539 cordis,
1086 1483 1172 1542 quam
1192 1481 1309 1523 necesse

63 1597 68 1606 .
187 1537 271 1603 toret
290 1540 326 1600 ad
351 1561 456 1605 munus
480 1561 564 1602 suum
587 1553 707 1601 strenue
732 1540 962 1624 exsequendum:
993 1559 1066 1622 ergo
1096 1551 1130 1599 ut
1159 1537 1210 1600 alii
1237 1539 1308 1600 alios

188 1627 295 1680 mutuo
315 1618 455 1693 animent,
473 1614 537 1680 bini
555 1617 720 1678 mittuntur.
1122 1669 1129 1682 .

265 1699 294 1756 2
338 1693 448 1754 Massia
477 1691 592 1773 pridem
618 1693 718 1752 multu.
764 1693 850 1754 Hanc
876 1693 1049 1754 sententiam
1080 1693 1199 1773 exposui
1229 1713 1307 1753 nono

186 1768 329 1830 Matthaei
349 1770 460 1848 capite:
488 1771 595 1830 iterum
613 1781 713 1832 tamen
732 1767 781 1830 bic
805 1770 895 1832 inseri
914 1770 1062 1862 oportuit,
1092 1769 1231 1850 quoniam
1255 1769 1309 1830 alia
1368 1763 1370 1792 ¹

188 1843 347 1905 occasione
377 1844 513 1905 refertur.
561 1843 637 1904 Nam
666 1865 727 1925 quo
752 1845 856 1908 melius
876 1846 1032 1927 discipulos
1057 1866 1125 1908 suos
1150 1845 1309 1906 exstimulet

188 1917 339 1994 Christus,
370 1931 403 1978 ut
433 1919 669 2002 oper-ignaviter
691 1921 878 1998 incumbant,
909 1923 1080 2004 pronuntiat
1103 1921 1222 1982 multam
1248 1942 1307 1982 esse
1368 1969 1370 2002 Ξ

187 2012 327 2058 messem:
355 1994 435 2056 unde
453 1995 601 2076 sequitur,
632 1997 764 2076 ipsorum
784 1996 917 2058 laborem
937 2019 998 2059 non
1018 1999 1083 2058 iore
1102 1999 1231 2071 irritum,
1258 1998 1306 2058 sed

187 2071 311 2132 uberem
330 2071 482 2150 proiectus
493 2072 653 2148 materiam,
671 2075 702 2133 in
713 2094 770 2154 qua
782 2093 813 2135 se
825 2087 990 2147 exerceant,
1001 2087 1185 2154 'reperturos
1205 2075 1306 2134 Postea

188 2150 226 2209 de
244 2147 399 2229 periculis,
424 2148 631 2213 certaminibus
651 2170 684 2212 ac
704 2151 844 2212 molestiis
864 2172 915 2212 eos
935 2152 1088 2222 admonet,
1109 2164 1139 2210 et
1158 2152 1239 2214 iubet
1256 2173 1303 2211 ac·
1369 2139 1370 2204 ἶ

187 2225 303 2286 cinctos
323 2224 377 2300 ire,
398 2237 432 2285 ut
448 2223 585 2286 celeriter
603 2238 696 2286 totam
708 2227 842 2288 Iudaeam
886 2240 1049 2289 ercurraut:
1071 2227 1197 2310 denique
1210 2227 1305 2292 eadem
1369 2287 1370 2290 ,

187 2301 325 2362 niandata
349 2303 474 2383 repetit,
504 2323 577 2384 quae
609 2301 730 2364 dederat
752 2251 912 2385 Apostolis.
962 2305 1035 2364 Ideo
1064 2304 1188 2364 lectores
1212 2303 1305 2365 multis
1369 2309 1370 2331 ¹

187 2379 285 2441 serbis
304 2378 352 2440 bic
371 2400 503 2440 onerare·
522 2401 731 2461 supervacuum
755 2381 849 2455 foret,
878 2402 968 2461 quum
993 2381 1074 2441 illinc
1098 2393 1200 2460 petere
1223 2381 1305 2441 liceat

186 2453 306 2538 plenam
327 2459 457 2518 omnium
477 2477 510 2518 ex
532 2458 705 2532 ositionem,
734 2457 789 2518 nisi
808 2458 900 2537 quod⁴
919 2456 1047 2518 breviter
1073 2457 1213 2518 monendi
1231 2468 1304 2530 suut,

188 2533 262 2612 quid
281 2531 337 2596 sibi
355 2534 426 2597 velit
443 2535 498 2594 ista
512 2479 663 2614 loquutio,
680 2537 820 2593 emnirrerrs
836 2537 869 2592 r'rr
885 2537 933 2592 eia
949 2533 1147 2594 salutaveritis.
1185 2533 1239 2594 Est
1256 2553 1304 2613 au-

90 2609 98 2632 ¹
187 2619 250 2669 tem
266 2630 395 2671 summae
415 2609 609 2670 festinationis
627 2609 781 2686 indicium,
795 2609 856 2684 ubi,
876 2611 899 2670 si
938 2611 980 2670 tris
999 2611 1030 2670 in
1049 2611 1154 2670 itinere
1166 2621 1305 2683 occurrat,

187 2684 266 2746 ultra
285 2687 444 2822 pergimus,
465 2705 521 2746 nec
541 2705 607 2746 eum
626 2685 811 2764 alloquimur,
830 2687 881 2767 qui
897 2631 944 2746 vll
961 2685 1109 2746 tantillum
1127 2687 1235 2747 morari
1252 2707 1304 2746 nos

188 2773 298 2844 posset.
361 2762 387 2822 ic
399 2762 520 2844 11.1teg.
530 2769 561 2835 4,
572 2767 619 2828 29.
631 2759 774 2838 Elisaeus,
793 2765 861 2824 dum
881 2783 1003 2844 puerum
1023 2783 1105 2824 suum
1125 2764 1160 2823 ad
1173 2763 1304 2822 Sunami-

187 2837 280 2897 tidem
297 2838 448 2914 mittebat,
466 2839 564 2898 vetuit
582 2857 620 2896 ue
639 2857 725 2934 spuens
746 2841 865 2901 obvium
883 2838 1028 2900 salutaret.
1067 2840 1136 2899 Non
1156 2837 1217 2898 vult
1235 2860 1303 2920 ergo
1367 2869 1368 2948 p

188 2911 324 2975 Christus
342 2927 401 2976 tarn
420 2915 596 2976 inhumanos
614 2933 677 2975 esse
697 2915 863 2998 discipulos,
882 2928 915 2974 ut
933 2915 1055 2977 salutare
1071 2938 1133 2975 uon
1152 2917 1180 2975 di
1223 2929 1304 2976 entur

188 2991 240 3072 qui
258 2991 314 3058 illis
333 3004 506 3068 occurrent,
538 2989 588 3049 sed
611 2991 650 3051 ita
674 3012 834 3083 properare
858 2991 955 3066 iubet,
985 3003 1018 3052 ut
1043 2993 1140 3054 omnia
1160 3013 1178 3052 o
1200 2991 1304 3052 stacula

208 3081 381 3128 raetereant.
420 3069 488 3129 Hoc
508 3086 566 3148 quo
590 3086 626 3125 ue
645 3088 796 3146 properum
815 3067 906 3128 babet
923 3069 1029 3143 Lucas,
1051 3083 1083 3126 art
1101 3066 1186 3129 edent
1206 3090 1242 3138 rso
1264 3067 1303 3127 bi-

186 3087 257 3204 dm
278 3143 351 3204 disci
402 3147 428 3221 ι’,
458 3165 532 3224 pune
559 3086 656 3202 altaro
674 3147 804 3223 fuerint.
855 3145 972 3219 Quibus
990 3145 1085 3228 verbis
1109 3167 1170 3205 nou
1193 3157 1304 3206 tantum

185 3218 272 3285 iubet
292 3220 442 3295 Christus,
474 3230 632 3280 contentos
656 3239 718 3282 esse
736 3243 805 3282 suos
823 3221 936 3302 vtrlgari
955 3233 985 3281 et
1007 3224 1090 3281 tenui
1113 3243 1227 3297 mensa,
1254 3223 1304 3281 sed

186 3295 244 3356 illis
263 3297 417 3376 permittit,
437 3309 470 3356 ut
490 3293 526 3354 de
544 3296 641 3356 alIeuo
660 3310 822 3370 vescantur.
860 3297 993 3358 lmo'bio
1012 3299 1131 3379 simplex
1149 3320 1183 3360 ac
1202 3297 1303 3380 geuui-

185 3395 242 3436 uus
261 3391 361 3433 sensus
381 3385 438 3432 est:
463 3372 588 3432 liberum
607 3374 690 3436 vobis
710 3375 748 3436 sit
766 3374 864 3442 alieno
884 3385 1000 3455 sumptu
1019 3377 1131 3452 vivere,
1151 3395 1237 3468 quarn
1256 3375 1305 3434 diu

185 3452 217 3512 in
237 3449 292 3511 bac
316 3451 554 3530 peregrinatione
579 3451 676 3552 eritisp
704 3472 828 3532 aequum
852 3451 931 3511 eninr
957 3462 1014 3522 est,
1044 3462 1078 3512 ut
1102 3451 1185 3512 vobrs
1210 3451 1306 3512 cibum

184 3527 366 3602 ministrent,
394 3529 425 3587 in
446 3540 572 3605 quorum
592 3534 715 3609 gratiam
738 3528 885 3589 laboratis.
924 3527 1052 3603 Quidam
1074 3539 1192 3622 putant,
1224 3529 1305 3588 eximi

186 3603 366 3687 sprnpulum,
386 3623 424 3664 ne
443 3604 479 3662 ab
500 3602 597 3686 aliquo
618 3603 676 3666 cibi
695 3623 805 3685 genere
824 3603 1002 3665 abhorreant
1021 3605 1091 3666 disct
1114 3605 1169 3664 uli:
1190 3605 1242 3665 sed
1260 3605 1303 3664 ui·
1365 3635 1366 3680 ι

184 3681 228 3742 bil
246 3683 304 3743 tale
323 3679 417 3743 voluit
436 3680 585 3755 Christus,
605 3683 773 3743 asnebec
793 3683 910 3760 quidem
930 3683 989 3742 eius
1009 3625 1162 3743 consilium
1181 3682 1252 3754 fuit,
1270 3681 1304 3741 de
1365 3689 1366 3727 l

185 3759 354 3842 frugalitate
374 3757 561 3850 praecipere,
584 3759 636 3818 sed
659 3770 773 3820 tautum
796 3757 853 3818 illis
863 3758 1043 3819 “concedere
1064 3759 1205 3821 mercedis
1231 3760 1303 3834 luco,

177 3845 222 3896 .ut
240 3836 276 3897 ab
296 3834 460 3917 hosprtibus
478 3833 627 3896 alerentur
644 3836 676 3896 in
695 3856 747 3898 sua
765 3833 923 3918 legatione.

182 4093 188 4100 .
226 4042 307 4119 (95.)
347 4042 519 4112 Maura.
539 4043 591 4107 ιιι.
617 4041 700 4105 ten·
716 4043 810 4108 nuno
830 4044 939 4128 coepe
960 4019 1153 4129 exprobrare
1176 4002 1303 4108 uvuau.
1364 4009 1365 4077 t

184 4135 255 4216 ltus,
274 4143 309 4204 in
331 4124 449 4228 sinibus
472 4143 578 4209 editae
598 4139 726 4206 fuerant
746 4143 905 4231 plurimae
926 4145 1058 4208 virtutes
1079 4144 1197 4232 ipsius,
1217 4143 1302 4230 quod

183 4235 342 4302 scelerum
364 4263 508 4309 caenon
529 4242 755 4332 poenituisset:
794 4242 845 4312 21.
866 4245 939 4336 Vae
952 4241 1019 4308 'ribi
1040 4241 1220 4320 Chorazin,
1246 4263 1302 4305 vae
1363 4307 1364 4336 ,

109 4404 114 4412 Ι
184 4329 244 4398 tibi
264 4333 450 4406 Bethsaida:
480 4346 634 4432 quoniam
665 4344 694 4408 si
720 4345 756 4410 in
784 4341 866 4412 urbo
888 4345 971 4432 Tyri
999 4353 1031 4409 et
1048 4342 1182 4434 ¹Sidonis
1204 4343 1302 4408 factm
1363 4339 1364 4427 l
