2816 4746
43 2388 48 2400 '
95 2387 101 2420 l

89 255 165 360 'n
290 365 293 376 ,
434 321 436 336 -
538 297 839 404 ιιιιιιιιιιιιιιιιι.

1125 369 1128 396 ι

129 439 226 508 Etiam
247 457 277 508 et
286 447 392 508 Amen
430 447 470 506 Et
490 458 570 508 certe
589 421 717 530 gratuita
735 441 869 526 adoptio,
881 465 952 554 ..qua
958 445 1009 505 tilii
1021 445 1079 506 Dei
1099 443 1250 534 efficimur,

129 542 206 603 sicut
224 539 260 602 ab
280 551 401 602 aeterno
421 537 515 600 Patris
535 538 720 620 beneplacito
740 549 854 614 manat,
879 537 919 598 ita
943 538 975 598 iu
995 560 1032 600 eo
1058 527 1143 602 ndbis
1166 551 1249 620 pate-

128 635 205 696 facta
225 645 278 710 est,
298 631 377 713 quod
389 631 522 712 Christus
541 631 608 713 (qui
627 629 730 712 unicus
749 643 850 692 natura
861 631 951 693 Frhus
971 637 1025 710 est)
1046 653 1132 694 carne
1152 644 1251 694 nostra

127 728 247 800 indutus
266 746 321 786 nos
341 724 426 786 sibi
416 748 447 786 ιιι
469 725 571 786 iratres
590 723 698 786 ascivit
735 723 881 814 Expiatio,
900 747 956 805 qua
969 726 1104 786 delentur
1123 737 1251 808 peccata,

122 839 169 902 ⁴ne
192 819 314 906 amplius
339 818 507 880 maledictio
531 829 561 878 et
585 817 686 877 mortis
712 807 850 878 iudicium
869 817 956 879 nobis
975 818 1160 896 incumbant,
1188 839 1251 878 non

130 911 202 972 alibi
222 933 307 992 quam
330 913 361 972 in
386 911 528 973 sacrificIo
552 910 654 970 mortis
679 910 739 972 eius
760 911 933 991 quaerenda.
982 911 1097 973 Iustitia
1121 924 1151 973 et
1175 912 1251 972 salus

128 1005 329 1086 perfectaque
326 987 515 1066 felicitas
505 1027 536 1064 ιιι
568 1004 630 1064 eius
660 1005 877 1066 resurrectione
908 1005 1028 1066 lundata
1058 1017 1145 1067 est..
1167 1006 1250 1086 Ergo

127 1100 319 1183 Evangelium
338 1096 479 1162 sollenuis
499 1108 544 1158 est
562 1096 762 1180 promulgatio
783 1097 819 1158 de
833 1097 914 1158 Filio
934 1098 1021 1160 Dei
1011 1121 1043 1160 ιιι
1063 1094 1150 1160 carne
1170 1095 1250 1156 exhi-
1266 1119 1270 1127 “

128 1193 203 1272 hito,
223 1205 258 1254 ut
275 1191 422 1275 perditum
441 1189 610 1250 mundum'
600 1201 752 1278 instauret,
770 1211 804 1252 ae
816 1191 948 1253 homines
959 1193 1100 1253 restituat
1111 1201 1250 1250 exmorte

105 1334 107 1345 ι
128 1288 160 1348 in
179 1287 276 1350 vitam.
327 1285 391 1344 Nee
410 1283 461 1344 ahs
481 1303 515 1343 re
534 1283 630 1344 honus
649 1295 771 1344 vocatur
794 1283 939 1345 ac’laetus
960 1284 1101 1360 ¹nuntius,
1132 1281 1250 1364 quando

29 1409 35 1425 ·
126 1382 159 1440 in
180 1399 216 1440 eo
230 1378 407 1457 ¹continetur
425 1373 555 1458 perfecta
573 1375 713 1460 felicitate
739 1375 805 1440 linis
825 1377 902 1438 enim
913 1390 979 1458 est,
998 1369 1032 1440 tit
1050 1398 1173 1466 reguum
1192 1374 1250 1436 Dei

126 1475 160 1533 iu
179 1473 265 1537 uobis
283 1469 437 1547 inchoans,
458 1467 566 1532 abolita
586 1469 677 1530 carnis
699 1471 900 1552 corruptione,
920 1473 1023 1554 spiritu
1042 1481 1199 1532 renovatos
1218 1471 1250 1529 in

127 1565 285 1628 coelestem
305 1563 428 1650 gloriam
446 1563 580 1624 deducat.
620 1541 687 1638 Qua
706 1563 824 1624 ratione
841 1585 928 1645 saepe
943 1565 1086 1650 Regnum
1099 1563 1250 1624 coelorum

127 1671 323 1741 nuncupatur,
343 1671 373 1719 et
391 1655 566 1719 instauratio
582 1654 686 1715 beatae
705 1657 781 1718 vitae
801 1677 855 1737 per
875 1655 1023 1766 Christum
1044 1658 1167 1734 allata,'
1157 1669 1249 1722 inter·

127 1753 196 1813 dum
215 1773 338 1835 reguum
358 1750 432 1814 Dei:
456 1761 505 1826 ut,
525 1771 613 1836 quum
632 1749 747 1811 Marcus
766 1749 840 1826 (15,
849 1752 912 1829 43)
933 1721 1002 1812 dicit
1020 1751 1129 1832 Ioseph
1149 1763 1249 1831 ertspe-

49 1839 50 1842 '
75 1893 83 1918 ,
129 1858 223 1907 ctasse
242 1867 366 1928 regnum
377 1845 446 1920 Dei,
465 1842 575 1924 procul
590 1827 680 1903 dubio
701 1837 870 1904 adlliessiae
888 1843 1043 1905 adventum
1062 1843 1093 1904 id
1113 1843 1249 1904 refertur.

130 1936 216 1999 Unde
237 1951 367 2016 constat,
387 1937 421 1999 iu
440 1938 557 2000 Novum
576 1935 797 1996 Testamentum
822 1939 944 2046 proprie
964 1939 1166 2020 competere
1153 1935 1249 1998 Evau-

124 2031 197 2119 gelii
216 2052 336 2108 nomen,
355 2053 412 2092 neo
431 2031 497 2096 satis
509 2031 645 2108 distincte
666 2052 716 2092 eos
735 2030 818 2110 loqui
837 2015 1004 2138 scriptores,
1025 2033 1075 2112 qui
1094 2050 1250 2092 commune

125 2125 248 2206 saeculis
274 2126 411 2186 omnihus
433 2124 558 2200 faciunt,
589 2146 645 2186 nec
669 2123 833 2205 Prophetas
861 2125 956 2186 minus
982 2145 1067 2204 quam
1086 2124 1261 2204 Apostolos¹

123 2218 277 2302 Evangelii
296 2219 443 2280 ministros
462 2237 524 2278 esse
544 2228 658 2298 putant.
695 2215 801 2300 Longe
820 2215 904 2277 ahter
915 2217 1059 2294 Christus,
1079 2219 1250 2303 quiLegem

126 2306 157 2374 et
176 2309 339 2394 Prophetas
358 2317 450 2392 usque
469 2312 504 2372 ad
524 2309 713 2392 loannem
685 2307 813 2393 ¹viguisse
832 2299 949 2395 docens
960 2309 1041 2382 (Luc.
1056 2315 1104 2386 16,
1123 2315 1201 2388 16),
1212 2311 1249 2372 ab
1305 2369 1308 2397 ,ι

126 2426 164 2466 eo
183 2417 329 2486 tempore
338 2405 513 2486 pronuntiat
533 2381 726 2512 evaqgellzari
746 2414 904 2482 coeptum
903 2423 965 2463 esse
983 2403 1042 2462 Dei
1061 2423 1199 2486 reguum,
1220 2417 1251 2466 et
1297 2437 1299 2440 ·

100 2497 102 2504 ‘
124 2496 241 2559 Marcus
253 2494 404 2583 Evangelii
424 2496 603 2560 exordium
593 2518 624 2556 ιιι
642 2495 762 2557 Ioannis
782 2495 1001 2596 praedicatione
1017 2499 1128 2574 statuit,
1143 2511 1176 2559 ιιι
1195 2521 1250 2560 uu·

124 2610 180 2674 per
199 2591 308 2652 dictum
333 2601 386 2650 est
426 2590 583 2650 Caeterum
615 2609 677 2649 noo
708 2601 821 2649 temere
847 2602 972 2669 quatuor
1001 2589 1145 2669 historiis,
1175 2613 1250 2673 quae

126 2681 277 2748 Christum
296 2680 466 2742 Mediatoris
494 2679 593 2742 officio
621 2681 791 2742 defunctum
822 2703 884 2742 esse
903 2696 1050 2758 narrant,
1078 2684 1249 2746 nominatim

126 2777 194 2840 data
218 2775 275 2835 tuit
292 2770 406 2834 haec
395 2773 558 2854 inscriptio.
600 2775 674 2834 Nam
700 2795 788 2853 quum
810 2771 921 2837 Christi
946 2777 1092 2863 nativitas,
1116 2800 1195 2839 mors
1219 2791 1250 2840 et

125 2866 302 2933 resurreetio
322 2876 415 2926 totam
435 2865 533 2927 salutis
553 2878 670 2926 nostrae
690 2889 828 2926 summam
847 2867 878 2927 in
898 2889 929 2929 se
950 2869 1135 2947 contineant,
1158 2873 1249 2934 adeo·-

127 3170 194 3220 eum
213 3147 325 3209 beatae
335 3148 412 3209 vitae
431 3158 580 3208 auctorem
592 3157 731 3228 agnoscat
750 3146 821 3208 fides
840 3160 950 3210 nostra.
980 3149 1048 3209 Vim
1069 3162 1098 3209 et
1110 3151 1248 3214 ellectum

127 3244 268 3306 adventus
288 3241 358 3302 eius
390 3229 480 3323 magis
512 3238 676 3321 exprimunt
700 3239 748 3300 alii
767 3241 844 3301 Novi
864 3241 1045 3304 Testamenti
1071 3241 1146 3302 libri.
1182 3245 1248 3307 Inro

85 3323 93 3340 ”
126 3337 252 3399 Ioannes
269 3335 352 3396 hac
343 3355 375 3394 ιιι
394 3347 477 3416 parte
496 3333 620 3394 multum
632 3333 731 3393 differt
749 3355 765 3394 a
785 3333 879 3395 tribus
899 3334 1029 3416 reliquis,
1049 3335 1158 3415 quod
1149 3358 1180 3396 ιιι
1200 3357 1248 3398 ex-

125 3429 272 3514 plicando
281 3428 390 3490 Christi
410 3429 517 3489 virtute
536 3437 566 3486 et
585 3427 700 3502 fructu,
724 3450 776 3508 qur
766 3427 861 3499 'inde
880 3428 916 3489 ad
936 3449 990 3488 uos
1009 3428 1162 3508 provenit,
1185 3430 1248 3492 fere

125 3536 206 3588 totus
217 3534 270 3599 est,
290 3544 379 3604 quum
392 3521 461 3581 illi
452 3543 483 3580 ro
502 3541 562 3581 uno
576 3521 671 3600 capite
684 3519 796 3604 nlagis
787 3521 931 3597 tnsistant,
951 3519 1100 3582 Christum
1116 3535 1249 3585 nostrum

125 3618 209 3679 illum
234 3636 296 3678 esse
320 3616 378 3676 Dei
408 3615 531 3690 Filium,
561 3614 611 3695 qui
639 3615 798 3696 promissus
829 3627 892 3679 erat
917 3613 1030 3680 mundo
1057 3613 1249 3696 Redemptor.

124 3710 300 3808 Βοιιιιιιιιιι
330 3707 448 3790 quidem
476 3701 656 3772 interserunt
686 3708 721 3791 de
746 3707 856 3770 Christi
887 3695 1005 3784 officio,
1033 3718 1065 3766 ut
1088 3719 1249 3789 teneamus,

127 3783 219 3886 qualis
244 3804 282 3864 sit
305 3803 365 3863 eius
389 3802 498 3894 gratia,
523 3814 554 3862 et
573 3823 711 3884 quorsum
736 3801 822 3863 nobis
848 3801 945 3869 datust
970 3801 1127 3882 praecpue
1150 3813 1250 3865 tamen

128 3895 209 3978 quod
230 3894 286 3956 dixi
305 3908 405 3978 agunt,
425 3882 576 3978 impletum
597 3917 658 3957 esse
678 3898 707 3955 in
721 3893 831 3956 Christi
849 3895 916 3954 Iesu
937 3915 1062 3976 persona
1053 3883 1155 3974 quod
1167 3896 1249 3960 Deus

126 3989 193 4050 ah'
183 3989 268 4050 mitio
289 3987 436 4071 pollicitus
457 3989 561 4050 fuerat.
599 3990 704 4096 Neqqe
724 3989 802 4048 enim
823 3989 933 4050 animus
954 3987 1010 4050 illis
1028 3986 1074 4050 rel
1094 3981 1248 4054 ιοιιιῐιίιιιιι

127 4081 195 4160 tuit,
214 4080 325 4166 Legem
345 4103 378 4144 ac
397 4081 561 4165 Prophetas
580 4081 695 4163 seriptis
714 4083 772 4144 suis
792 4081 923 4156 abolere,
945 4083 1186 4163 quemadmodum
1207 4084 1249 4144 ia-

128 4174 219 4236 natiel
237 4177 353 4255 quidam
372 4177 532 4250 somniant,
556 4197 765 4256 supervacuum
784 4197 863 4236 nrrnc
883 4196 943 4236 esse
964 4177 1054 4236 Vetus
1066 4169 1253 4237 Testamen-

129 4280 208 4344 tum,
227 4287 261 4326 ιιι
280 4291 339 4376 quo
358 4290 412 4350 per
432 4269 580 4331 Christum
600 4277 631 4329 'et
649 4267 811 4350 Apostolos
831 4270 973 4349 patefacta
998 4269 1083 4330 nobis
1103 4269 1160 4330 fuit
1179 4289 1250 4331 coe-

128 4361 208 4427 lestis
227 4361 383 4451 sapientiae
403 4363 523 4424 veritas:
550 4361 621 4442 quin
644 4362 742 4443 potius
764 4361 1027 4447 Christum·diqito
1054 4373 1248 4464 monstrantes

1106 4529 1112 4558 l
1124 4563 1126 4569 ι

794 4603 800 4632 ι

71 2959 75 2969 ’
126 2982 185 3046 que
204 2957 339 3070 propria
326 2959 400 3020 'sint
420 2959 493 3019 eius
493 2957 635 3034 materia,
654 2960 759 3019 merito
781 2973 907 3042 apteque
925 2963 1128 3046 Eiongelistae
1147 2964 1249 3027 dicun·
1264 3043 1266 3045 Ι
1316 2965 1318 2970 ’
1399 2999 1400 3018 ι

46 3131 52 3150 .
124 3069 189 3134 tur,
216 3055 266 3135 qui
286 3037 434 3115 Christum
455 3075 471 3114 a
490 3054 578 3114 Patre
598 3051 715 3112 missum
735 3066 803 3113 ante
830 3047 932 3118 oculos
957 3070 1191 3136 repraesentant,
1216 3073 1249 3122 ιιι
1353 3103 1356 3114 .

1210 4480 1271 4588 ’,ι
