2786 4742
167 197 228 262 m
393 226 396 239 ·
432 189 585 257 secrlo
604 191 642 254 X.
679 192 773 254 luem
791 207 834 254 er
852 191 1040 254 enanssnc

171 337 299 412 neam,
316 337 388 398 nae
405 336 553 400 secunus
570 337 620 400 nu
637 337 751 419 optato.
789 335 979 406 emissum
997 311 1159 418 ioquin„
1177 337 1226 418 qn
1244 327 1284 398 n.

172 427 254 506 cupt,
273 413 406 476 ultimum
427 413 515 478 luisse
532 414 728 476 sollennitatis
749 413 838 492 diem,
858 416 908 496 qui
927 435 1020 496 aeque
1039 413 1160 476 celebris
1179 427 1240 475 erat
1255 437 1285 474 ac
1362 471 1363 476 ,

171 511 291 573 primus.
331 491 508 584 Quanquam
527 491 600 552 mihi
619 493 714 584 magis
730 492 840 553 arridet
863 511 965 551 eornm
990 492 1151 584 sententia,
1175 491 1222 573 qui
1245 513 1288 583 se-

172 567 296 628 condam
315 587 385 628 anns
411 568 595 628 festivitatem
619 567 802 650 intelligunt:
828 580 858 627 et
882 588 989 628 nomen
1014 581 1125 648 optime
1150 581 1289 658 congruit,

172 641 337 736 snam,
356 644 1293 784 '⁰⁰35‘:ttlltztltttattlttP't‘tltfltlltt‘tt}

170 739 632 879 ppsecplsppppeprpppbabssepest,
653 810 724 858 tunc
745 798 830 860 luisse
870 763 998 858 rimitias.

249 875 340 934 Marc.
359 880 407 938 24.
449 875 510 934 Gar
518 876 643 956 faciunt
660 873 794 936 subiratis.
862 895 903 936 ou
923 872 1142 955 reprehendunt
1151 873 1293 934 Pharisaei
1362 863 1363 924 l

172 947 330 1030 discipulos
351 949 480 1026 Christi,
511 952 591 1032 quod
612 973 647 1013 ex
666 952 761 1013 alieno
781 971 854 1032 agro
873 949 982 1012 vellant
1005 952 1117 1030 spicas,
1148 951 1199 1010 sed
1217 951 1295 1030 quod

171 1025 328 1089 sabbatum
350 1027 472 1088 violent
524 1027 617 1103 Quasi
637 1049 708 1090 vero
733 1028 764 1087 in
790 1027 868 1088 bunc
895 1027 984 1089 linem
1008 1027 1173 1096 ordinatum
1200 1027 1297 1103 inerit,

171 1114 207 1164 ut
226 1115 350 1183 pereant
368 1103 495 1165 famelici
513 1101 647 1166 homines
667 1103 777 1186 potiu‘s,
794 1125 881 1185 quana
899 1103 1025 1164 inediam
1044 1124 1123 1164 suam
1136 1103 1296 1164 sublevent.

170 1175 266 1259 Atqui
284 1179 358 1242 baec
376 1192 489 1242 tantum
509 1181 566 1243 fuit
583 1181 696 1244 sabbati
716 1180 808 1255 ratio,
828 1192 862 1241 ut
884 1179 1011 1260 populus
1035 1199 1066 1240 se
1085 1179 1151 1240 Deo
1171 1180 1296 1241 sanctifi-

173 1275 241 1318 cans
261 1257 416 1318 adrerum
439 1270 469 1318 et
487 1258 668 1339 spiritualem
689 1257 799 1318 cultum
818 1275 849 1318 se
870 1269 1034 1317 exerceret:
1067 1255 1172 1316 deinde
1197 1269 1231 1318 ut
1250 1277 1296 1317 so·

173 1331 252 1393 lutus
272 1333 308 1393 ab
330 1335 466 1396 omnibus
490 1339 615 1396 terrenis
641 1334 770 1416 negotiis
795 1355 892 1396 sacros
913 1344 1073 1394 conventus
1093 1333 1210 1392 liberius
1229 1353 1299 1415 age-

172 1420 228 1468 ret.
269 1409 371 1485 Quare
391 1411 520 1493 legitima
540 1411 708 1473 observatio
734 1411 770 1471 ad
789 1432 911 1491 scopum
934 1409 1016 1468 illum
1041 1408 1144 1470 referri
1163 1409 1299 1481 debebat,

173 1486 243 1564 quia
268 1506 302 1548 cx
327 1500 428 1548 mente
447 1487 638 1570 Legislatoris
663 1488 789 1570 petenda
814 1499 858 1547 est
881 1487 1084 1564 interpretatio
1103 1485 1199 1568 Legis.
1239 1487 1299 1546 Sed

173 1560 402 1644 hincapparet,
427 1587 512 1647 quam
532 1564 661 1648 maligna
680 1566 717 1626 sit
742 1577 772 1625 et
789 1559 981 1644 implacabilis
1001 1584 1033 1627 su
1056 1563 1184 1637 cratitio,
1214 1583 1299 1642 prae-

172 1637 366 1777 :aava
386 1641 675 1799 cessasses
694 1585 1299 1779 {uisscias‘eluseiss

171 1792 384 1854 sanctimoniae
403 1794 565 1866 affectatio,
586 1794 831 1873 quemadmodum
846 1794 919 1872 dixi,
938 1793 1107 1854 Pharisaeos
1125 1804 1186 1852 tam
1206 1805 1297 1852 ansts·
1362 1827 1363 1836 κ

172 1885 223 1925 ros
244 1876 274 1926 ct
293 1867 402 2002 cipidos
424 1868 503 1940 lecit,
522 1869 574 1927 sed
595 1891 683 2003 poam
705 1889 738 1930 ex
757 1870 892 1950 professo
913 1880 1055 1949 cuperent
1073 1870 1171 1929 omnia
1189 1868 1296 1930 Christi
1358 1920 1360 1934 ,

173 1939 251 2002 dicta
270 1952 301 2001 et
332 1955 395 2004 acta
414 1943 569 2015 arrodere,
621 1948 664 2006 eri
683 1966 744 2006 non
766 1945 864 2026 potuit
883 1946 954 2025 quin
975 1945 1124 2005 traherent
1143 1946 1173 2026 iu
1198 1945 1297 2006 malam

173 2029 297 2098 partem,
318 2019 349 2080 in
372 2020 476 2100 quibus
497 2019 572 2079 nibil
592 2034 654 2082 erat
672 2021 744 2098 vitii,
785 2021 1010 2084 uemadtnodum
1028 2021 1136 2083 sinistri
1155 2023 1298 2100 interpre-

173 2106 219 2154 tes
248 2096 355 2158 solent.
401 2095 493 2171 Quod
514 2098 677 2160 Matthaeus
704 2111 735 2158 et
787 2119 870 2161 arcus
895 2099 1041 2160 obiectum
1073 2098 1160 2159 luisse
1192 2099 1297 2160 crimen

174 2169 307 2234 Domino
329 2173 477 2248 referunt,
496 2173 591 2236 Lucas
610 2189 707 2237 autem
727 2176 893 2255 discipulis,
916 2176 946 2235 in
967 2195 1004 2236 eo
1025 2174 1096 2234 nibil
1116 2187 1160 2236 est
1179 2175 1296 2235 dissidii:

174 2249 331 2330 probabile
351 2253 430 2312 enim
452 2263 512 2328 est,
545 2253 584 2312 ita
603 2266 721 2328 vexatos
742 2253 828 2313 luisse
849 2250 1019 2333 discipulos,
1048 2263 1081 2312 ut
1107 2252 1249 2312 accusatio
1271 2251 1298 2310 in

174 2327 345 2407 magistrum
365 2330 461 2410 ipsum
479 2329 684 2410 stringeretur.
728 2329 808 2389 Fieri
828 2328 914 2388 etiam
935 2330 1048 2409 potnit,
1072 2339 1139 2390 uta
1159 2327 1299 2406 discipulis

174 2403 260 2466 initio
287 2405 366 2468 facto
393 2405 510 2466 tandem
542 2407 578 2465 ad
599 2405 944 2486 Christumdisceptatio
965 2406 1153 2497 pervenerit,
1178 2417 1210 2465 et
1226 2405 1298 2464 Pha·

174 2479 261 2542 risaei
279 2483 388 2543 malitia
407 2504 458 2543 sua
478 2482 584 2562 perciti
606 2482 719 2565 culpam
739 2482 781 2543 illi
801 2482 1022 2575 imputaverint,
1047 2482 1127 2562 quod
1145 2480 1299 2564 discipulos

174 2576 243 2619 suot
262 2559 367 2619 tacitus
386 2558 501 2618 sinebat
518 2557 670 2620 sabbatum
690 2561 864 2642 transgredi.
1083 2613 1089 2620 .
1200 2559 1205 2567 '

195 2661 199 2668 ·
251 2634 356 2694 Mattb.
375 2637 404 2698 3.
441 2633 514 2693 Nos
536 2634 657 2710 legbn’s,
686 2634 760 2714 quid
777 2637 890 2718 facerit
907 2631 1015 2695 David.
1056 2633 1197 2716 Quinque
1215 2655 1300 2717 argu-

174 2711 281 2770 mentis
300 2710 446 2772 relutatur
465 2730 481 2769 a
501 2710 621 2773 Christo
642 2732 744 2772 eorum
766 2713 917 2774 calumnia.
955 2711 1068 2785 Primo,
1087 2733 1155 2772 suos
1174 2711 1299 2792 discipu-

174 2784 220 2846 los
235 2784 374 2867 'exemplo
395 2786 514 2848 Davidis
535 2801 650 2850 excusat
667 2789 704 2858 (Ι.
724 2789 803 2848 Sam.
825 2786 879 2864 21,
897 2788 951 2866 6.).
994 2788 1089 2848 David
1111 2789 1299 2848 enim'Saulis

173 2861 354 2923 iracundiam
374 2863 501 2945 lugiens,
521 2885 611 2958 quum
625 2865 761 2925 viaticum
773 2877 888 2947 peteret
908 2887 923 2925 a
943 2864 1094 2926 sacerdote
1105 2862 1299 2940 alchimelech,
1362 2899 1363 2908 κ

174 2958 231 3000 nec
251 2950 422 3022 suppeteret
431 2942 557 3078 vulpaus
576 2940 668 3014 cibus,
689 2941 820 3002 obtinuit
839 2953 872 3002 ut
891 2941 965 3002 sacri
985 2961 1073 3022 panes
1089 2941 1145 3002 sibi
1155 2943 1299 3008 darentur.

177 3015 210 3076 Si
228 3017 384 3078 necessitas
396 3017 471 3078 Davi
494 3040 538 3078 em
560 3018 696 3096 absolvit,
717 3019 819 3078 eadem
838 3019 913 3079 ratio
932 3020 963 3077 in
982 3017 1043 3078 aliis
1062 3017 1155 3084 valeat
1174 3029 1299 3098 oportet
1362 3031 1363 3048 ¹

174 3092 265 3152 Unde
284 3096 425 3170 sequitur,
446 3117 505 3155 non
525 3093 628 3153 violari
649 3096 828 3156 ceremonias
846 3096 945 3178 Legis,
965 3094 1055 3156 modo
1076 3113 1113 3154 ne
1133 3095 1223 3175 pietas
1240 3094 1300 3154 lae·
1362 3089 1363 3166 f

174 3169 267 3228 datur.
307 3171 406 3230 Sumit
425 3184 522 3231 autem
535 3169 667 3232 Christus
687 3193 741 3252 pro
753 3173 904 3245 confesso,
924 3171 1009 3253 culpa
1025 3192 1137 3233 vacasse
1151 3171 1300 3244 Davidem,

175 3243 243 3325 quia
269 3244 402 3305 laudatur
430 3249 565 3308 sacerdos
593 3247 721 3328 Spiritus
747 3248 841 3310 sancti
866 3249 985 3330 elogio,
1006 3247 1188 3339 ·qui'sacros
1214 3267 1300 3327 panes

111 3383 115 3396 ,
173 3339 290 3384 sumere
310 3320 352 3381 illi
373 3325 513 3403 permisit.
554 3323 655 3399 Quum
677 3324 764 3400 dicit,
796 3347 857 3386 nou
883 3326 998 3386 licuisse
1024 3346 1078 3384 nisi
1104 3321 1300 3384 sacerdotibus
1362 3385 1363 3398 ,

175 3397 246 3460 solis
267 3397 354 3458 cdere
375 3419 463 3476 panes
484 3401 560 3474 illos,
580 3401 777 3483 intelligamus
797 3403 861 3462 iure
881 3401 1029 3463 communi
1047 3401 1300 3480 (Εωάξ29,33.)τ
1362 3435 1363 3438 =

174 3497 243 3537 nam
263 3476 286 3536 si
311 3475 380 3556 quid
404 3489 524 3614 praeter
550 3479 591 3539 sas
617 3491 757 3540 tentasset
776 3477 885 3555 David,
917 3478 1023 3540 frustra
1055 3477 1116 3537 eius
1142 3477 1300 3556 exemplum

174 3565 359 3634 praetexeret
379 3553 404 3616 C
428 3555 528 3629 rictus,
547 3555 599 3617 sed
619 3555 699 3638 quod
720 3557 842 3616 vetitum
862 3567 925 3616 erat
943 3556 975 3616 in
995 3565 1108 3632 certum
1127 3553 1230 3629 linem,
1249 3574 1299 3614 ne·

176 3629 424 3692 cessitas-licitum
445 3630 525 3692 lecit
635 3697 638 3702 ,

252 3715 281 3772 b·
319 3707 454 3768 Sublatis
470 3707 640 3770 sucerdbtes.
679 3708 848 3770 Secundum
874 3721 1095 3792 argumentum,
1119 3727 1178 3788 quo
1195 3707 1299 3789 pmbat

176 3783 310 3846 Christus
330 3785 442 3846 sabbati
466 3785 672 3860 violationem,
706 3786 741 3845 dc
774 3807 830 3866 qua
861 3806 917 3848 con
941 3786 1021 3848 nesti¹
1046 3797 1129 3846 erant
1147 3784 1299 3858 Pharisaei,

176 3875 276 3920 carere
296 3862 378 3921 omni
399 3861 499 3943 culpa:
520 3863 588 3941 quia
607 3863 735 3923 sabbatis
754 3861 823 3940 licet
841 3809 994 3923 immdlare
1015 3861 1160 3938 victimas,
1180 3861 1298 3922 circum-

175 3935 274 3996 cidere
293 3935 430 4013 inlantes,
450 3951 481 3998 et
493 3939 547 4001 alia
560 3959 627 4018 pera
652 3961 702 4000 ere
713 3949 904 4019 quaecunque
921 3939 957 4000 ad
968 3939 1026 3999 Dei
1039 3938 1148 3999 cultum
1162 3948 1298 4020 spectant

175 4011 265 4070 Unde
284 4015 430 4093 sequitur,
457 4017 572 4097 pietatis
593 3959 689 4076 olicis
710 4017 788 4076 inter
807 4035 837 4076 se
862 4016 981 4094 minime
1001 4035 1147 4098 pugnare.
1187 4014 1297 4090 Quodsi

173 4087 317 4164 templum
345 4093 511 4154 manuarias
542 4090 659 4153 labores
688 4093 718 4151 in
750 4093 896 4153 sacrificiis
923 4105 954 4152 et
977 4105 1044 4154 toto
1076 4105 1198 4152 externo
1224 4091 1298 4151 cultu

173 4162 349 4246 sanctificat,
375 4171 572 4246 praestantior
597 4181 641 4230 est
660 4170 721 4228 veri
741 4181 771 4229 et
790 4169 945 4250 spiritualis
970 4169 1073 4250 templi
1098 4172 1244 4242 sanctitas,
1268 4179 1298 4226 ut

174 4255 242 4293 suos
263 4237 391 4326 cultores
412 4247 494 4305 omni
513 4247 584 4307 vitio
605 4257 728 4338 purget,
753 4245 822 4306 dum
850 4247 955 4308 officiis
979 4245 1096 4328 pietatis
1121 4244 1297 4306 incumbunt.

124 4305 134 4336 ‘
174 4307 271 4370 Porro
291 4332 323 4372 ru
344 4314 418 4380 hauc
432 4341 555 4390 operam
574 4323 682 4385 intentu
702 4333 787 4387 crant
799 4323 945 4402 discipuli,
963 4335 998 4384 ut
1014 4321 1124 4384 animas
1143 4329 1197 4406 per
1208 4321 1297 4383 Evan-

1300 4559 1306 4580 Ι
