2808 4748
216 239 275 300 aa:
669 199 896 297 snorso'vn

217 379 319 453 libuit,
343 377 412 460 qula
431 375 605 441 Petrum'et
622 377 732 440 similes
752 377 885 441 Christus
904 376 1019 442 vocavit
1041 377 1131 440 aalma
1147 391 1259 440 mnae:
1287 400 1343 442 nec

216 457 336 516 interea
351 455 536 536 expendunt,
563 476 650 535 quam
670 457 765 538 gravis
789 469 819 516 et
841 473 941 516 severa
965 455 1064 517 addita
1082 457 1119 516 sit
1142 458 1343 534 comminatio,

217 533 349 593 omnium
375 553 437 592 esse
462 532 652 608 deterrimos,
681 533 705 592 si
727 529 849 608 insipidi
874 531 1041 592 reddantur.
1085 533 1167 595 Haec
1197 536 1342 595 sententia

218 612 300 688 quasi
320 628 353 668 ex
372 607 498 691 abrupto
518 611 640 689 ponitur
658 609 734 689 apud
754 611 879 681 Lucam,
904 609 955 668 sed
975 609 1006 667 iu
1027 609 1152 670 eundern
1172 609 1262 671 finem
1283 632 1341 692 quo
1385 655 1386 690 3

216 685 264 747 bic
283 686 311 748 le
335 687 403 762 'tur,
422 699 456 746 ut
475 687 594 767 propria
614 687 794 766 expositione
813 707 831 746 ο
855 707 888 746 us
907 705 967 745 non
988 685 1104 746 babeat.

326 785 382 824 arc.
402 768 450 828 49.
491 759 693 822 omnishomo
710 765 777 838 igne
794 706 852 822 sal³
914 805 921 819 .
959 761 1025 844 Ego
1051 762 1121 824 baec
1140 763 1234 824 Marci
1252 763 1340 842 rerba

216 840 354 921 proximis
374 839 514 901 Matthaei
538 839 690 914 coniunxi,
715 860 776 898 non
802 839 883 920 quod
907 859 994 900 sensu
1014 839 1136 900 omnino
1155 842 1339 917 conveniant,

215 917 263 980 vel
280 916 363 1054 quod
384 917 512 978 eiusdem
531 915 592 976 sint
615 914 674 975 loci
698 935 731 976 ac
754 915 912 996 temporis,
941 915 993 976 sed
1017 916 1115 997 potius
1139 927 1181 976 ut
1197 917 1337 978 diversum

215 994 279 1054 eius
301 1014 348 1054 em
374 993 539 1056 sententiae
569 1013 652 1052 usum
684 991 788 1064 melius
822 1013 856 1052 ex
890 993 1110 1074 comparatione
1139 994 1339 1074 perspicerent

213 1069 350 1133 lectores.
390 1070 492 1144 Quum
515 1069 552 1130 de
578 1070 649 1152 igne
679 1082 803 1130 aeterno
832 1069 971 1150 loquutus
1002 1080 1078 1130 esset
1102 1069 1234 1130 Christus
1263 1071 1338 1151 apud

212 1148 362 1222 Marcum,
385 1147 521 1207 hortatur
538 1166 606 1207 suos
626 1165 659 1205 ex
680 1145 836 1227 opposito,
860 1159 894 1208 ut
912 1165 944 1206 se
963 1146 1059 1226 potius
1078 1143 1145 1207 Deo
1165 1168 1245 1208 nunc
1264 1147 1338 1208 offe-

211 1236 281 1284 rant
299 1225 368 1306 igne
381 1235 420 1284 et
437 1224 496 1284 sale
516 1222 709 1298 condiendos,
728 1234 763 1282 ut
780 1222 854 1284 liant
871 1243 967 1284 sacrae
986 1223 1129 1298 victimae,
1146 1244 1186 1285 ne
1201 1225 1257 1284 sibi
1291 1245 1339 1284 ec-

214 1301 285 1362 catis
305 1302 362 1362 suis
382 1301 480 1380 ignem
500 1300 583 1360 illum
602 1311 763 1374 arcessant,
831 1302 842 1360 i
859 1321 1009 1381 uunquam
1028 1301 1229 1382 exstinguitur.
1264 1241 1339 1377 lgna

212 1377 299 1438 saliri
323 1377 483 1457 impropria
508 1388 552 1437 est
576 1375 727 1455 loquutio,
757 1319 903 1458 relnqui:
927 1375 991 1438 salis
1017 1388 1048 1435 et
1069 1377 1145 1458 iguis
1170 1377 1270 1436 eadem
1295 1389 1338 1438 est

210 1454 354 1537 purgandi
375 1460 405 1512 et
423 1454 606 1534 excoquendi
625 1465 740 1534 natura,
759 1453 838 1513 idem
857 1453 979 1536 verbum
997 1453 1115 1532 utrique
1133 1454 1338 1534 aptavithri·

210 1543 281 1593 stus.
319 1531 407 1589 Nunc
425 1540 575 1605 tenemus,
593 1549 737 1613 quaenam
756 1529 847 1590 suerit
865 1529 949 1591 buius
968 1530 1131 1591 sententiae
1151 1534 1279 1593 occasio:
1299 1550 1337 1592 ne

210 1608 322 1672 scilicet
344 1608 600 1670 recusent'bdeles
620 1609 628 1666 i
651 1628 688 1666 ne
709 1618 739 1668 et
758 1607 815 1668 sale
835 1607 988 1682 macerari,
1014 1607 1250 1687 quandoquidem
1273 1608 1335 1670 sine

210 1685 268 1744 boc
298 1682 490 1744 condimento
520 1685 612 1746 sancti
629 1627 705 1744 lleo
738 1704 800 1744 esse
828 1695 989 1764 nequeunt.
1031 1682 1145 1744 Alludit
1172 1695 1270 1744 autem
1299 1684 1336 1744 ad

207 1771 398 1842 praeceptum
417 1759 505 1844 Legis
525 1761 631 1838 (Levit.
650 1769 684 1835 2,
704 1761 782 1838 13),
806 1759 858 1818 ubi
879 1760 985 1820 diserte
1004 1771 1083 1822 vetat
1099 1760 1197 1835 Deus,
1222 1782 1260 1821 ne
1281 1781 1336 1842 qua

208 1838 271 1897 sine
295 1835 355 1896 sale
382 1837 433 1897 fiat
458 1837 580 1898 oblatio.
619 1839 705 1898 Nunc
732 1848 828 1896 autern
853 1836 1004 1918 Evangelii
1026 1836 1119 1898 verbo
1145 1837 1223 1898 saliri
1248 1838 1337 1903 docet
1385 1841 1386 1846 ’

207 1913 326 1987 fideles,
348 1925 383 1972 ut
408 1913 636 1974 sanctificentur.
676 1913 777 1987 Quum
802 1913 908 1973 deinde
932 1913 1065 1989 subiicit,
1088 1914 1191 1981 Bonus
1214 1927 1258 1975 est
1284 1915 1334 1989 sal,

208 1989 387 2076 generaliter
409 1990 445 2050 ad
475 2009 577 2052 omnes
603 1990 749 2064 extendit,
778 2010 852 2070 quos
875 1990 965 2050 semel
990 1990 1073 2050 Deus
1098 1989 1219 2050 condire
1242 1992 1334 2054 uerbo
1384 1969 1386 2064 l

207 2090 261 2129 suo
282 2067 415 2150 diguatus
435 2079 493 2142 est,
520 2087 554 2127 ac
574 2065 709 2128 bortatur
732 2078 766 2125 ut
788 2085 924 2147 saporem
944 2087 1027 2128 suunt
1046 2087 1163 2159 semper
1179 2068 1334 2128 retineant.

206 2145 300 2206 Paulo
322 2145 441 2224 quidem
456 2145 563 2220 'durior
583 2155 628 2206 est
645 2143 825 2225 metaphora,
845 2144 914 2204 dum
926 2143 1023 2204 Salem
1043 2155 1177 2205 nominat
1195 2145 1334 2226 quiequid

205 2223 315 2283 ειιῖιιιιιι
334 2233 512 2282 est:.sensns
533 2233 631 2281 tamen
650 2221 719 2280 inde
739 2221 892 2302 ambiguus
911 2241 975 2281 nou
986 2221 1127 2296 redditur,
1147 2241 1264 2303 nempe,
1281 2222 1332 2282 ubi

206 2319 360 2381 saporem,
381 2320 441 2380 quo
461 2297 567 2359 imbuti
587 2297 707 2358 fuerunt
726 2319 780 2378 per
798 2298 856 2357 Dei
875 2299 1015 2380 gratiam,
1034 2311 1084 2362 sua
1103 2300 1216 2382 ignavia
1233 2300 1332 2380 perdi-

105 2377 109 2384 ’
206 2377 320 2455 derint,
345 2375 418 2436 nihil
437 2376 559 2458 amplius
585 2395 647 2436 esse
667 2374 798 2451 remedii,
822 2387 909 2455 atque
934 2377 975 2436 ita
995 2375 1162 2456 deploratos
1182 2395 1259 2450 esse,
1283 2377 1332 2456 qui

206 2454 295 2515 fidem
315 2475 397 2516 suam
441 2476 477 2514 ua
502 2445 666 2514 consecrati
686 2465 783 2528 erant,
806 2471 896 2532 seque
920 2452 999 2533 ipsos
1024 2453 1184 2527 infatuant,
1213 2455 1329 2533 quando
1385 2495 1386 2498 η

204 2553 269 2594 non
289 2531 347 2592 alio
368 2476 558 2614 conditurum
577 2529 674 2591 bonus
693 2549 782 2609 sapor
802 2529 914 2609 acquiri
933 2540 1044 2609 potest:
1070 2529 1176 2590 deinde
1195 2530 1330 2590 incredu-

205 2608 240 2669 lis
261 2629 322 2670 esse
342 2609 549 2741 Pelfflesrlquf
568 2606 714 2700 exinaqita
732 2607 791 2666 Dei
809 2607 902 2688 gratia
921 2605 1054 2688 corrupti
1076 2618 1161 2683 sunt,
1184 2606 1270 2667 denti
1292 2605 1329 2668 sal

170 2796 172 2800 .
203 2694 596 2824 teltablalb·sbgqullbbbe
612 2695 740 2818 :liltllrlbis
758 2760 830 2833 ipsis
847 2757 947 2818 solem.
985 2758 1155 2821 Potest··bi'e
1173 2761 1250 2822 varia
1270 2780 1330 2822 esse

203 2837 337 2916 acceptio
358 2835 441 2894 huius
461 2839 558 2911 roris,
583 2845 617 2892 ut
640 2835 787 2916 significet
813 2835 885 2894 boni
911 2835 1013 2896 odoris
1033 2837 1231 2912 condituram,
1256 2857 1330 2918 quae

201 2912 261 2971 fide
296 2911 472 2991 acquiritur,
501 2911 547 2972 vel
580 2911 707 2996 Spiritus
743 2908 943 2990 prudentiam:
969 2915 1067 2974 ‚sicuti
1103 2933 1194 2993 quum
1221 2915 1329 2975 Paulus
1385 2985 1386 2990 η

148 3061 150 3065 ¹
203 2987 287 3068 (Col.
306 2994 335 3064 d,
354 2989 398 3066 6.)
417 2988 511 3063 iubet,
530 2988 590 3054 sale
610 2987 762 3047 conditum
783 3005 845 3047 esse
864 3007 1031 3050 sermonem
1050 3003 1200 3065 nostrum,
1218 2992 1330 3074 signili-
1385 2991 1386 2998 '

202 3077 265 3138 cat,
309 3064 417 3125 nolanis
439 3065 576 3125 omnibus
595 3065 713 3144 ineptiis
734 3075 765 3123 et
784 3065 961 3145 corruptelis
984 3087 1090 3149 purum
1114 3088 1146 3127 ac
1172 3081 1330 3150 purgatum
1385 3119 1386 3130 ,

201 3085 407 3216 esse-lebete,
437 3154 468 3201 et
492 3139 633 3221 spirituali
657 3141 750 3224 gratia
775 3140 929 3216 refertum,
961 3165 1036 3223 quae
1061 3143 1194 3205 aedificet
1215 3165 1329 3226 suoque

200 3217 296 3278 odore
320 3219 479 3296 perfundat
505 3238 622 3293 omues,
652 3219 702 3298 qui
725 3219 855 3278 audiunt
900 3220 934 3279 Si
958 3221 1055 3301 placet
1080 3222 1150 3281 haec
1175 3224 1328 3302 expositio,
1385 3227 1386 3270 ἐ

184 3294 347 3386 ,posterius
368 3295 531 3355 membrum
553 3295 589 3354 de
608 3308 708 3356 mutua
722 3314 795 3376 pace
809 3293 974 3379 intelligere
990 3299 1157 3372 conveniet,
1177 3318 1251 3378 quae
1270 3301 1328 3360 sale

198 3370 252 3430 allo
275 3369 405 3429 iuvetur:
426 3373 492 3450 quia
512 3383 609 3432 tamen
628 3374 720 3455 magis
739 3371 897 3454 probabile
914 3387 970 3450 est,
981 3376 1111 3456 pendere
1124 3375 1198 3436 banc
1232 3387 1328 3437 ostre-
1385 3403 1386 3454 q

198 3465 275 3506 mam
294 3449 468 3506 sententiam
489 3465 522 3506 ex
563 3452 640 3509 riore
659 3461 811 3526 sermone,
837 3449 953 3511 videtur
971 3452 1041 3511 mibi
1061 3452 1172 3522 hortari
1221 3454 1327 3514 hristus
1385 3465 1386 3516 l

198 3542 266 3585 suos
287 3523 323 3582 ad
343 3524 516 3586 servandum
535 3469 604 3584 ldei
623 3527 770 3608 vigorem,
796 3525 846 3606 qui
870 3529 957 3586 etiam
976 3527 1051 3589 alios
1076 3531 1237 3612 abstergat:
1268 3531 1326 3591 acsi
1385 3535 1386 3592 3

198 3601 328 3675 diceret,
356 3600 461 3660 Danda
483 3614 527 3661 est
545 3603 629 3663 vobis
650 3624 740 3685 opera
765 3624 827 3665 non
847 3615 975 3679 tautum,
1004 3617 1038 3665 ut
1062 3606 1127 3667 salsi
1152 3607 1229 3667 intus
1253 3607 1324 3682 sitis,
1385 3605 1386 3656 Ῡ

197 3677 355 3738 sedetiam
375 3687 409 3736 ut
426 3676 531 3738 saliatis
551 3678 632 3741 alios.
673 3682 753 3756 Quia
771 3693 869 3740 tamen
880 3679 930 3741 ,sal
949 3682 1107 3746 acrimonia
1127 3701 1178 3742 sua
1196 3684 1324 3760 mordet,
1385 3753 1386 3758 ἵ

196 3755 266 3815 ideo
291 3755 387 3814 statim
412 3754 566 3831 admonet,
592 3759 633 3820 sic
658 3759 877 3838 temperandam
902 3777 964 3819 esse
989 3760 1189 3836 condituram,
1212 3773 1247 3830 ut
1270 3781 1325 3843 pax
1385 3801 1386 3838 3

196 3830 315 3890 interim
335 3829 411 3891 salva
430 3845 556 3892 maneat.
772 3843 775 3850 ⁴

273 3907 376 3966 matth:
401 3914 447 3973 14.
490 3907 556 3968 Vos
579 3915 646 3970 estis
668 3911 725 3972 lum
749 3909 859 3972 mnndi.
900 3909 987 3986 Qnau
1010 3933 1074 3974 nam
1100 3931 1202 3974 omnes
1226 3933 1326 3975 sumus
1385 3939 1386 3976 1

194 3981 246 4041 lilii
266 3983 348 4058 lueis,
369 3992 529 4064 postquam*
542 3985 601 4048 fide
619 3987 773 4050 illuminati
791 4009 903 4065 sumus,
923 4001 954 4049 et
972 3989 1002 4049 iu
1025 4009 1108 4051 emur
1125 3988 1258 4052 lucernas
1275 4011 1324 4050 ar-

195 4058 300 4120 dentes
317 4063 451 4122 manibus
471 4074 602 4143 gestare,
624 4086 663 4126 ne
689 4087 818 4126 erremus
839 4065 870 4126 in
892 4065 1040 4141 tenebris,
1065 4067 1125 4128 imo
1152 4068 1239 4128 etiam
1259 4065 1323 4127 aliis

194 4135 270 4194 viam
289 4137 365 4196 vitae
384 4151 558 4216 monstrare,
578 4141 647 4221 quia
665 4155 763 4203 tamen
784 4165 854 4224 prae
872 4144 933 4204 aliis
953 4145 1086 4203 mandata
1105 4145 1164 4204 luit·
1172 4143 1322 4224 Apostoli:

193 4207 348 4304 Evangelii
388 4217 557 4292 medicatio,
578 4229 609 4277 et
626 4220 774 4280 Ecclesiae
815 4219 959 4280 asturibus
979 4219 1066 4280 hodie
1085 4222 1248 4295 mandatur,
1266 4240 1322 4300 pe·
1385 4221 1386 4224 ’

195 4284 345 4348 culrarrter
362 4237 421 4354 boc
439 4293 495 4355 illis
515 4294 645 4378 elogium
662 4297 768 4357 tribuit
788 4242 932 4372 ghristus,
952 4297 1011 4355 acsi
1030 4297 1151 4372 diceret,
1169 4297 1234 4357 Hac
1252 4296 1322 4378 lege

195 4374 245 4415 eos
271 4363 412 4428 collocati
439 4371 469 4432 in
495 4373 547 4434 tali
564 4373 672 4458 gratim
697 4385 731 4434 ut
755 4374 876 4454 reliquis
900 4371 1037 4434 omnibus
1060 4375 1177 4453 quasis
1201 4372 1321 4433 sublimi
1385 4443 1386 4448 γ
