2824 4756
306 157 307 166 ¹
412 210 536 286 (it-ill·
559 204 649 266 Maria
668 216 698 263 et
717 203 885 292 Elisabeth.)
1089 236 1092 245 ι
1167 215 1204 281 31

125 357 207 442 (to.)
236 353 339 423 LUC.
361 354 383 420 l.
410 353 460 426 51.
478 353 570 420 Fecit
583 352 758 438 potentiam
771 353 803 416 in
815 349 949 418 brachio
960 373 1038 419 suos
1054 352 1205 442 dispersit

61 531 64 538 ,
85 457 246 545 superbos
269 457 461 542 cogitatione
489 452 597 520 cordis
618 456 769 540 ipsorum.
810 453 859 524 52.
884 451 1029 520 Detraxit
1053 457 1204 539 primates
1261 515 1266 520 .

18 589 19 612 1
86 559 249 638 exxsoliis,
270 568 301 624 et
313 555 460 623 exaltavit
471 552 617 620 humiles.
660 551 710 616 53.
730 551 919 616 Esurientes
939 553 1079 638 implevit
1098 557 1211 636 honis,

87 670 121 725 et
142 659 260 724 divites
282 657 538 744 dimisitjnaues.
586 653 636 719 54.
664 652 813 736 Suscepit
834 649 932 716 lsrael
953 674 1083 737 puerum
1104 681 1205 740 suum,

19 757 20 764 '
87 770 125 824 ut
146 779 270 836 memor
290 766 373 822 esset
393 752 648 822 misericordiae:
680 753 731 818 55.
753 749 1033 838 Quemadmodum
1055 755 1205 844 loquutus
1285 796 1298 838 ῃ

89 869 139 925 est
161 857 202 924 ad
222 867 329 945 patres
350 868 487 938 nostros,
509 854 657 921 Abrahae
681 864 712 920 et
732 855 848 920 semini
869 856 938 918 eins
959 854 994 919 in
1014 859 1185 928 saeculnm.

163 1055 208 1115 51.
251 1047 333 1110 Fecit
355 1052 518 1126 potandam
562 1046 689 1108 Perinde
712 1046 790 1106 valet
815 1045 873 1106 acsi
899 1045 1032 1120 dixisset,
1063 1045 1206 1110 Potentes

18 1143 19 1148 ψ
84 1121 1205 1266 ,erassumesneintrantrrae

84 1279 143 1340 suit
165 1245 295 1354 ddiuto'r:
318 1223 432 1358 Pitaque
457 1221 644 1338 saluicmpilli
667 1241 781 1356 deperit
801 1220 950 1336 tralatum
968 1244 1044 1350 eius,
1071 1291 1101 1338 et
1124 1223 1207 1339 iusti!

18 1427 19 1432 ἵ
83 1357 154 1416 tiam
178 1375 259 1416 suam
283 1375 338 1434 pro
364 1353 473 1414 fultura
498 1354 609 1415 hahuit.
646 1353 789 1435 Intelligit
813 1371 885 1435 ergo
905 1352 1012 1428 illaria,
1035 1353 1132 1415 Deum
1156 1377 1207 1419 sua

84 1432 171 1495 unius
196 1432 305 1492 virtute
330 1441 502 1490 contentum
527 1429 624 1491 nullos
649 1428 814 1490 adhibuisse
843 1431 939 1508 operis
967 1429 1078 1505 socios,
1110 1431 1207 1495 nullos

85 1509 204 1570 vocasse
224 1507 259 1575 ad
281 1527 300 1567 o
323 1527 369 1583 em
389 1507 443 1566 sihi
464 1505 622 1566 ferendam.
662 1505 753 1578 Quod
773 1504 915 1570 continuo
934 1517 1001 1586 post
1020 1510 1151 1588 sequitur
1170 1511 1207 1570 de

85 1584 238 1664 superbis,
263 1585 290 1642 vi
312 1583 354 1642 eri
382 1595 479 1662 potest
501 1582 631 1643 additum
657 1584 696 1644 oh
722 1584 790 1643 duas
816 1585 927 1642 causas:
956 1583 1017 1642 tum
1042 1587 1108 1664 quia
1133 1587 1206 1648 nihil

85 1661 247 1741 proliciunt
270 1660 407 1740 superbi,
437 1659 487 1740 qui
518 1661 666 1744 gigantum
686 1679 781 1720 vmore
804 1659 872 1719 Deo
896 1659 1029 1720 resistere
1053 1675 1207 1739 conantur,

85 1750 149 1798 turn
170 1737 319 1828 quianon
340 1739 461 1820 explicat
480 1737 559 1800 Deos
580 1736 690 1800 brachii
715 1738 759 1796 sui
778 1736 940 1817 potentiam
960 1736 1014 1797 nisi
1033 1737 1064 1798 iu
1084 1740 1206 1801 salutem

88 1813 416 1892 humilrnmssuperhos
436 1834 521 1889 vero,
542 1814 593 1896 qui
612 1813 667 1873 sihi
690 1813 811 1874 multum
831 1824 985 1894 arrogant,
1007 1811 1118 1875 deiicit:
1145 1835 1205 1896 quo

86 1890 219 1970 pertinet
237 1889 285 1950 illa
306 1891 387 1954 Petri
406 1891 580 1965 exhortatio,
600 1890 799 1950 Humiliamini
819 1889 873 1950 sub
894 1891 1009 1968 potenti
1030 1891 1087 1951 Dei
1107 1915 1205 1966 manu,
1301 1925 1303 1932 ·
1353 1907 1394 1925 ·“

85 1979 145 2026 etc.
165 1966 205 2044 (1.
220 1967 305 2038 ,Petu
325 1974 359 2044 5,
378 1975 426 2042 6.).
465 1969 519 2028 Est
542 1975 639 2028 aute'm
664 1979 768 2028 notatu
794 1968 879 2050 digna
903 1967 1055 2048 loquutio,
1079 1967 1207 2045 dapnes

83 2041 222 2119 superbos
239 2047 409 2120 cogitarim
425 2043 531 2105 cordis.
570 2046 661 2118 Nam,
683 2055 718 2103 nt
735 2043 867 2122 humanis
887 2056 931 2103 est
950 2064 1051 2104 eorum
1071 2046 1206 2126 superbla

87 2132 119 2179 et
138 2120 270 2196 ambitio,
288 2132 385 2181 ιιι-εει
404 2123 543 2201 cupiditas
562 2119 744 2196 insatiabilis,
762 2120 794 2179 iu
814 2119 960 2199 capiendis
979 2121 1107 2182 consiliis
1126 2124 1207 2202 quasi

86 2200 256 2263 immensam
276 2198 385 2256 molem
406 2218 459 2258 coa
479 2208 623 2270 mentant,
643 2208 741 2274 atque,
760 2208 793 2256 ut
811 2217 871 2255 uno
890 2196 982 2256 verbo
1003 2197 1104 2269 dicam,
1124 2201 1206 2259 aedi·
1240 2219 1252 2236 ²

85 2273 176 2332 ficaut
193 2280 307 2332 turrem
327 2272 426 2332 Babel.
460 2217 539 2334 llam
564 2272 685 2330 minime
710 2271 844 2333 contenti
869 2269 956 2330 stulte
982 2271 1039 2331 hoc
1062 2275 1110 2332 vel
1134 2274 1207 2336 illud

85 2349 261 2441 supravires
281 2359 418 2422 tentasse,
430 2368 526 2408 novas
546 2347 669 2406 subinde
687 2347 807 2437 insanae
823 2345 959 2478 ιιιάιάςίεε
979 2347 1209 2436 consultationes

18 2493 20 2520 ¹
83 2421 1068 2579 ttlt?latitat?itt..⁹t;ltttt.?ttt.t¹¹ltttttattttti
1083 2423 1209 2578 {diiii

73 2577 155 2638 dissi
177 2587 223 2634 at:
243 2573 485 2653 quemadmodum
505 2574 530 2634 si
550 2573 630 2653 quis,
650 2572 748 2642 diruto
768 2571 910 2646 aedificio,
930 2593 1004 2652 quae
1025 2576 1104 2653 prius
1125 2577 1207 2650 firma

84 2652 142 2791 poli
163 2671 239 2788 aqpe
260 2649 447 2710 commissura
467 2651 545 2710 inter
564 2661 764 2732 seeompacta
784 2660 883 2725 erant,
914 2650 945 2710 iu
965 2649 1063 2734 plagas
1082 2653 1209 2716 diversas

101 2739 179 2791 ou'e
220 2750 241 2788 rs
265 2747 298 2786 er
318 2737 356 2785 at.
534 2776 537 2780 .
845 2761 846 2766 κ
1065 2783 1068 2786 .

142 2751 210 2870 852.
243 2746 392 2862 [beianum
404 2808 551 2880 prinianas
596 2803 642 2866 Ita
660 2816 775 2866 vertere
795 2803 918 2886 placuit,
936 2790 983 2866 'ut
1007 2804 1127 2868 tollatur
1145 2827 1208 2868 am·
1234 2863 1242 2868 .

18 2911 19 2914 ¹
87 2882 221 2965 higuitas.
258 2871 334 2940 Nam
354 2882 408 2942 etsi
427 2879 688 2947 dvrdgoa'Graecis
702 2894 845 2944 vocantur
863 2903 879 2944 a
897 2883 1046 2963 potentia,
1060 2895 1140 2953 ¹sunt
1162 2897 1208 2946 ta·

85 2963 156 3018 meu
175 2956 317 3038 praelecti
338 2970 367 3017 et
392 2961 501 3032 summi
520 2960 713 3041 magistratus.
760 2960 901 3019 Potentes
921 2979 991 3020 vero
1016 2959 1098 3019 multi
1117 2962 1207 3040 parti·

87 3034 196 3114 cipium
221 3053 284 3094 csse
308 3045 420 3114 putant.
470 3035 530 3099 Eos
555 3034 667 3097 detrahi
687 3035 801 3108 e'soliis
821 3035 970 3116 praedicat
989 3037 1095 3109 Maria,
1124 3049 1157 3098 ut
1176 3038 1207 3099 iu

18 3145 19 3166 n
85 3131 191 3172 eorum
210 3110 310 3170 tecum
328 3110 487 3171 evehantur
505 3109 624 3175 obscuri
644 3124 675 3172 et
692 3112 851 3195 ignobiles:
871 3112 910 3173 ita
921 3113 987 3171 ’Dei
1006 3114 1208 3192 providentiae

87 3199 119 3248 et
138 3185 253 3248 iudiciis
271 3186 389 3261 tribuit,
413 3188 493 3268 quod
512 3188 628 3268 profani
647 3189 780 3250 homines
799 3200 906 3249 vocant
927 3187 1028 3250 ludum
1049 3191 1207 3252 Fortunae.

86 3262 218 3328 sciamus
237 3274 346 3338 tamen,
365 3285 426 3324 nou
445 3264 537 3325 trihui
549 3267 616 3326 Deo
636 3264 797 3326 absolutam
810 3265 983 3346 potentiam,
1002 3277 1034 3326 ut
1052 3277 1066 3326 t
1086 3269 1208 3330 rannieo

86 3341 128 3400 im
151 3338 372 3405 ariothomines
390 3351 527 3420 tanquam
550 3342 622 3423 pilas
646 3342 738 3423 agitet
761 3363 794 3403 ac
813 3353 909 3402 verset
927 3360 1040 3402 sursum
1059 3289 1207 3422 deorsum,

85 3360 149 3478 sed
156 3417 264 3476 iustam
274 3416 529 3498 gubernationem,
549 3420 597 3479 cui
614 3418 713 3478 subest
725 3418 833 3498 optima
853 3419 939 3492 ratio,
958 3418 1028 3478 licet
1046 3441 1100 3486 nos
1120 3425 1211 3502 saepe

85 3493 189 3576 fngiat.
229 3493 297 3568 Non
318 3494 395 3552 euim
414 3494 510 3553 Deum
531 3495 681 3556 oblectant
699 3496 890 3570 mutationes,
918 3507 951 3555 ut
973 3515 1026 3577 per
1051 3495 1208 3559 ludibrium

85 3571 117 3630 iu
138 3567 263 3654 sublime
282 3567 397 3642 attollat
416 3590 489 3650 quos
508 3573 642 3650 protinus
655 3572 789 3652 deiicere¹
801 3573 943 3645 statuerit,
962 3571 1013 3634 s'ed
1032 3593 1130 3633 rerum
1151 3585 1209 3635 sta·

84 3658 148 3707 tum
168 3646 265 3728 potius
286 3647 433 3706 convertit
451 3645 602 3706 hominum
617 3647 753 3726 pravitas,
773 3648 839 3727 quia
858 3668 946 3711 uerno
966 3648 997 3708 in
1011 3649 1071 3710 eius
1082 3649 1209 3720 arbitrio

86 3735 118 3784 et
142 3744 229 3783 mauu
251 3722 376 3804 positam
405 3741 468 3783 csse
493 3724 626 3806 agnoseit
645 3725 725 3784 cuius
748 3743 785 3784 ue
804 3735 923 3786 sortem.
961 3725 1025 3800 Qui
1043 3746 1114 3786 vero
1135 3724 1208 3783 emi-

18 3837 19 3850 .
86 3797 371 3880 nent-snpraalios,
402 3819 464 3860 nou
487 3799 577 3860 modo
604 3746 817 3867 contumeliose
840 3812 871 3860 et
890 3802 1047 3863 crudeliter
1065 3800 1208 3860 insultant
1303 3807 1306 3810 ’

18 3873 20 3890 ’
109 3877 227 3938 resimis
245 3875 313 3949 suis,
332 3875 382 3936 sed
402 3875 489 3951 etiam
509 3876 649 3938 ferociter
660 3889 762 3940 contra
781 3898 853 3956 suae,
867 3875 1027 3942 altitudinis
1046 3889 1207 3952 auctorem.

18 3999 19 4012 ¹
85 3897 783 4092 iil?..liillidii”litlllld‘liilb
801 3949 1209 4092 iiddli‘lin‘ldiiilll

84 4107 117 4167 iu
136 4049 581 4188 subtimen'honortsqgradun,
601 4105 648 4166 alii
666 4118 761 4167 autem
777 4049 973 4170 *brunengoni
985 4105 1042 4166 suis
1062 4103 1208 4165 soliisrel
1225 4101 1239 4162 ⁸,

122 4183 261 4264 aecipites
287 4181 410 4244 cadunt:
433 4181 515 4244 hanc
543 4183 738 4244 mutationum
762 4204 876 4250 causam
902 4193 945 4242 et·
962 4181 1051 4241 linem
1078 4180 1209 4264 assignat

18 4271 19 4274 ’
116 4261 191 4336 avid,
211 4257 285 4322 Psal.
305 4263 371 4333 107,
390 4265 437 4324 20.
457 4271 488 4320 et
507 4259 622 4330 Daniel.
641 4269 672 4335 2,
688 4265 736 4328 21.
776 4260 915 4319 Videmus
934 4279 1020 4334 sane,
1038 4271 1072 4319 ut
1091 4272 1210 4340 praeter

84 4337 206 4400 modum
223 4334 400 4412 insolescant
416 4335 523 4400 ‘nundi
542 4335 703 4418 prinsipes,
731 4349 765 4399 ut
784 4335 920 4396 diffluant
939 4335 969 4396 iu
988 4334 1155 4412 luxuriam>
1174 4348 1207 4394 nr
1272 4384 1273 4387 ,
