2786 4742
149 345 152 354 ,
194 287 254 352 wo
311 339 316 344 .
362 329 364 342 .
528 278 680 346 SECTIO
701 279 776 342 Vile
809 281 993 344 timaeum,

199 438 305 498 antem
325 427 491 506 cniusdam
511 451 624 498 servus
644 429 728 498 male
749 425 887 510 habens,
907 429 1106 516 propinquus
1127 437 1197 495 crat
1215 431 1334 508 morti,

199 531 256 620 qui
281 527 332 597 illi
359 536 490 598 eratin
519 535 634 620 pretio.
686 533 717 598 3.
744 529 855 616 Quum
882 529 1024 596 audisset
1049 540 1152 596 autem
1174 529 1216 595 de
1239 531 1333 608 Iesu,

198 634 285 698 misit
305 628 347 696 ad
369 653 443 698 euin
469 637 616 700 seniores
636 630 841 707 Indaeorum,
873 649 991 714 rogans
1018 650 1104 709 eum,
1138 641 1174 695 ut
1193 633 1342 698 veniret

201 741 236 799 et
249 743 398 820 ,servaret
418 755 546 800 servum
567 755 667 799 sunm.
707 732 738 797 4.
758 732 801 796 At
821 729 869 796 illi
892 753 988 818 quum
999 731 1216 818 venissentad
1241 753 1329 810 eum,

150 909 153 916 ⁴
199 831 362 920 rogabant
389 831 464 903 euin
489 836 650 911 studiose,
678 829 836 909 dicentes,
867 830 995 916 Dignus
1022 842 1084 910 est,
1114 842 1149 898 ut
1177 831 1245 898 hoc
1276 832 1327 898 illi

197 945 356 1024 praestes.
408 937 439 1004 b,
468 936 584 1022 Diligit
609 937 694 1000 enim
720 945 849 1020 gentem
872 942 1028 1010 nostram,
1060 943 1093 998 et
1123 953 1325 1019 synagogam

200 1035 273 1122 ipse
295 1033 477 1103 aedificavit
496 1035 601 1104 nobis.
647 1037 677 1101 6.
701 1036 791 1100 lesus
814 1043 919 1098 autem
940 1031 1103 1121 profectus
1124 1044 1171 1098 ost
1192 1056 1266 1098 cum
1287 1034 1326 1097 il-

201 1133 252 1206 lis.
293 1135 336 1204 Et
356 1160 453 1226 quum
477 1141 539 1204 iam
560 1157 629 1204 non
648 1133 747 1223 longe
770 1133 898 1218 abesset
918 1156 936 1198 a
956 1133 1061 1214 domo,
1081 1138 1165 1202 misit
1185 1133 1226 1201 ad
1250 1157 1324 1200 cum

203 1237 366 1306 Centurio
389 1239 517 1315 amicos,
539 1236 650 1304 dicens
673 1240 718 1318 ei,
738 1236 895 1328 Domine,
912 1233 983 1302 noli
1003 1239 1124 1301 vexari:
1147 1257 1215 1300 non
1237 1240 1325 1302 enim

202 1361 274 1408 snm
295 1341 441 1419 idonens,
462 1337 828 1406 ntsnbtectummcum
842 1339 949 1403 intres
990 1336 1018 1400 7.
1040 1334 1249 1424 Quapropter
1261 1359 1325 1402 nec

203 1462 256 1506 me
282 1444 387 1529 ipsum
414 1437 586 1506 arbitratus
607 1463 677 1508 sum
706 1439 852 1527 dignum,
877 1439 933 1524 qui
958 1437 1101 1503 venirem
1128 1435 1169 1502 ad
1196 1448 1243 1517 te,
1265 1438 1325 1504 sed

205 1541 260 1607 dic
277 1531 405 1619 verbo}
425 1549 458 1606 et
484 1540 651 1608 sanabitur
669 1563 754 1628 puer
774 1559 873 1606 meus.
939 1537 970 1603 8.
996 1537 1123 1603 Etenim
1144 1559 1204 1622 ego
1225 1537 1325 1605 homo

203 1639 361 1716 sumsuh
389 1651 550 1728 potestate
577 1645 781 1719 constitutus,
812 1637 937 1704 habens
959 1637 1023 1703 sub
1053 1659 1103 1710 me
1130 1637 1260 1704 milites:
1294 1649 1325 1704 ct

205 1739 280 1808 dico
301 1742 386 1820 huic,
409 1739 515 1824 Vade,
537 1753 571 1811 et
586 1743 690 1808 vadit:
708 1751 742 1808 et
763 1738 865 1820 alteri,
885 1740 982 1820 Veni,
1003 1749 1035 1805 et
1054 1741 1155 1806 veuit:
1177 1747 1209 1806 et
1228 1761 1323 1806 servo

204 1843 384 1924 meo,Fac
405 1841 482 1921 hoc,
504 1843 643 1908 etfacit
685 1844 715 1908 9.
735 1840 864 1906 Auditis
884 1850 992 1906 autem
1011 1841 1060 1906 his
1078 1841 1176 1918 lesus,
1195 1843 1323 1906 miratus
1375 1899 1376 1928 q

205 1953 256 2008 est
277 1965 365 2021 eum,
390 1951 423 2006 et
442 1962 618 2008 conversus
638 1944 787 2027 sequenti
808 1960 843 2005 se
864 1938 979 2005 turbae
1001 1941 1093 2020 dixit,
1116 1940 1202 2008 Dico
1222 1940 1322 2020 vobis,
1375 1997 1376 2008 ,

204 2063 249 2110 ne
276 2045 311 2108 in
330 2039 431 2124 lsrael
457 2041 588 2129 quidem
614 2051 736 2110 tantam
760 2040 860 2120 fidem
886 2041 1007 2106 inveni.
1055 2041 1103 2107 10.
1128 2041 1169 2107 Et
1194 2045 1321 2123 reversi,
1375 2037 1376 2062 ¹

205 2143 263 2228 qui
282 2143 370 2206 missi
390 2133 574 2212 fuerantsin
595 2141 739 2224 domum,
766 2151 958 2230 repererunt
983 2165 1119 2224 servum,
1138 2145 1194 2232 qui
1214 2165 1322 2230 aegro

204 2251 336 2322 taverat,
357 2261 478 2311 sanum.
972 2279 979 2284 ·
1225 2269 1229 2278 ·

276 2387 386 2463 ldatth.
403 2408 432 2468 5.
468 2403 565 2466 Porro
582 2424 670 2484 quum
686 2406 833 2480 ingressus
841 2403 962 2480 scisset
1000 2400 1063 2477 Qui
1121 2413 1185 2464 tant
1203 2402 1318 2464 diversas

206 2475 343 2540 historias
362 2479 541 2544 aMattbieo
562 2491 592 2544 et
604 2479 685 2542 Luca
703 2480 818 2555 referri,
838 2481 869 2540 in
888 2501 920 2540 re
939 2477 1013 2540 nihil
1033 2477 1078 2538 hal
1090 2483 1252 2540 ucinantur.
1288 2481 1318 2538 lu
1374 2511 1375 2577 q

204 2555 302 2616 verbis
326 2557 384 2617 hoc
407 2556 504 2618 solum
530 2569 575 2620 est
593 2558 752 2636 diversum,
783 2557 863 2636 quod
888 2555 965 2636 apud
984 2556 1162 2618 Matthaeum
1181 2557 1317 2618 Centurio

206 2632 315 2692 dicitur
337 2633 373 2693 ad
395 2632 543 2694 Christum
563 2635 693 2709 venisse,
717 2636 793 2726 apud
811 2635 922 2698 Lucam
939 2653 1010 2693 vero
1035 2633 1141 2694 dicitur
1164 2635 1272 2694 misisse
1290 2653 1318 2692 er

204 2706 322 2768 Iudaeis
341 2709 496 2788 quosdam,
537 2710 566 2772 ui
585 2731 639 2772 suo
660 2731 779 2772 nomme
797 2708 1046 2788 rerbafacerent.
1085 2710 1144 2770 Sed
1163 2711 1317 2770 Matthaeus

138 2829 149 2840 ,
205 2803 268 2844 non
292 2783 394 2862 inepte
417 2783 460 2844 illi
483 2731 606 2860 tribuit,
637 2787 716 2866 quod
742 2788 803 2846 eius
828 2797 935 2867 rogatu
954 2797 985 2845 et
1004 2785 1123 2848 nomine
1143 2787 1254 2870 gestum
1274 2797 1318 2846 est.

206 2857 366 2918 Caeterum
390 2859 422 2918 io
448 2861 584 2921 omnibus
604 2862 825 2923 circumstantiis
850 2862 889 2922 ita
913 2863 1093 2922 conrebiunt
1117 2862 1175 2923 duo
1196 2863 1319 2944 Evange-

204 2932 299 3022 listae‚
319 2945 351 2994 ut
369 2936 523 2998 ridiculum
543 2938 581 2998 sit
600 2937 658 2998 duo
678 2937 816 2998 miracula
835 2959 890 3019 pro
910 2958 970 2999 nno
990 2939 1111 3019 lingere.
1149 2939 1244 3000 Porro
1264 2961 1318 2999 nou

205 3007 311 3070 dubus
332 3011 401 3090 quin
422 3014 549 3074 militum
567 3014 671 3090 turba,
702 3015 752 3090 cui
770 3015 913 3077 Centurio
933 3027 1081 3096 praeerat,
1100 3017 1254 3078 stationem
1273 3017 1318 3076 ha-

204 3083 305 3174 buerit
323 3085 356 3145 iu
375 3087 449 3150 urhe
470 3090 673 3168 capernaum,
702 3103 736 3151 nt
754 3090 891 3152 solebant
914 3092 1048 3174 legiones
1067 3095 1097 3152 iu
1116 3092 1256 3174 praesidia
1274 3115 1317 3152 ur-

204 3159 286 3249 bium
308 3161 450 3224 distribui.
494 3167 558 3226 lllir
579 3185 667 3245 quum
691 3189 789 3230 mores
814 3167 916 3250 populi
936 3167 1093 3231 admodum
1112 3189 1215 3252 pravos
1236 3181 1264 3228 et
1280 3169 1316 3228 vi·

200 3245 297 3298 nosos
317 3253 455 3300 cerneret
472 3243 732 3320 (quemadmodum
748 3246 874 3321 scimus,
890 3245 1076 3325 ,Capemanm
1096 3245 1199 3306 urbem
1217 3245 1316 3305 mariti-

203 3332 281 3372 mam
308 3313 440 3449 pluribns
465 3318 641 3398 corruptelis
667 3343 753 3402 quarn
777 3322 847 3384 alias
870 3321 1009 3384 refertam
1034 3321 1149 3396 luisse),
1177 3324 1208 3384 id
1229 3334 1315 3382 umen

203 3407 267 3478 nou
293 3409 311 3448 o
334 3389 422 3480 stitit,
441 3394 601 3484 <quominus
626 3395 732 3477 patriis
749 3397 1005 3479 superstitionibus
1030 3398 1168 3460 damnatis
1193 3419 1273 3460 verae
1291 3408 1315 3456 et

203 3483 336 3524 sincerae
354 3477 469 3545 pretatis
481 3479 599 3550 gustum
611 3486 744 3554 caperet:
764 3495 861 3554 neque
874 3473 951 3534 enirn
963 3495 1142 3559 synagogam
1155 3483 1314 3539 exstruxerat

201 3540 335 3617 Iudaeis,
366 3541 422 3635 nisi
450 3565 516 3634 cum
535 3547 631 3683 aliqua
655 3551 763 3611 invidia
783 3563 812 3611 et
836 3552 984 3632 periculo,
1017 3570 1072 3612 nec
1102 3565 1220 3636 gentem
1246 3550 1311 3610 illam

203 3618 335 3693 amabat,
361 3639 416 3682 nisi
436 3641 590 3706 quaeamp
604 3647 670 3688 exus
690 3639 753 3688 erat
777 3628 861 3689 unius
881 3628 939 3688 Dei
956 3627 1078 3690 cultum.
1128 3630 1230 3710 Itaque
1247 3626 1311 3706 prius

202 3713 293 3828 quam
312 3713 426 3755 servum
447 3698 508 3757 eins
528 3699 661 3764 Christus
680 3715 806 3777 sanaret,
824 3707 887 3786 ipse
906 3727 921 3765 a
940 3704 1073 3766 Domino
1094 3717 1208 3768 sanatus
1227 3705 1310 3764 luerat

124 3800 128 3808 ·
234 3787 308 3849 eque
327 3771 357 3830 id
376 3772 440 3831 sine
458 3772 613 3864 miraculo:
641 3781 721 3914 qnod
740 3780 852 3841 scilicet
871 3781 960 3841 bomo
986 3783 1132 3857 militaris,
1152 3784 1203 3862 qui
1222 3789 1309 3843 armata

202 3865 292 3935 marin
310 3867 390 3906 mare
408 3860 575 3940 traiecerat,
594 3867 628 3915 ut
664 3856 771 3917 udaeos
791 3859 984 3918 assneiaceret
1001 3860 1038 3919 ad
1057 3859 1212 3920 ferendum
1229 3871 1309 3938 tyran·
1368 3897 1369 3908 i

201 3921 279 3980 nadre
298 3921 450 4012 Ilomanae
468 3949 498 3985 ru
522 3950 584 4004 um,
607 3931 675 3993 Deo
695 3934 785 3994 Israel
804 3953 835 3994 se
855 3934 935 3995 ultro
954 3935 1099 3999 submittit
1118 3948 1148 3996 et
1172 3934 1271 4000 addicit
1285 3931 1308 3990 iu

202 3993 387 4078 obsequium.
428 3946 520 4076 Quod
541 4004 611 4066 dicit
629 4008 732 4086 Lucas,
751 4030 866 4070 serrum
885 4010 964 4070 hunc
989 4012 1078 4072 luisse
1097 4012 1140 4071 illi
1159 4012 1309 4093 pretiosum,

200 4066 261 4158 hoc
280 4075 371 4135 modo
381 4077 607 4167 'dubitationem
631 4086 798 4163 praevenit,
822 4105 897 4166 quae
922 4088 1020 4148 subire
1046 4099 1164 4169 poterat
1187 4089 1309 4150 lectorum

201 4161 328 4230 animosa
348 4172 454 4242 aqimus
468 4155 559 4233 euim,
578 4179 641 4219 non
652 4159 770 4224 habitos
789 4163 877 4223 fnisse
892 4184 992 4225 servos
1011 4184 1048 4225 eo
1069 4166 1101 4224 io
1119 4166 1228 4246 pretio,
1243 4158 1310 4224 utde

158 4262 163 4270 ¹
201 4235 333 4292 ¹P⁸⁰rum
352 4240 412 4289 vita
430 4242 489 4292 uin
509 4234 585 4294 anxii
605 4248 702 4298 essent
721 4239 847 4316 domini,
874 4239 931 4300 uisi
951 4241 1002 4320 qui
1021 4239 1161 4326 singulari
1179 4235 1310 4307 industria,

200 4287 248 4348 ”¹
266 4293 336 4374 fides
356 4303 402 4362 vel
422 4307 477 4369 alis
496 4311 605 4374 virtute
623 4310 680 4373 sihi
735 4315 821 4376 atiani
841 4316 1046 4395 acquisierant.
1085 4317 1236 4400 Significat
1252 4329 1309 4393 ergo

202 4361 307 4446 nucu,
325 4394 388 4438 που
407 4381 527 4469 vulgare
546 4388 635 4454 inisse
653 4333 865 4476 rotildruuqne
882 4393 1076 4479 mancipium,
1095 4395 1147 4459 sed
1165 4391 1309 4456 eademst
