2816 4746
77 458 216 540 dicitur,
237 482 274 524 ex
293 483 351 556 quo
371 470 455 528 ortus
472 461 484 522 l
504 481 535 523 se
547 461 696 525 Gerardns
709 461 847 527 Calvinus
865 473 950 546 pater
962 464 993 526 ln
1011 443 1117 526 orbern
1136 465 1227 550 ipsam

94 553 200 621 postea
220 551 387 600 transierat:
429 561 469 600 uo
482 483 557 601 loco
578 553 694 602 constat
713 543 855 602 Ioannem
874 543 968 634 ipsum
988 542 1152 619 Calvinum,
1172 563 1226 604 an-

93 630 215 710 tequam
230 615 327 676 Gallia
340 636 406 677 exce
429 629 503 691 eret,
521 617 609 677 nullis
627 618 738 710 alioqui
758 617 917 698 pontificos
928 619 1081 680 ordinibus
1094 640 1224 701 uuquam

93 693 248 756 initiatum
261 694 383 773 aliquot
406 693 442 753 ad
462 694 604 774 populum
624 715 784 755 conciones
805 692 946 753 habuisse.
991 695 1050 755 Sed
1070 695 1128 758 boc
1148 717 1223 758 con-

13 827 14 830 ,
93 771 195 830 silium
215 771 368 849 interrupit
386 771 537 851 utriusque
556 781 683 831 mutatus
702 771 823 832 animus.
866 770 961 830 Patris
981 771 1114 850 quidem,
1141 773 1223 855 quod
1323 821 1350 832 ,.

94 845 355 926 Iurisprndentiam
376 847 482 906 certius
505 849 562 907 iter
581 866 643 907 esse
667 848 703 907 ad
723 867 796 928 opes
817 857 847 906 et
870 845 1000 906 bonores
1018 848 1142 910 videret:
1167 849 1222 911 filii

96 943 187 996 vero,
207 922 281 1002 qnod
302 943 317 984 a
338 934 466 1005 cognato
490 923 616 1004 quedam
635 945 689 985 sue
709 924 802 984 Petro
823 921 960 983 Roberto
982 920 1153 1000 otranno,
1174 927 1223 987 cui

97 998 226 1059 Gallicae
239 999 379 1060 ecclesiae
391 1019 530 1061 conversa
550 1020 584 1060 ex
602 1001 730 1061 bebraeo
742 998 839 1062 Biblia
852 999 999 1068 Neocomi
1014 998 1129 1080 [Neufc

70 1075 233 1155 Jimpressa
253 1076 374 1150 debent,
395 1075 431 1134 de
446 1096 514 1138 vera
528 1076 677 1159 religione
696 1079 862 1138 admonitus
882 1075 1014 1158 legendis
1034 1077 1121 1136 sacris
1138 1077 1220 1140 libns
1271 1098 1273 1104 ·

91 1171 126 1212 se
144 1153 275 1228 tradere,
301 1174 318 1218 a
337 1151 593 1232 superstitionibus
612 1173 683 1215 vero
703 1153 879 1224 abhorrere,
903 1173 935 1228 ac
954 1151 1083 1234 proinde
1101 1171 1164 1214 sese
1182 1154 1220 1216 ab

89 1228 148 1289 illis
183 1231 271 1290 sacris
301 1229 457 1310 seiungere
488 1251 542 1290 coe
566 1232 645 1290 isset.
692 1230 840 1291 Aureliam
866 1227 1025 1321 [Orldum]
1052 1249 1125 1310 ergo
1148 1229 1221 1292 iuris

90 1304 185 1366 civilis
205 1305 343 1366 audiendi
369 1325 454 1366 causa
472 1327 528 1386 pro
544 1320 634 1382 ectus,
653 1306 705 1369 ubi
722 1319 794 1367 tunc
814 1306 1100 1366 Iurisconsultorum·
1115 1303 1221 1366 Gallo·

88 1403 156 1442 rum
176 1380 262 1443 lacile
281 1383 417 1476 princeps
427 1382 532 1444 Petrus
543 1383 637 1444 Stella
655 1384 791 1458 docebat,
810 1385 913 1466 mirum
935 1395 1118 1519 quantopere
1138 1382 1222 1443 brevi

88 1459 422 1540 tempore-proiecerat:
441 1459 515 1520 adeo
536 1461 654 1540 quidem
669 1473 717 1536 nt,
739 1481 827 1541 quum
846 1459 1011 1539 saepissime
1019 1481 1040 1519 o
1064 1458 1120 1519 iret
1138 1459 1220 1540 ipso-

12 1549 14 1560 '
89 1557 158 1596 rum
182 1537 351 1598 Doctorum
376 1535 470 1612 vices,
507 1537 625 1598 Doctor
650 1537 749 1619 potius
781 1534 1019 1617 quamAuditor
1049 1535 1219 1611 baberetur,

89 1613 178 1692 eique
198 1612 360 1672 discedenti
378 1612 558 1675 Doctoratus
589 1614 712 1698 insignia
736 1613 847 1706 absque
874 1612 936 1682 ullo
960 1613 1073 1693 pretio,
1102 1631 1219 1673 sommo

89 1689 262 1750 docentium
283 1691 414 1749 omnium
445 1711 607 1764 consensu,
639 1691 720 1773 quasi
741 1702 852 1772 optime
872 1689 908 1750 de
927 1689 1085 1750 Academia
1108 1689 1216 1750 merito

87 1765 281 1826 offerrentur.
319 1766 437 1827 Interea
461 1779 560 1828 tamen
579 1769 630 1829 ille
649 1789 794 1830 sacrarum
814 1765 964 1826 literarum
983 1765 1110 1826 studium
1129 1762 1216 1828 simul

87 1842 247 1924 diligenter
258 1843 402 1919 excolere,
420 1843 451 1902 in
472 1866 533 1924 quo
552 1857 664 1906 tantum
685 1845 772 1906 etiam
791 1853 988 1924 promoverat,
1007 1843 1216 1934 etquicunque

85 1919 118 1978 in
140 1939 175 1978 ea
194 1919 268 1980 urbe
292 1918 390 2000 aliquo
416 1922 542 2000 purioris
568 1921 717 2005 religionis
743 1921 966 2003 cognoscendae
985 1919 1083 1981 studio
1107 1931 1214 2001 tange-

84 1995 198 2056 bantur
232 1997 268 2056 ad
301 2016 367 2056 eum
394 1999 479 2058 etiam
511 1999 761 2080 percunctandum
784 1997 973 2071 ventilarent,
1006 1997 1067 2056 eius
1089 2015 1127 2056 ne
1149 2007 1213 2054 tum

86 2073 301 2149 eruditionem,
330 2086 394 2134 tum
419 2076 555 2136 ardorem
585 2095 766 2158 magnopere
791 2074 1013 2136 admirarentur.
1052 2017 1213 2134 'lassantur

85 2160 184 2208 autem
204 2150 339 2210 nonnulli
359 2151 452 2213 adbuc
470 2153 731 2234 superstites,'qui
750 2164 812 2210 tum
833 2153 860 2209 ei
878 2149 1034 2210 familiares
1054 2161 1084 2208 et
1103 2159 1212 2209 contu-

84 2224 221 2286 bernales
241 2227 376 2304 suerunt,
396 2231 579 2290 consuevisse
598 2229 679 2290 illum
722 2249 754 2288 er
772 2228 801 2288 id
821 2237 953 2307 tempus,
972 2237 1127 2362 postquam
1147 2224 1211 2283 fru-

83 2302 366 2384 galiteradrnodum
386 2318 554 2382 coenasset,
586 2307 621 2366 ad
646 2251 772 2366 mediam
793 2305 888 2384 usque
907 2314 1025 2364 noctem
1056 2300 1211 2372 ucubrare,

83 2398 174 2450 mane,
190 2399 262 2439 vero
283 2393 495 2460 experrectum,
515 2403 590 2460 quae
610 2382 728 2465 legisset
748 2379 869 2439 inlecto
888 2379 1065 2456 aliquamdiu
1077 2375 1213 2435 meditari

81 2455 236 2544 velutique
255 2475 460 2534 concoquere,
486 2476 542 2516 nec
556 2458 648 2516 'facile
666 2461 698 2518 in
718 2477 752 2515 ea
771 2454 962 2513 meditatione
982 2474 1096 2530 passum
1116 2451 1213 2532 inter-¹

80 2529 200 2612 pellata.
239 2530 356 2602 Quibus
376 2533 553 2591 continuatis
571 2534 675 2612 vigiliis
698 2535 762 2610 ipse
788 2529 906 2606 quidem
925 2527 1047 2586 solidam
1068 2525 1216 2586 eruditio-t

81 2628 171 2681 nem,
203 2617 233 2666 et
253 2605 447 2676 excellentem,
462 2609 631 2676 memoriam
653 2618 696 2666 est
715 2603 938 2682 consequutus*
953 2603 1005 2664 sed
1024 2602 1104 2663 illam
1122 2601 1210 2662 vicis·
1240 2609 1244 2616 “

80 2685 147 2759 sim,
168 2694 202 2743 ut
221 2682 376 2744 verisimile
396 2695 450 2760 est,
471 2684 624 2748 ventriculi
643 2681 871 2750 imbecillitatem
891 2679 1045 2757 contraxit,
1064 2698 1139 2760 quae
1159 2699 1209 2738 va·
1243 2711 1245 2718 c

81 2761 143 2822 rios
161 2760 218 2840 ipsi
236 2759 373 2835 morbos,
406 2771 436 2820 et
460 2761 577 2821 tandem
598 2761 682 2822 etiam
704 2758 938 2838 intempestivam
957 2769 1082 2818 mortem
1103 2755 1208 2817 attulit.

81 2838 156 2896 Erat
184 2849 247 2897 tum
279 2827 443 2897 academiae
461 2838 652 2900 Bituricensis
673 2833 725 2918 [da
742 2834 890 2914 Bowges]
915 2855 1020 2917 magua
1044 2833 1209 2906 celebritas,

82 2913 164 2995 quod
184 2933 222 2974 eo
242 2925 377 2975 evocatus
404 2933 437 2974 ex
455 2915 537 2976 Italia
557 2914 784 2977 Iurisconsultus
808 2914 908 2972 aetatis
927 2933 996 2972 suae
1016 2911 1099 2973 facile
1123 2908 1206 2991 prin-

81 3011 151 3070 ceps
169 2989 301 3052 Andreas
320 2990 451 3066 Alciatns
471 2994 611 3068 venisset,
638 3013 725 3072 quem
743 2989 800 3051 sibi
820 3007 938 3070 quoque
957 2989 1086 3050 Ioannes
1105 2998 1209 3059 noster

80 3068 258 3146 audiendum
277 3068 397 3148 putavit.
424 3068 546 3148 ¹Itaque
561 3089 651 3150 quum
670 3090 707 3130 eo
727 3068 766 3126 mi
791 3077 894 3138 nasset,
919 3066 1071 3126 amicitiam
1088 3062 1156 3121 iniit
1175 3072 1206 3122 et

78 3144 233 3226 religionis
254 3157 284 3203 et
303 3144 451 3206 literarum
471 3147 592 3206 nomine
612 3168 679 3207 cum
697 3087 863 3205 Melclxiore
881 3139 1205 3203 WolmaroGermano

78 3219 279 3294 Rotnillensi,
296 3241 467 3302 graecarum
485 3223 632 3284 literarum
646 3222 764 3303 publico
776 3219 914 3280 tum'illic
926 3219 1105 3300 professore,
1123 3215 1207 3276 culus
1299 3281 1304 3292 ,

78 3297 203 3357 maxime
221 3297 277 3358 viri
298 3318 334 3356 eo
354 3298 491 3360 libentius
511 3301 641 3374 memini,
661 3297 741 3379 quod
761 3297 887 3356 eundem
907 3315 963 3378 ego
983 3317 999 3354 a
1019 3293 1112 3374 prima
1130 3309 1205 3372 pue-

79 3375 148 3434 ritia
180 3373 215 3433 ad
246 3373 433 3454 pubertatem
466 3395 559 3456 usque
590 3382 813 3457 praeceptorem
849 3373 966 3432 unicum
996 3369 1099 3441 habui,
1123 3367 1204 3428 cuius

19 3505 25 3528 ,
52 3481 54 3490 ·
78 3451 256 3525 doctrinam,
274 3452 431 3530 pietatem,
447 3465 636 3532 ¹caeterasque
655 3453 789 3526 virtutes,
809 3449 1008 3512 admirabilem
1029 3446 1154 3584 denique
1173 3443 1204 3502 in

78 3527 239 3589 erudienda
258 3529 409 3590 iuventute
428 3529 628 3593 dexteritatem
648 3549 795 3609 nunquam
814 3527 881 3588 satis
900 3527 1008 3608 possim
1026 3540 1096 3604 prae
1118 3524 1205 3583 icare.

78 3605 156 3664 Hoc'
168 3616 288 3664 auctore
308 3604 647 3668 etadluteretCalvinus
667 3627 784 3688 graecas
803 3603 900 3664 literas
919 3603 1031 3677 didicit,
1051 3600 1132 3660 cuius
1150 3597 1204 3688 be·
1241 3601 1244 3608 '

78 3681 179 3740 nelicii
198 3681 369 3740 memoriam
390 3681 525 3742 omnibus
544 3693 647 3764 postea
666 3695 800 3744 testatam
820 3699 882 3740 esse
901 3680 1005 3752 voluit',
1024 3687 1204 3738 consecratas

77 3757 168 3838 ipsius
188 3758 300 3818 nomini
321 3759 545 3836 commentariis,
565 3780 639 3838 quos
659 3759 688 3818 in
701 3760 821 3819 alteram
838 3757 874 3818 ad
888 3755 1060 3820 Corinthios
1079 3750 1199 3834 Episto-

38 3898 44 3916 Ι
77 3833 133 3893 lam
162 3834 261 3894 edidit.
292 3835 350 3894 ¹'In
375 3835 417 3895 bis
437 3836 529 3918 igitur
546 3836 648 3897 studiis
667 3848 845 3908 versantem,
873 3835 914 3894 ito
938 3844 1036 3893 tamen
1056 3843 1089 3891 ut
1107 3845 1201 3914 sacras

76 3910 176 3970 literas
201 3909 313 3970 assidue
328 3923 454 3989 tereret,
476 3913 609 3992 adeoque
634 3911 789 3973 nonnullas
805 3911 956 3971 interdum
986 3908 1144 3970 conciones
1167 3921 1200 3958 ιιι
1250 3935 1253 3942 ,

77 4008 150 4069 agro
170 3987 353 4070 Biturigum,
378 3987 410 4048 in
434 3990 576 4069 oppidulo
602 3991 682 4070 quod
701 3989 832 4049 binerias
859 3988 1016 4073 [Ligurinas
1037 4005 1074 4042 en
1092 3976 1198 4070 Barsa]

76 4076 199 4141 vocant,
231 4076 386 4143 praesente
405 4077 435 4125 et
458 4065 605 4146 probante
628 4065 847 4128 illiusdomino
877 4067 1016 4140 baberet,
1045 4065 1201 4135 repentlna

75 4162 156 4200 mors
174 4142 265 4222 patris
285 4141 415 4201 nuntiata
434 4142 464 4201 in
485 4141 605 4222 patriam
625 4145 781 4205 revocavit.
823 4139 1003 4222 Inde'paulo
1022 4145 1091 4216 post
1109 4131 1201 4224 Lutea
1269 4177 1284 4192 ,-

75 4217 144 4277 tiam
164 4217 318 4292 transiens,
337 4239 426 4298 quum
446 4241 554 4283 annum
573 4225 675 4314 ageret
693 4220 862 4302 vigesimum
883 4228 1030 4298 quartum,
1051 4227 1201 4292 egregrum

75 4293 157 4354 illurn
188 4295 429 4356 commentarium
453 4295 569 4378 scripsit
593 4319 623 4357 m
649 4297 780 4357 Senecae
804 4296 935 4356 libellum
957 4293 995 4352 de
1019 4291 1199 4355 Clementia:

77 4391 135 4449 qno
155 4371 300 4452 scriptore
321 4372 503 4452 gratissimo,
529 4375 586 4433 eti
608 4373 667 4434 sius
687 4372 802 4435 Caluini
825 4372 957 4433 moribus
980 4367 1068 4451 plane
1088 4387 1199 4428 conve—

76 4447 280 4512 niantvualde
299 4447 478 4516 delectatum
500 4471 566 4511 eum
586 4395 675 4511 luisse
694 4459 818 4518 constat.
861 4450 910 4510 lbi
933 4451 1032 4536 paucis
1050 4443 1200 4510 muribus
