2824 4756
221 239 261 302 aa
401 233 552 296 SECTIO
571 233 612 294 11.
650 235 787 297 Ioannis
807 191 1165 304 banrmme'nurnnus.
1212 233 1215 242 '

220 388 360 460 turgeant
382 377 535 460 superbia,
565 392 598 442 ut
628 399 678 442 eos
702 400 862 462 prosperae
884 381 1022 460 fortunae
1042 383 1178 448 dulcedo
1199 373 1341 444 inebriet.

221 463 346 522 Tantam
375 456 613 537 iugratitudinem
632 458 657 517 si
680 457 756 535 ferre
777 469 902 538 nequeat
920 459 1091 536 Dominus,¹
1112 459 1185 520 nibil
1214 461 1339 519 mirum:

220 541 290 600 hinc
308 533 357 607 fit,
386 544 420 591 ut
445 530 615 612 plertnnque
641 555 701 594 uon
722 534 771 594 diu
794 545 930 594 maneant
948 535 1081 611 stabiles,
1113 557 1186 615 quos
1205 536 1287 596 Deus
1308 537 1341 596 in

150 664 154 672 .
220 607 348 680 sublime
363 609 472 668 extulit.
511 610 571 668 Iam
592 631 688 670 rursus
713 631 813 690 regum
834 623 864 669 et
888 612 1052 692 principum
1078 612 1218 692 splendor
1242 611 1340 672 bomi-

144 738 148 746 t
220 719 291 768 num
310 685 411 765 vulgus
438 685 653 766 obstupefacit,¹
679 698 712 745 ut
737 687 821 765 pauci
846 689 976 764 superius
1002 689 1120 768 aliquod
1144 695 1252 748 numeir
1275 701 1352 749 esse
1398 759 1399 766 ἵ

119 779 121 786 “
221 772 360 854 cogitent.
400 764 516 840 Quodsi
536 785 569 822 ex
587 775 671 824 utero
690 775 836 840 sceptrum
856 763 997 824 afferrent
1015 785 1111 846 secum
1131 761 1289 845 principes,
1303 777 1341 824 ,et

220 849 361 910 continua
381 855 456 904 esset
473 859 632 932 regnorum
651 839 806 913 stabilitas,
834 840 930 899 statim
955 847 1141 901 evanesceret
1165 844 1259 924 om'uis
1279 841 1340 900 Dei

222 927 333 992 eteius
358 919 558 1001 providentiae
583 915 695 975 notitia.
733 915 879 975 Dominus
900 937 995 998 ergo,¹
1013 917 1133 978 humiles
1158 918 1199 976 in*
1213 918 1339 978 s'ublime

219 1002 343 1070 tollens,
362 996 462 1056 mundi
481 991 646 1072 superbiam
667 993 746 1072 quasi
766 992 797 1054 in
816 993 964 1072 triumpho
984 993 1126 1067 traducit,
1146 1007 1176 1054 et
1195 993 1281 1054 simul
1301 993 1338 1053 ad
1398 1051 1399 1072 ἶ

74 1087 78 1094 “
148 1091 153 1105 ‘
218 1077 429 1158 simplicitatem
448 1092 482 1130 ac
501 1069 671 1141 modestiam
692 1069 788 1140 erudit
810 1090 886 1130 suos.
934 1071 1021 1137 Nune
1044 1081 1176 1130 tenemus
1197 1092 1338 1162 quorsum

219 1155 296 1217 dicat
315 1150 423 1220 biania,
448 1145 548 1206 Deum
564 1165 625 1204 esse
645 1147 695 1226 qui
714 1166 851 1226 proceres
871 1145 969 1210 deiicit
988 1167 1022 1206 ex
1040 1147 1135 1224 soliis,
1156 1159 1186 1208 et
1204 1147 1337 1208 infirmos
1398 1149 1399 1208 l

219 1231 338 1291 exaltat:
358 1243 463 1304 nempe
483 1235 515 1284 ut
535 1222 648 1297 doceat,
668 1243 727 1282 nou
742 1242 832 1282 coeco
854 1222 989 1286 fortunae
1009 1223 1120 1302 impetu
1138 1224 1215 1283 volvi
1235 1237 1264 1283 et
1284 1245 1351 1314 ro-s‘

217 1307 275 1366 tari
293 1301 448 1371 mundum,
471 1299 523 1360 eed
546 1319 738 1378 quaecunque
764 1293 1153 1362 cernuntur¹conversiones
1180 1301 1239 1369 Dei
1263 1320 1336 1378 pro-

208 1373 345 1444 'videntia
364 1377 513 1450 accidere,
532 1377 637 1436 deinde
657 1377 750 1456 ipsum
769 1376 866 1434 Deum
885 1397 993 1436 summa
1013 1377 1159 1456 aequitate
1177 1375 1336 1449 moderari,

217 1477 292 1538 quae
311 1467 406 1516 totum
425 1454 526 1514 mundi
545 1452 678 1514 ordinem
695 1452 814 1512 turbare
835 1464 864 1512 et
882 1464 1055 1531 pervertere„
1069 1453 1175 1513 iudicia
1189 1453 1337 1527 ridentur,

217 1533 299 1670 qpod
318 1533 449 1612 proximo
468 1552 553 1591 versu
571 1528 673 1591 melios
698 1529 863 1588 confirmat:
891 1531 1059 1604 esurientes,
1083 1530 1191 1614 inquit,
1217 1529 1336 1606 replumi

254 1614 299 1668 nia
318 1623 344 1668 et
363 1601 460 1670 divites
478 1606 584 1668 dimisit
600 1610 709 1666 inanes.
743 1607 828 1666 'Nam
846 1599 914 1664 binc
936 1595 1198 1686 colligimus,.nou
1218 1625 1273 1686 per
1292 1627 1335 1680 se,
1398 1663 1399 1670 ,

217 1687 268 1752 sed
290 1705 324 1745 ex
343 1706 426 1746 causa
445 1686 619 1744 mutationes
639 1683 754 1763 placere
773 1683 858 1754 Deo,
877 1682 945 1760 quia
963 1683 1076 1742 scilicet
1093 1681 1200 1774 magni
1208 1695 1241 1775 et
1261 1683 1334 1746 divi-
1398 1681 1399 1720 t

216 1774 262 1822 tes
283 1774 312 1820 et
330 1761 465 1841 potentes
486 1757 634 1820 saturitate
654 1781 704 1818 sua
723 1759 817 1819 inflati
836 1758 891 1819 sibi
911 1763 1050 1895 arrogant
1069 1780 1182 1831 omma,
1206 1760 1262 1840 1psi
1277 1781 1333 1829 ,au-

215 1851 277 1910 tem
297 1838 363 1898 Deo
385 1837 457 1897 nibil
477 1836 758 1914 faciuntreliquum.
798 1834 898 1909 Quare
916 1835 1017 1896 seduo
1039 1837 1198 1896 cavendum
1217 1848 1275 1907 est,
1295 1856 1333 1894 ue
1398 1887 1399 1902 ,

215 1913 304 1980 rebus
324 1915 470 1994 prosperis
487 1913 654 1974 efferamur.
683 1911 828 1981 ¹Cavenda
848 1911 1065 1972 etiamveotosa
1085 1913 1177 1972 carnis
1189 1914 1334 1986 saturitas,
1363 1921 1369 1948 ⁴

216 1991 371 2052 ne'subito
394 2012 448 2050 nos
466 1992 547 2059 Deus
565 1988 722 2049 exinaniat:
741 1987 794 2066 piis
813 2007 895 2063 vcro,
908 1989 965 2067 =qui
984 1986 1120 2071 egestatis
1139 2009 1206 2050 suae
1223 1989 1334 2049 conscii

1397 1903 1399 1932 ⁴

217 2081 249 2128 et
267 2069 347 2158 quasi
365 2067 490 2127 famelici
508 2065 648 2127 adDeum
667 2066 821 2144 suspirant,
840 2085 900 2124 non
919 2086 1020 2142 parum
1038 2065 1136 2136 solatii
1154 2065 1242 2138 affert
1260 2065 1333 2130 baec
1398 2121 1399 2126 ,

217 2145 359 2220 doctrina,
374 2144 458 2280 quod
477 2143 557 2203 Deos
577 2141 735 2202 esurientes
755 2141 840 2200 bonis
859 2141 986 2222 impleat.

252 2231 253 2236 ’
291 2225 336 2286 54.
400 2223 505 2296 incepit
522 2218 627 2278 Israel.
671 2218 739 2278 Hoc
764 2229 913 2298 postremo
939 2217 1073 2278 membro
1094 2217 1244 2300 generales
1263 2239 1331 2278 seu-

213 2296 321 2360 tentias
340 2296 540 2358 accommodat
559 2294 650 2356 Maria
669 2295 703 2354 ad
724 2295 966 2364 circumstantiam
986 2308 1175 2375 praesentem.
1214 2295 1332 2356 Summa
1398 2313 1399 2336 ³

214 2386 311 2438 autem
332 2386 384 2448 est,
402 2374 499 2432 Deum
518 2381 597 2435 nunc
618 2393 703 2508 qsuam
724 2373 794 2431 olim
812 2369 959 2450 pollicitus
979 2370 1099 2431 salutem
1118 2373 1222 2432 sanctis
1238 2371 1331 2444 Patri·
1398 2397 1399 2410 ¹

190 2449 194 2458 ’
213 2451 270 2520 bus
289 2451 384 2511 fuerat
403 2450 586 2531 praestitisse.
649 2449 684 2507 ed
703 2449 828 2529 primum
847 2448 977 2509 inverbo
997 2448 1330 2524 aecipiendi'concinna

110 2573 114 2580 ι
214 2540 260 2588 est
278 2527 463 2607 metaphora:
483 2529 523 2591 sie
534 2527 612 2586 euim
625 2523 767 2605 collapsus
780 2537 849 2584 erat
864 2525 970 2606 populi
989 2537 1088 2596 status,
1107 2537 1140 2584 ut
1151 2525 1229 2584 nulla
1240 2525 1328 2605 vulgo

213 2625 279 2684 opes
305 2617 394 2677 ess'et,
424 2625 511 2682 posse
540 2603 571 2662 in
603 2603 750 2683 integrum
782 2602 903 2662 restitui.
948 2602 1104 2680 Susceptus
1130 2621 1207 2682 ergo¹
1226 2601 1330 2661 dicitur

213 2677 319 2754 lsrael,
350 2681 416 2770 qnia
435 2680 515 2740 Deus
544 2691 680 2757 porrecta
703 2701 790 2737 manu
815 2690 991 2756 prostratum
1012 2690 1042 2737 et
1064 2679 1204 2736 iacentem
1229 2678 1328 2736 crexit.

213 2755 331 2834 Religio
362 2756 522 2814 innumeris
551 2754 646 2813 modis
676 2754 871 2814 contaminata
896 2766 971 2826 erat:
988 2755 1031 2829 ,in
1060 2754 1176 2834 publica
1196 2753 1329 2814 doctrina

212 2832 285 2902 nibil
306 2831 368 2888 fere
387 2831 545 2890 sincerum:
571 2829 717 2890 Ecclesiae
737 2830 868 2911 regimen
893 2831 955 2910 plus
977 2852 1061 2908 quam
1081 2829 1232 2890 confusum
1258 2829 1330 2889 nibil

213 2908 292 2969 aliud
318 2927 403 2985 quam
423 2907 577 2969 immanem
598 2906 761 2966 barbariem
780 2905 920 2985 spirabat:
945 2907 1080 2986 politicos
1101 2907 1175 2966 ordo
1197 2927 1327 2967 eversus:

212 2983 313 3064 populi
334 2995 439 3062 corpus
458 2982 584 3042 Romani
608 2994 639 3040 et
657 2983 791 3042 Herodes
812 2983 890 3061 quasi
914 2983 993 3060 ferae
1014 2983 1123 3044 bestiae
1142 2983 1329 3044 laniaverant.

212 3061 284 3134 Quo
304 3058 444 3120 illustrior
463 3059 520 3118 fuit
537 3059 723 3132 instauratio,
768 3056 832 3118 nain
857 3060 944 3119 rebus
970 3059 1043 3119 adeo
1067 3059 1189 3140 perditis
1212 3079 1328 3141 sperare

210 3133 266 3200 illis
286 3157 347 3196 non
368 3135 483 3196 licebat.
519 3135 609 3194 Pueri
627 3080 774 3226 qomenlr

143 3355 146 3363 ¹
210 3311 262 3350 vus
280 3289 338 3348 Dei
357 3301 475 3350 vocatur
494 3288 551 3349 boc
571 3287 638 3350 loeo
658 3287 748 3348 Israel
768 3289 868 3364 (sicuti
886 3289 917 3348 in
937 3290 999 3351 aliis
1019 3288 1241 3370 compluribus),
1260 3291 1326 3423 quia

210 3368 242 3424 in
261 3365 478 3426 Deifamiliam
502 3377 637 3457 receptus
656 3377 734 3424 erat.
779 3364 817 3424 Ut
840 3383 946 3425 noemor
968 3379 1044 3426 esset.
1090 3367 1211 3440 Caroeam
1231 3385 1262 3424 re
1285 3367 1327 3426 dit
1398 3421 1399 3436 ,

209 3443 312 3514 Maria,
332 3465 383 3501 cur
401 3441 537 3522 proclivis
557 3463 586 3502 m
606 3440 719 3502 ruinam
738 3442 863 3533 populus
882 3444 975 3504 aDeo
995 3441 1129 3522 receptus
1147 3442 1324 3517 fuerintne

210 3539 269 3580 cur
282 3519 362 3582 Deus
382 3519 436 3580 iam
457 3517 615 3610 collapsum
636 3531 771 3578 ereuerrt:
792 3539 902 3600 ,nempe
923 3531 955 3578 ut
973 3522 1003 3580 iu
1025 3539 1060 3579 eo
1079 3519 1221 3581 servando
1241 3519 1326 3579 mise·

207 3594 352 3658 ricordiae
370 3613 438 3654 snae
457 3595 613 3674 specimen
625 3597 734 3656 ederet.
773 3595 950 3657 Nominatim
968 3609 1066 3656 tamen
1083 3595 1326 3675 exprimitDeum

208 3667 645 3748 misericordiaerecordatum:
668 3673 749 3752 cuius
769 3672 860 3732 videri
878 3685 995 3752 poterat
1013 3672 1228 3753 quodammodo
1248 3672 1343 3733 obli-x

208 3761 269 3822 tna,
299 3769 388 3827 quum
415 3748 558 3839 populum
589 3772 671 3810 suum
700 3762 759 3809 tam
784 3753 888 3809 misere
913 3753 1007 3810 vexari
1031 3749 1181 3830 affligique
1205 3747 1323 3814 sineret.

207 3825 353 3886 Usitatum
375 3845 451 3886 euim
471 3837 524 3900 est,
545 3827 666 3886 affectus
686 3826 752 3885 Deo
772 3825 877 3901 tribui,
897 3823 991 3906 prout'
1005 3845 1039 3884 ex
1057 3847 1090 3884 re
1110 3828 1171 3905 ipsa
1191 3825 1324 3886 bomioes

143 3927 146 3932 ·
206 3901 253 3962 rel
272 3903 377 3976 iratum
396 3901 452 3964 siti
470 3900 515 3960 vel
536 3904 694 3981 propitium
713 3903 864 3983 colligunt.
905 3902 983 3975 Quia
1002 3901 1324 3962 veroDeimisericor-
1398 3967 1399 3970 Ἴ

207 3977 283 4040 diam
307 3979 373 4037 non'
393 3978 565 4057 concipiunt
587 3977 729 4039 humanae
751 3991 879 4053 mentes,
904 3980 958 4039 nisi
978 3991 1120 4059 quatenus
1146 3998 1209 4038 eam
1232 3977 1322 4038 verbo
1398 3979 1399 4054 ζ

206 4076 259 4115 suo
285 4054 377 4116 offert
405 4077 437 4114 ac
467 4065 605 4130 testatur,
635 4055 702 4116 binc
730 4077 761 4116 se
782 4066 812 4114 et
830 4055 901 4116 alios
925 4058 960 4117 ad
980 4056 1187 4135 promissiones
1207 4067 1325 4116 revocat

205 4128 308 4206 Maria,
329 4131 483 4210 Deumque
503 4132 609 4192 inillis
629 4132 776 4194 servandis
796 4131 885 4192 fidum
904 4153 937 4192 ac
958 4144 1140 4192 constantem
1160 4131 1248 4194 fuisse
1268 4132 1324 4191 do-

206 4217 262 4263 cet
299 4209 472 4270 Horscusu
492 4208 662 4288 frequenter
681 4221 801 4270 vocatur
819 4209 901 4268 Deus
921 4208 1064 4290 benignus
1080 4219 1114 4268 et
1132 4229 1230 4282 verax,
1277 4211 1325 4270 uia
1398 4237 1399 4256 1

197 4275 356 4372 ,nppquam'
373 4285 410 4344 de
439 4297 562 4366 paterna
584 4287 644 4348 eius
670 4307 738 4368 ergp
762 4305 818 4346 nos
842 4284 1048 4347 benevolentia
1065 4297 1191 4345 statuere
1211 4285 1267 4346 liec
1289 4287 1324 4360 it,

203 4374 258 4418 nor
275 4359 414 4440 verbum,
444 4363 524 4427 cuius
544 4383 575 4427 se
594 4363 711 4431 vinculo
731 4361 819 4426 nobis
839 4360 1008 4442 obstrinxit,
1027 4361 1184 4428 memoriae
1204 4375 1322 4426 nostrae

775 3136 880 3194 ictam
901 3157 954 3217 pro
971 3137 1045 3208 filio,
1065 3158 1149 3216 quam
1168 3158 1222 3218 pro
1243 3156 1327 3196 servo
1398 3179 1399 3210 ,

211 3225 309 3293 potest
321 3213 426 3293 accipi:
446 3219 593 3294 posterior
611 3223 708 3272 tamen
727 3211 900 3294 significatio
918 3213 1010 3294 magis
1026 3213 1171 3273 convenit.
1209 3213 1247 3272 Et
1265 3234 1343 3272 ser-.
1398 3219 1399 3238 ³
