2816 4746
14 1157 17 1226 i

14 1452 21 1546 i

110 939 113 948 .
217 815 220 818 ’
322 841 635 958 loturus
689 837 1061 962 oALvmr
1136 787 1143 811 ‘

507 1058 553 1121 m
572 1058 825 1124 munuum
879 1145 880 1148 Ν
986 1137 990 1146 ,

105 1217 186 1306 ΕΧ
229 1213 621 1316 ΜΑΤΤΗΑΕΟ,
661 1213 891 1308 MARCO
944 1223 1009 1308 nr
1040 1217 1230 1312 *LUCA

472 1473 478 1493 „
529 1398 804 1464 courosmau
1080 1395 1085 1404 ·

309 1599 311 1604 ν
396 1541 953 1664 commonuit-nir.

320 1885 672 1958 VOhUMEN
734 1888 1021 1998 PltIMtJM.

491 2195 773 2286 SECTIO
830 2199 896 2286 Ι.Δ

377 2355 720 2412 PRAEFATIO
775 2355 969 2413 LUGAE.

175 2525 234 2606 (1.)
255 2521 399 2590 LUC.1.
441 2525 471 2592 1.
494 2471 684 2628 Quoniam
705 2523 887 2610 complures
908 2525 1048 2609 aggressi
1069 2533 1144 2610 sunt
1163 2549 1239 2596 eon.

109 2641 223 2696 texere
243 2627 461 2692 narrationem
484 2645 594 2692 earum
614 2645 730 2701 rerum,
752 2645 834 2712 quae
856 2634 963 2690 certae
983 2635 1059 2694 sunt
1077 2631 1240 2698 internos
1292 2645 1296 2652 '

111 2731 206 2796 fidei,-
244 2729 273 2792 2.
296 2725 398 2792 Sicuti
427 2712 630 2792 tradiderunt
649 2721 745 2790 nobis
768 2723 810 2789 ab
830 2727 937 2805 initio,
964 2730 1021 2813 qui
1048 2733 1114 2795 suis
1136 2732 1239 2798 oeulis

110 2821 274 2907 viderant,
305 2837 337 2892 et
364 2829 500 2891 ministri
527 2827 656 2892 fuerant
676 2825 850 2896 seimonis:
883 2827 913 2892 3.
937 2805 1050 2902 Visum
1073 2842 1121 2897 est
1143 2831 1238 2900 etiam

111 2933 204 3010 mihi,
241 2907 391 2995 omnibus
413 2924 454 2990 ab
477 2931 571 2995 initio
594 2936 705 2994 exacte
725 2929 962 3013 pervestigans,
996 2927 1151 3018 deinceps
1177 2911 1239 2997 tibi
1300 2960 1306 2965 s

112 3031 273 3107 scrihere,
294 3030 415 3110 optime
432 3027 642 3116 temporie,
662 3027 692 3092 4.
713 3029 936 3116 Utagnoscas
958 3049 1086 3112 eorum,
1107 3031 1150 3097 de
1171 3033 1240 3120 qui-

15 3221 16 3224 *
112 3132 176 3200 bus
198 3132 332 3198 edoctus
353 3128 451 3209 fuisti,
472 3127 708 3196 certitudinem.
753 3141 757 3144 ’

194 3309 280 3372 Solus
299 3309 393 3388 Lucas
412 3309 444 3370 in
463 3331 546 3372 suum
565 3307 757 3392 Evangelium
777 3307 944 3390 praefatur,
966 3297 1005 3370 ut*
1024 3308 1154 3371 breviter
1172 3332 1241 3374 oau-

114 3411 176 3453 sam
196 3399 337 3468 exponat,
362 3407 420 3522 qna
439 3387 475 3446 ad
494 3385 681 3448 scribendum
700 3387 835 3447 inductus
855 3386 919 3446 tute
964 3385 1057 3462 Quod
1076 3408 1166 3448 uuum
1186 3388 1243 3450 ho·

115 3467 225 3526 minem
251 3461 423 3545 competat,
454 3463 569 3526 ridetur
592 3461 748 3522 absurdum
768 3483 844 3538 ease,
875 3484 965 3542 quum
989 3463 1086 3544 potius
1111 3465 1243 3525 officium
1326 3449 1331 3480 ³
1392 3467 1393 3474 ’

116 3543 178 3602 eius
199 3541 302 3614 inerit,
326 3539 447 3620 publico
471 3538 560 3598 tubae
580 3537 719 3620 clangore
739 3558 840 3600 omnes
859 3539 946 3602 simul
963 3560 1070 3600 vocare
1089 3539 1125 3602 ad
1144 3542 1243 3602 fidem.

114 3619 199 3702 Ergo
211 3629 442 3679 consentaneum
459 3615 657 3689 ‘nonridetuu
676 3625 710 3675 ut
728 3615 899 3692 doctrinam,
918 3636 993 3696 quae
1011 3637 1073 3676 non
1092 3617 1178 3678 unius
1195 3615 1243 3678 vel

116 3694 236 3756 alterius
256 3704 300 3753 est
320 3692 456 3773 propria,
482 3691 533 3752 sed
553 3690 883 3768 omnium-communie,
906 3693 1041 3773 privatim
1064 3713 1118 3754 suo
1139 3693 1243 3752 Theo-

117 3769 200 3852 philo
221 3767 356 3830 destinet.
394 3769 472 3830 Hinc
492 3767 601 3840 sactum
621 3779 664 3827 est
683 3779 717 3826 ut
733 3780 872 3860 putarent
891 3770 1018 3849 quidam,
1037 3768 1244 3849 appellativum

119 3867 182 3908 esse
202 3867 327 3922 nomeu,
352 3857 382 3906 et
399 3845 569 3925 theophiles
587 3844 687 3906 vocari
711 3864 775 3924 pros
800 3863 902 3908 omues
922 3867 938 3907 a
957 3845 1015 3906 Dei
1034 3864 1143 3906 amore.
1183 3841 1244 3903 eui

118 3923 281 3985 sententiae
300 3944 333 3982 re
357 3933 447 4005 ugnat
466 3921 635 4001 epitheton,
665 3921 745 4000 quod
768 3921 855 3982 simul
872 3923 994 3986 additur.
1032 3922 1096 3982 Nee
1115 3937 1186 3980 vero
1205 3918 1244 3980 ti·

117 3999 225 4062 menda
252 4011 297 4059 est
319 3945 498 4074 adsurditas,
528 4019 602 4076 qnae
626 3997 693 4058 illos
717 3997 817 4080 coegit
839 4000 898 4069 tale
923 3999 1065 4080 effugium
1092 4013 1243 4074 quaerere.

117 4077 225 4156 Neque
246 4076 323 4136 enim
347 4076 415 4137 ideo
440 4075 536 4134 minus
562 4075 597 4134 ad
623 4094 724 4134 omnes
744 4075 873 4154 pertinet
892 4075 977 4136 Pauli
997 4071 1148 4142 doctrina,
1176 4071 1244 4152 qnia

119 4174 156 4212 ex
174 4153 232 4214 suis
251 4152 393 4243 Epistolis
413 4149 482 4212 alias
501 4150 587 4210 certis
606 4151 738 4226 niuibus,
757 4151 930 4214 alias.etiam
949 4145 1117 4211 homiuibus
1131 4145 1245 4212 dicavit

119 4229 187 4288 Imo
207 4230 232 4290 si
251 4250 281 4288 ru
301 4239 431 4288 mentem
450 4227 536 4288 nobis
555 4227 652 4288 veniat
669 4225 788 4287 illorum
806 4237 974 4306 temporum
994 4220 1142 4300 conditio,
1170 4223 1246 4285 iate-
1341 4289 1346 4309 „

120 4303 220 4366 bimur
237 4315 338 4366 sancte
360 4317 390 4365 et
414 4295 576 4385 prudenter
594 4315 710 4384 captum
736 4302 823 4364 fuisse
842 4301 996 4361 consilinm
1017 4321 1032 4360 a
1053 4299 1142 4362 Luca.
1180 4301 1248 4360 Um·

82 4458 88 4472 ,
121 4381 211 4464 dique
230 4381 380 4458 instabant
398 4382 531 4462 tyranni,
557 4381 608 4462 qui
632 4391 714 4444 metu
733 4391 764 4441 et
782 4375 947 4440 terroribus
966 4376 1143 4458 impedirent
1161 4391 1247 4464 sanae

146 4481 241 4529 calvini
254 4495 339 4531 eom.
353 4481 378 4526 iu
390 4481 472 4530 liam.
484 4481 529 4528 ttv.
540 4483 593 4558 Vol:
608 4481 629 4528 1.
996 4461 1013 4518 1
