2816 4746
182 233 222 296 Ἠ
569 228 627 290 10.
638 227 811 294 CALVINI
829 227 931 436 lym

187 369 336 452 tpsdomi
355 367 548 448 refutaverat,
568 371 673 434 deinde
692 374 730 436 ad
747 393 781 436 se
798 395 834 435 vo
854 386 932 436 atum
952 371 1061 440 docere
1079 371 1202 432 meliora
1220 370 1320 432 fuerat

188 458 321 511 conatus.
359 446 401 508 Aa
418 445 479 524 ille,
501 450 562 512 sive
587 451 748 514 ambitione
765 451 926 516 monastica
945 450 1101 529 percitus„
1114 449 1174 518 sive
1198 448 1234 508 ab
1260 447 1323 508 iltis

188 523 317 585 factiosis
336 521 506 604 iampridem
526 529 749 606 quaerentibus,
775 549 828 608 per
847 549 934 608 quem
955 525 1109 588 Calvinum
1128 525 1318 598 lacesserent,

188 593 340 674 incitatus,
408 599 464 661 lam
489 603 606 664 tandem
632 626 716 666 ansus
742 617 785 664 est
809 605 839 663 in
866 603 1194 686 ipsocongregatiouis
1214 613 1319 666 ¹coetu

188 675 270 736 XVI.
286 621 423 751 Octodi,
444 700 531 759 quum
544 680 602 764 ,ille
621 682 741 741 Ioannis
761 682 844 742 locus
864 702 898 740 ex
920 681 1071 749 licaretur,
1106 677 1163 764 Qui
1187 699 1228 737 erc
1250 675 1321 736 Deo

181 767 247 830 eat,
278 751 364 814 vardo
388 753 448 814 Dei
471 755 568 830 wau,
600 772 626 818 et
648 761 718 836 quio
743 780 803 818 ooo
831 703 1029 830 oudrCssex
1053 755 1210 835 Dausaron
1239 757 1318 827 estis,

190 823 317 908 liberum
348 829 501 894 arbitrium
530 845 561 892 et
592 855 716 914 operum
742 834 955 915 praevisionem
991 833 1025 894 ad
1057 845 1194 900 aeternae
1231 851 1320 910 prae-

194 905 397 968 destinationis
423 908 573 975 decretum
594 909 806 984 *evomendum
830 912 958 974 adiectis
977 921 1128 991 praeterea
1155 909 1189 970 in
1221 925 1321 971 veram
1354 981 1359 987 ⁵

192 982 356 1044 doctrinam
376 987 571 1063 contumeliis,
590 987 665 1048 fastu
687 1008 824 1050 uomere
843 987 981 1056 seditioso
1000 986 1153 1068 proferre:
1173 984 1261 1064 idque
1281 1003 1320 1044 eo

191 1071 224 1118 ut
244 1060 421 1123 existimatur
439 1062 585 1140 audacius,
604 1009 687 1145 quod
704 1065 782 1129 forte
796 1063 949 1126 Calvinum
969 1084 1022 1124 suo
1044 1063 1111 1132 loco
1133 1083 1197 1130 uon
1214 1060 1322 1122 seden-

138 1205 140 1210 ,
190 1145 253 1198 tem
272 1137 373 1198 abesse
394 1138 536 1200 crederet.
574 1141 614 1202 Et
636 1141 738 1202 aberat
761 1141 879 1221 quidem
904 1139 953 1199 ille
977 1140 1075 1200 initio.
1108 1139 1174 1199 sea
1195 1155 1231 1198 eo
1252 1152 1318 1197 ser-

190 1233 311 1276 monem
334 1214 363 1274 in
388 1234 466 1276 resso
489 1219 698 1299 superveniens
731 1223 811 1310 pbue
842 1217 913 1278 alios
938 1213 1097 1278 nonuullos
1117 1233 1189 1282 »sest
1210 1213 1321 1282 ronti·

191 1303 304 1351 nuerat
364 1234 460 1352 Cinita
491 1293 629 1356 monachi
663 1307 800 1356 oratione
833 1293 981 1365 Calvinus·
1006 1305 1129 1373 repente
1165 1310 1320 1372 apparens,

192 1367 319 1442 quamvls
345 1367 430 1447 plane
456 1368 527 1430 nibil
553 1384 642 1448 antea¹
662 1371 720 1439 tale
746 1371 917 1445 meditatus,
947 1382 1009 1440 turn
1039 1381 1126 1440 certe,
1142 1367 1167 1428 si
1190 1387 1321 1446 unquam

177 1440 261 1510 alias
280 1443 330 1522 qui
351 1443 394 1504 vir
413 1457 489 1506 esset
507 1444 645 1510 ostendit.
683 1447 839 1528 Siquidem,
854 1447 1003 1522 illum·.tot
1020 1445 1105 1508 verbi
1126 1443 1320 1506 divinistestiss

191 1517 314 1594 moniis,
328 1531 379 1586 ,tot
396 1521 554 1606 Augustini
573 1526 743 1606 praesertim
764 1525 858 1600 locis,
873 1536 920 1585 tot
939 1523 1067 1603 denique
1084 1535 1202 1600 tamque
1221 1519 1321 1602 gravi-

190 1591 454 1677 bus‚‚apgumeutis
483 1602 661 1678 confutavit,
690 1601 832 1682 perculit,
864 1598 980 1674 obruit,
1010 1611 1043 1660 ut
1071 1617 1174 1666 omnes
1202 1607 1323 1678 praeter

190 1669 348 1818 ipsummet
367 1676 523 1766 perfrictae
544 1677 650 1744 frontis
668 1671 842 1740 monachum
862 1679 958 1757 ‘ipsius
974 1676 1168 1736 vehementer-
1186 1673 1321 1754 puderet.

221 1746 352 1810 derat⁴in
374 1772 437 1832 rpso
457 1753 637 1815 audientium
657 1766 745 1820 coetu
763 1755 950 1815 Assessorum
971 1753 1119 1812 Praetoris
1138 1771 1224 1824 uuus,
1241 1767 1321 1829 ,aprro-

189 1844 255 1884 rum
275 1825 399 1904 lumbe
417 1829 461 1890 ius
481 1830 683 1916 prebepsionis
704 1843 774 1904 est„
793 1831 822 1891 Is
839 1829 920 1904 illum
937 1828 1053 1891 dimisso
1075 1839 1162 1890 coetu
1181 1840 1322 1919 tanquam

190 1899 363 1982 seditIosnm
383 1905 413 1986 in
435 1907 597 1984 custodiam
616 1906 713 1968 tradit
755 1907 837 1982 Quid
856 1905 957 1987 plura?
990 1905 1083 1966 Causa
1104 1904 1202 1966 multis
1221 1903 1321 1981 disput
1395 1943 1396 1946 =

189 1976 352 2040 tationibus
371 1982 489 2063 agitata,
508 1984 634 2046 Senatus
652 1984 870 2044 Helveticarum
889 1984 975 2044 etiam
997 1981 1322 2051 ecclesiarnmsentou-

188 2051 261 2112 tiam
303 2070 486 2121 ercunctatus
506 2058 587 2124 illum
607 2073 669 2121 tum
689 2072 723 2120 ut
740 2059 930 2136 seditiosum,
950 2072 1016 2118 tum
1035 2070 1068 2118 ut
1086 2077 1167 2128 mere
1183 2055 1323 2150 Pelagia-

189 2149 260 2189 num
312 2131 396 2192 XIII.
416 2133 574 2199 Decembr.
614 2137 711 2200 ublice
731 2135 899 2199 damnatum
918 2135 992 2196 urbe
1012 2135 1135 2214 expulit,
1156 2135 1321 2196 fustuarium

193 2223 320 2286 poenam
344 2210 484 2287 minatus,
510 2159 612 2274 si‘vel
626 2215 656 2274 in
680 2214 755 2277 urbe
780 2210 826 2275 vel
851 2213 982 2274 in:urbis
1002 2212 1153 2274 territorio
1175 2221 1251 2279 esset
1269 2210 1321 2268 de-

191 2283 362 2364 prehensns.
401 2287 469 2368 Ipse
499 2302 602 2370 postea
634 2293 664 2351 in
694 2291 819 2350 vicinum
850 2290 991 2382 oppidum
1023 2288 1186 2368 demigrans
1216 2285 1321 2345 multas
1395 2297 1396 2320 t

191 2379 370 2444 magnasque
395 2365 496 2432 turbas
521 2367 616 2443 dedit,
641 2367 738 2430 donec
761 2367 906 2430 Bemensa
930 2385 1049 2446 quoque
1075 2365 1193 2430 ditione¹
1215 2361 1326 2442 pulsus,

192 2437 389 2500 Ministerium
409 2441 447 2500 in·
461 2441 583 2506 Gallicis
597 2442 736 2516 ,ecclesiis
755 2443 903 2516 ambiens,
927 2464 997 2522 quas
1023 2453 1083 2502 tuan
1104 2437 1237 2522 pacificas
1257 2439 1323 2522 lore
1394 2483 1395 2520 ,

192 2513 324 2595 putabat,
343 2516 490 2598 Lutetiam
512 2520 636 2600 primurn
656 2519 784 2600 indeque
800 2518 949 2596 Aureliana
970 2519 1093 2592 veniret,
1112 2516 1324 2597 poenitentiam
1394 2521 1395 2526 ’

193 2593 273 2656 miris
294 2589 403 2654 artibus
423 2589 577 2672 simulans,
602 2598 740 2683 ultroque
764 2619 830 2658 cum
850 2593 1019 2658 Geueveusi
1043 2593 1164 2655 ecclesia
1190 2592 1322 2662 reconci-

195 2667 346 2744 liationem
367 2682 487 2749 petens,
513 2673 593 2751 quod
639 2696 709 2731 uum
729 2693 761 2732 re
787 2673 848 2751 ipsa
873 2673 1061 2763 praestiturus
1086 2671 1249 2742 videretur,
1272 2667 1324 2727 ubi

195 2755 299 2806 contra
320 2766 405 2823 quam
424 2760 555 2825 sperarat
575 2694 711 2808 ecclesias
731 2745 820 2828 affligi
842 2747 1060 2821 animadvertit,
1087 2745 1211 2826 repetita
1230 2744 1325 2814 medif

196 2819 260 2880 cina
286 2819 322 2878 ad
349 2819 446 2882 hostes
467 2823 619 2905 Evangelii
646 2823 798 2884 manifesta
819 2822 988 2886 defectione
1005 2825 1107 2892 (uxore
1128 2842 1246 2902 quoque
1267 2821 1326 2882 Ca-

195 2894 310 2956 nonieis
329 2896 644 2980 Augustodunensibus
669 2901 723 2980 [fn
746 2895 816 2960 orde
832 2895 961 2979 Anaua]
987 2900 1158 2981 prostituta)
1183 2898 1326 2970 transivit,

196 2973 275 3031 unde
302 2975 491 3037 nuncetiam
525 2961 630 3055 quibus
659 2987 758 3068 potest
792 2975 952 3038 maledictis
976 2976 1129 3039 veritatem
1155 2974 1326 3056 proscindit.

195 3049 237 3108 At
257 3048 397 3111 Genevae
416 3051 529 3116 interea
550 3049 637 3115 Colle
659 3074 718 3112 rum
738 3052 937 3113 ministrorum
964 3052 994 3113 in
1019 3053 1140 3134 publico
1164 3065 1251 3113 coetu
1276 3071 1326 3110 ve·
1393 3065 1394 3084 ³

196 3145 265 3184 ram‘
285 3125 321 3185 de
345 3128 612 3208 praedestinatione
638 3073 806 3204 doctrinam
834 3131 972 3207 asseruit,
1007 3130 1186 3211 publicoque
1215 3127 1326 3206 scripto
1369 3199 1376 3212 Ι

198 3195 336 3293 deinceps
360 3225 376 3263 a
403 3203 792 3287 Calvinocomprehensam
817 3207 1034 3286 comprobavit:
1066 3208 1123 3267 lroc
1147 3228 1239 3267 uuum
1266 3205 1328 3264 istis
1393 3199 1394 3214 ¹

197 3275 320 3340 dissidiis
346 3295 529 3360 consequuto
556 3281 679 3354 Satana,
706 3293 739 3343 ut
763 3295 850 3362 caput
875 3283 931 3346 hoc
953 3283 1137 3346 Christianae
1162 3280 1326 3364 religionis,

197 3367 282 3446 antea
302 3356 571 3448 qbscurissimnm,
587 3359 746 3426 dilucidum
769 3359 1016 3442 perspicuumque
1040 3360 1155 3422 cunctis
1172 3381 1234 3428 non
1253 3379 1327 3419 eon-

196 3441 332 3494 tentrosrs
352 3436 483 3498 evaserit·

272 3589 386 3723 qlfbbf.)
425 3589 514 3649 Anno
534 3611 608 3654 vero
634 3584 771 3671 deinceps
796 3601 922 3670 sequuta
942 3588 1032 3672 tnagis
1057 3577 1202 3682 apparuit,
1254 3607 1328 3648 uan-

197 3674 256 3725 tam
299 3686 422 3726 ammam
442 3667 621 3728 accendisset
641 3668 772 3766 impurus
792 3665 852 3742 ille,
872 3655 944 3738 licet
963 3688 1111 3727 communi
1125 3679 1171 3732 tut
1191 3609 1328 3726 eedlesia-

197 3761 262 3800 rum
282 3740 392 3802 iudicio
413 3743 571 3805 damnatus.
604 3744 723 3806 Etenim
735 3742 879 3826 turnipsa
891 3743 1074 3824 quaestionis
1091 3743 1226 3804 noudum
1242 3753 1330 3802 ,autea

197 3819 263 3878 satis
282 3840 298 3878 a
307 3818 464 3956 plerisque
484 3819 630 3884 veteribus
651 3820 819 3901 explicatae,
841 3841 896 3882 nec
916 3819 1022 3880 eodem
1043 3839 1160 3899 semper
1172 3819 1249 3894 exitu
1269 3816 1329 3908 agi·

327 3919 335 3956 ι

197 3906 275 3956 tatae
338 3895 461 3956 flicultas
487 3898 601 3958 curiosa
621 3899 793 3980 praesertim
813 3897 931 3980 ingenia
955 3897 991 3956 ad
1018 3895 1075 3957 lroc
1098 3899 1194 3982 ipsum
1218 3896 1330 3973 disqui-

199 3974 324 4034 rendum
344 3975 538 4049 accendebat,
557 3986 619 4033 tum
641 3973 755 4036 factiosi
797 3975 953 4036 raeclaram
973 3971 1030 4034 sibi
1050 3972 1178 4036 oblatam
1199 3971 1329 4032 occasio-

199 4069 267 4111 nem
287 4051 324 4111 ad
344 4052 441 4112 omnia
466 4051 590 4114 Calvino
615 4053 711 4112 eiecto
735 3997 931 4112 sedvertenda
955 4050 1106 4130 putabant,
1144 4051 1249 4146 Itaque
1273 4047 1330 4108 dici

201 4145 262 4184 non
274 4141 382 4206 potest,
400 4150 475 4208 quae
495 4149 556 4188 non
578 4128 607 4194 in
628 4128 702 4188 urbo
722 4140 845 4203 tantum,
864 4148 965 4191 verum
985 4128 1072 4186 etiam
1092 4125 1170 4189 ultro
1187 4140 1331 4203 crtroque,

198 4199 288 4263 veluti
308 4205 334 4266 si
353 4205 503 4268 classicum
522 4207 583 4286 ipse
604 4205 693 4266 Satan
715 4205 892 4280 cecinisset,
906 4204 1115 4280 contentiones
1142 4204 1201 4264 siut
1226 4221 1331 4263 conse-

157 4345 159 4350 ,
199 4290 315 4356 quotae.
353 4283 415 4343 Etsi
436 4284 516 4344 euim
557 4282 637 4344 ulcre
656 4285 735 4342 iuter
754 4281 977 4363 praecipuarum
996 4280 1183 4342 ecclesiarum
1202 4289 1332 4362 pastores

199 4355 413 4435 conveniebat,
437 4383 501 4423 uon
526 4303 649 4422 derant
672 4370 771 4422 umen
796 4358 896 4442 quitiu
915 4355 1019 4418 vicinis
1036 4357 1197 4421 Beruensis
1216 4354 1333 4424 dilicuit
1386 4437 1388 4442 Ι

930 4503 942 4534 *a
