2808 4748
477 247 608 324 Onu'rro
627 277 663 327 rn
682 277 808 327 nourr.
852 281 857 288 ·
920 232 924 241 ,
998 242 1000 255 ¹
1117 241 1210 336 '189

77 411 140 472 sine
157 407 271 492 magnis
297 417 329 468 et
347 405 443 466 arduis
468 403 686 481 difficultatibus
712 407 858 470 advitam
882 419 1032 472 aeternam
1045 411 1215 491 'per-veniri·
1280 474 1281 482 ,

11 539 12 544 ,
78 507 164 568 posse
184 483 331 565 intelligit.
368 483 449 563 Ergo
469 481 527 542 huc
546 483 646 563 potius
665 505 750 544 suum
770 485 898 544 studium
918 488 1079 564 conferant·
1091 487 1206 567 fideles,

77 584 166 644 quam
186 559 495 643 ut1praetermodum
515 559 623 619 curiosi
642 559 701 620 sint
721 560 757 619 de
778 561 937 621 errantium
956 562 1152 640 multitudine.
1300 621 1304 629 .

153 645 201 704 24.
243 637 321 720 Qum
338 636 421 694 molti
438 649 575 714 queowmt
592 638 713 695 intrare.
752 637 821 696 Hoc
840 637 909 698 ideo
930 638 1057 699 additum
1079 653 1138 718 est,
1163 661 1204 703 ne

31 713 34 724 '
78 713 145 797 spes
169 715 262 776 inanis
285 734 340 774 nos
365 713 535 792 frustretur,
565 711 624 772 acsi
648 732 704 772 nos
728 711 841 772 iuvaret
866 714 1007 773 comitum
1030 717 1205 780 multitudo:
1264 765 1271 786 ,

78 813 163 868 nam,
187 804 221 852 ut
239 790 294 852 sibi
313 787 441 850 libenter
460 787 613 849 blanditur*
628 808 714 863 caro,
737 787 821 848 multi
841 789 957 849 facilem
976 791 1084 851 aditum
1104 795 1141 854 ad
1158 797 1205 856 vi-

78 868 139 928 tarn
162 869 218 930 sibi
243 865 437 948 promittunt,
461 859 513 945 qul
536 863 593 926 sibi
615 865 727 938 interea
747 865 860 944 quidvis
878 866 1049 947 indulgent.
1091 869 1137 930 Ita
1156 873 1206 933 alii

79 945 151 1006 alios
170 956 272 1004 mutuo
293 943 453 1024 decipiunt,
472 953 506 1001 ut
524 942 706 1002 indormiant
723 961 831 1022 pravae
850 943 1007 1003 securitati.
1046 943 1133 1006 Tales
1153 947 1206 1007 de·
1228 981 1238 1002 1

78 1021 159 1084 licias
178 1033 212 1081 ut
229 1021 286 1082 suis
307 1019 433 1080 excutiat
453 1017 602 1094 Christus,
632 1017 778 1078 exclusum
797 1019 834 1078 iri
854 1019 1042 1100 pronuntiat,
1075 1023 1126 1102 qui
1148 1022 1205 1085 iam
1254 1073 1255 1078 ,

78 1097 136 1161 sibi
154 1099 292 1162 addicunt
311 1108 422 1160 certam
440 1095 518 1158 ritae
537 1097 762 1176 possessionem.
1091 1127 1093 1132 ·

120 1310 203 1414 (od.)
245 1327 348 1398 LUC.
367 1329 452 1396 Xlll.
493 1329 544 1396 25.
574 1329 685 1420 Quum
708 1339 812 1396 autem
833 1330 1007 1397 surrexerit
1025 1331 1236 1418 paterium-¹
1344 1409 1348 1434 Ι

77 1431 146 1514 lias,
169 1442 202 1497 et
221 1430 371 1496 clauserit
392 1433 523 1509 ostium,
550 1441 583 1496 et
604 1433 776 1517 coeperitis
805 1433 884 1498 loris
910 1443 995 1499 stare
1018 1444 1051 1500 et
1076 1433 1207 1521 pulsare

79 1536 212 1610 ostium,
233 1532 392 1613 dicentes,
418 1531 580 1610 Domine,
608 1531 740 1621 domine
762 1535 852 1618 aperi
871 1533 984 1598 nohisz
1020 1545 1053 1600 et
1072 1542 1214 1623 respon,

79 1633 161 1699 dens
183 1633 269 1698 dicet
288 1630 391 1712 vobis,
410 1633 533 1699 Nescio
553 1619 722 1699 vos‘unde
744 1633 829 1698 sitiss
859 1633 911 1696 26.
932 1633 1027 1700 Tunc
1046 1625 1222 1724 incipietis*
1257 1668 1266 1720 J

11 1739 13 1786 l
79 1732 205 1811 dicere,
234 1731 367 1798 Edimus
389 1755 496 1800 coram
523 1743 555 1797 te
578 1743 611 1797 et
636 1732 806 1812 bibimus,¹
823 1741 856 1797 et
874 1735 920 1797 'in
947 1733 1064 1819 plateis
1089 1740 1209 1804 nostris

79 1833 229 1900 docuisti.
275 1835 326 1900 27.
353 1833 396 1899 Et
416 1833 518 1911 dicet,
547 1833 634 1901 Dico
657 1833 766 1916 vobis,
785 1837 898 1900 nescio
925 1836 1014 1902 unde
1040 1857 1100 1902 vos
1125 1840 1210 1903 sitis:

78 1933 235 2000 discedite
259 1958 277 2000 a
296 1957 348 2001 me
371 1957 508 2014 omnes,
524 1938 580 2022 qui
592 1939 734 2022 patratis
755 1938 964 2024 iniquitatem.
1005 1937 1127 2005 28.1hi
1148 1941 1211 2004 erit
1245 1962 1249 1968 ·

11 2055 12 2062 “
77 2037 173 2103 fletus
192 2050 224 2102 et
243 2036 364 2104 stridor
384 2037 662 2121 dentium,quum
682 2037 829 2103 videritis
851 2027 1029 2118 Abraham,
1058 2035 1090 2104 et
1110 2039 1209 2126 Isaac,
1277 2113 1282 2124 ι

79 2149 112 2204 et
133 2136 245 2217 lacob,
274 2148 307 2203 et
328 2159 440 2212 omnes
459 2136 640 2222 Prophetas
662 2139 696 2201 in
716 2160 818 2223 regno
840 2137 927 2218 Dei,
946 2161 1006 2205 vos
1028 2149 1135 2204 autem
1157 2159 1209 2204 ex-

11 2243 12 2248 ’
78 2237 160 2324 pelli
194 2238 292 2302 foras.
348 2239 400 2304 29.
430 2237 473 2320 Et
500 2233 645 2310 venient
665 2235 706 2299 ab
734 2241 860 2302 oriente
889 2235 922 2303 et
954 2239 1141 2320 occidente,¹
1175 2249 1210 2305 et

80 2337 296 2424 aquiloneet
323 2346 448 2414 austro,
481 2345 513 2400 et
539 2333 740 2400 accumbent
757 2340 792 2402 in
817 2337 932 2422 Regno
959 2339 1035 2402 Dei.
1087 2339 1140 2404 30:
1166 2339 1210 2404 Et

11 2475 12 2490 .
79 2449 157 2502 ecce
179 2447 254 2501 sunt
273 2437 437 2524 postremi,
457 2437 513 2522 qui
536 2446 630 2502 erunt
645 2437 748 2522 primi,
770 2447 803 2501 et
823 2445 898 2501 sunt
917 2439 1020 2523 primi,
1040 2439 1211 2523 quierunt

11 2575 13 2596 .
79 2538 259 2627 postremi.
671 2534 674 2540 ’

155 2695 230 2754 Luc.
248 2697 295 2760 25.
337 2691 433 2778 Quum
457 2706 551 2752 amun
567 2695 730 2760 omrexera't
746 2683 970 2774 paterfamilias
987 2707 1039 2756 ete.
1078 2693 1214 2764 Tametsi,

80 2772 153 2833 haec
173 2771 231 2832 alio
250 2780 319 2852 post
337 2782 472 2852 tempore
493 2771 567 2832 dicta
591 2783 674 2846 sunt,
698 2763 732 2830 ul
756 2790 852 2863 nuper
867 2772 1031 2854 admonui,
1056 2771 1211 2834 doctrinae

11 2917 12 2924 ἵ
43 2880 45 2889 ι
79 2851 336 2910 tamentationem
356 2848 464 2913 babere
476 2847 659 2928 maluiquam
678 2859 831 2928 temporis,
851 2848 994 2928 quiahoc
1013 2869 1076 2908 non
1088 2870 1212 2929 parvum

11 2933 13 2944 '
80 2928 116 2986 ad
136 2923 365 3007 intelligentiam
380 2925 579 2998 adiumentum
599 2933 658 3000 es't,
678 2925 702 2986 si
721 2945 784 2984 uno
805 2937 943 3004 contextu
962 2925 1113 3007 legantur,
1131 2945 1211 3008 quae

79 3023 168 3066 sensu
185 3001 265 3062 iuter
282 3022 314 3062 se
334 3002 502 3063 cohaerent.
541 3000 620 3076 Quia
638 2982 951 3084 negaverathristus,
970 3014 1099 3082 apertam
1110 3004 1210 3066 multis

79 3079 195 3141 ianuam
216 3077 292 3153 lore,
312 3078 362 3158 qui
383 3081 415 3138 in
436 3077 551 3139 coelur'n
571 3079 681 3138 intrare
701 3078 836 3158 cupient,
855 3094 936 3139 nunc
955 3079 1026 3138 dicit
1043 3078 1117 3139 nibil
1137 3093 1210 3160 pro-

80 3155 184 3230 licere,
204 3156 331 3246 quamvis
352 3155 449 3216 locum
468 3155 502 3215 in
520 3152 649 3224 Ecclesia
668 3167 828 3234 occupent:
849 3153 917 3236 quia
935 3155 1054 3234 tandem
1074 3165 1212 3244 exsurget

79 3233 111 3291 in
130 3233 270 3294 iudicium
289 3231 386 3304 Deus,
407 3244 442 3291 ut
460 3251 477 3291 a
496 3251 591 3312 reguo
611 3246 665 3291 suo
685 3232 844 3307 excludat,¹
859 3231 922 3311 qui·
935 3253 1015 3292 nunc
1034 3230 1090 3293 sibi
1109 3233 1211 3295 locum

80 3310 159 3369 inter
179 3309 240 3370 eius
260 3308 438 3369 domesticos
455 3307 611 3369 vindicant.
651 3305 848 3368 similitudine
866 3319 964 3369 autern
978 3307 1212 3390 patrisfamilias

80 3385 184 3463 utitur,
205 3385 297 3464 quisi
316 3383 461 3466 intelligat
479 3383 592 3464 aliquot
611 3403 644 3443 ex
663 3385 720 3446 suis
740 3404 866 3464 nequam
885 3395 916 3444 et
935 3386 1054 3446 lascivos
1076 3388 1211 3450 homines

80 3461 183 3526 furtim
202 3462 256 3523 snb
276 3471 395 3521 noctem
415 3460 507 3536 elabi,
528 3471 558 3520 et
578 3459 697 3525 domum
716 3460 836 3524 luribnr
850 3480 996 3541 exponere
1034 3465 1129 3546 surgit
1146 3466 1212 3545 ipse

83 3551 112 3599 et
132 3539 249 3600 ianuam
269 3536 402 3598 obserat:
427 3558 483 3598 nec
500 3556 590 3619 rugos
613 3534 679 3596 illos
700 3549 730 3596 et
756 3537 980 3600 noctuabundos
1004 3503 1138 3601 homines
1158 3542 1211 3600 ad-

81 3616 183 3690 mittit,
204 3615 254 3695 qui
273 3615 477 3694 intempestive
496 3633 551 3694 per
570 3613 629 3673 vias
649 3613 778 3693 publicas
792 3625 935 3674 errarunt.
972 3616 1070 3676 Porro
1086 3609 1130 3675 his
1142 3636 1210 3676 ver-

48 3735 51 3741 ,
81 3690 127 3753 bis
141 3695 291 3766 admonet,
312 3690 712 3765 occasione,.rdmollertur‚
733 3709 795 3750 essa
806 3691 963 3751 utendum:
982 3713 1049 3752 nam
1059 3711 1146 3770 quam
1158 3690 1210 3754 diu
1300 3756 1302 3762 ,

11 3791 12 3842 r
76 3763 137 3831 ‘nos
162 3770 199 3830 ad
223 3789 254 3830 se
278 3767 425 3836 Dominus'
446 3767 567 3840 inritat,
599 3764 669 3827 licet
694 3766 776 3848 quasi
805 3778 905 3847 aperta
928 3768 1014 3828 ianua
1037 3769 1067 3826 in
1091 3767 1154 3833 redi
1177 3769 1210 3830 iu
1266 3805 1270 3808 -

80 3866 206 3927 regnum
226 3845 394 3918 coelorum,
417 3844 468 3906 sed
492 3846 586 3904 maior
610 3864 676 3924 pars
700 3842 808 3924 pedem
832 3863 952 3906 movere
975 3863 1037 3903 non
1062 3787 1209 3924 dignatur.
1249 3917 1251 3922 ,

81 3921 162 3981 Fore
181 3923 253 4004 ergo
275 3921 434 3984 denuntiat
449 3919 596 3993 Chriitus,
619 3932 653 3979 ut
671 3920 796 3980 'tandem
816 3919 966 3980 claudatur
984 3919 1085 3996 ianua,
1108 3920 1209 4001 itaque

82 3999 246 4076 periculum
266 4018 337 4072 esse,
358 4017 395 4057 uc
415 3997 628 4078 prohibeantur
646 3997 726 4056 aditu
766 3996 795 4056 ui
815 3998 936 4059 comites
956 4007 1132 4075 exspectant.

128 4088 129 4096 ¹
160 4080 209 4140 26.
246 4073 286 4136 In
304 4074 412 4150 pluteis
435 4077 542 4134 uonna
564 4071 695 4138 donuae.
769 4074 920 4134 ominatim
940 4071 1045 4150 excipit
1064 4072 1211 4150 Christus,

11 4167 12 4182 ¹
85 4149 159 4211 nibil
182 4151 297 4212 Iudaeis
321 4150 625 4230 profuturume'quod
643 4149 765 4231 propius
790 4149 826 4211 ad
845 4155 897 4210 eos
920 4150 1088 4226 accesserit,
1118 4168 1149 4211 se
1172 4171 1211 4210 ue

84 4225 263 4289 familiariter
282 4227 424 4288 obtulerit
440 4225 497 4289 illis
517 4226 684 4302 fruendum,
702 4226 759 4288 nisi
776 4225 875 4288 vocati
893 4225 930 4286 ad
950 4225 1027 4284 diem
1045 4171 1210 4307 responde·
1252 4257 1260 4283 s

83 4301 152 4360 iint.
190 4303 346 4366 Caeterum
365 4325 427 4366 non
446 4302 634 4386 prosequitur
651 4321 733 4365 suam
751 4301 976 4363 similitudinem.
1013 4302 1088 4364 Nam
1101 4304 1138 4364 de
1156 4325 1208 4386 pa·

85 4377 251 4446 trelamilias
269 4381 424 4469 loquutus,
448 4403 480 4447 se
505 4381 601 4466 ipsum
620 4402 701 4446 nunc
725 4379 851 4454 iudicem
869 4378 980 4460 absque
998 4375 1092 4465 figura
1112 4382 1208 4464 expri-
