<?xml version="1.0" encoding="UTF-8"?>
<!DOCTYPE html PUBLIC "-//W3C//DTD XHTML 1.0 Transitional//EN"
    "http://www.w3.org/TR/xhtml1/DTD/xhtml1-transitional.dtd">
<html xmlns="http://www.w3.org/1999/xhtml" xml:lang="en" lang="en">
 <head>
  <title>
</title>
<meta http-equiv="Content-Type" content="text/html;charset=utf-8" />
  <meta name='ocr-system' content='tesseract 3.04.00' />
  <meta name='ocr-capabilities' content='ocr_page ocr_carea ocr_par ocr_line ocrx_word'/>
</head>
<body>
  <div class='ocr_page' id='page_1' title='image "./innovumtestamen01tholgoog_0111.png"; bbox 0 0 2824 4756; ppageno 0'>
   <div class='ocr_carea' id='block_1_1' title="bbox 205 232 1151 305">
    <p class='ocr_par' dir='ltr' id='par_1_1' title="bbox 205 232 1151 305">
     <span class='ocr_line' id='line_1_1' title="bbox 205 232 1151 305; baseline -0.012 0"><span class='ocrx_word' id='word_1_1' title='bbox 205 241 245 305; x_wconf 86' lang='lat' dir='ltr'>ao</span> <span class='ocrx_word' id='word_1_2' title='bbox 386 233 538 300; x_wconf 72' lang='lat' dir='ltr'>secato</span> <span class='ocrx_word' id='word_1_3' title='bbox 558 232 598 296; x_wconf 87' lang='lat'>11.</span> <span class='ocrx_word' id='word_1_4' title='bbox 637 235 775 296; x_wconf 73' lang='lat' dir='ltr'>loturus</span> <span class='ocrx_word' id='word_1_5' title='bbox 794 233 978 297; x_wconf 81' lang='lat' dir='ltr'>Barmsraa</span> <span class='ocrx_word' id='word_1_6' title='bbox 996 247 1151 298; x_wconf 80' lang='lat' dir='ltr'>saratas.</span> 
     </span>
    </p>
   </div>
   <div class='ocr_carea' id='block_1_2' title="bbox 102 363 1400 2528">
    <p class='ocr_par' dir='ltr' id='par_1_2' title="bbox 104 363 1334 767">
     <span class='ocr_line' id='line_1_2' title="bbox 207 363 1334 466; baseline -0.002 -21"><span class='ocrx_word' id='word_1_7' title='bbox 207 381 364 466; x_wconf 83' lang='lat' dir='ltr'>significat,</span> <span class='ocrx_word' id='word_1_8' title='bbox 381 381 479 442; x_wconf 80' lang='lat' dir='ltr'>Deum</span> <span class='ocrx_word' id='word_1_9' title='bbox 498 399 561 444; x_wconf 86' lang='lat' dir='ltr'>non</span> <span class='ocrx_word' id='word_1_10' title='bbox 579 363 676 442; x_wconf 80' lang='lat' dir='ltr'>aliebo</span> <span class='ocrx_word' id='word_1_11' title='bbox 695 379 826 444; x_wconf 86' lang='lat' dir='ltr'>subsidio</span> <span class='ocrx_word' id='word_1_12' title='bbox 845 378 932 440; x_wconf 83' lang='lat' dir='ltr'>luisse</span> <span class='ocrx_word' id='word_1_13' title='bbox 951 377 1098 456; x_wconf 89' lang='lat' dir='ltr'>adiutum,</span> <span class='ocrx_word' id='word_1_14' title='bbox 1124 391 1157 441; x_wconf 94' lang='lat' dir='ltr'>ut</span> <span class='ocrx_word' id='word_1_15' title='bbox 1180 377 1242 441; x_wconf 90' lang='lat' dir='ltr'>sola</span> <span class='ocrx_word' id='word_1_16' title='bbox 1262 381 1334 443; x_wconf 82' lang='lat' dir='ltr'>eius</span> 
     </span>
     <span class='ocr_line' id='line_1_3' title="bbox 104 455 1334 592; baseline -0.002 -71"><span class='ocrx_word' id='word_1_17' title='bbox 104 535 106 538; x_wconf 22' lang='grc' dir='ltr'>Ι</span> <span class='ocrx_word' id='word_1_18' title='bbox 206 461 341 542; x_wconf 87' lang='lat' dir='ltr'>potentia</span> <span class='ocrx_word' id='word_1_19' title='bbox 359 459 493 520; x_wconf 87' lang='lat' dir='ltr'>emineat.</span> <span class='ocrx_word' id='word_1_20' title='bbox 531 456 594 517; x_wconf 86' lang='lat' dir='ltr'>Iam</span> <span class='ocrx_word' id='word_1_21' title='bbox 613 457 806 538; x_wconf 86' lang='lat' dir='ltr'>repetendum</span> <span class='ocrx_word' id='word_1_22' title='bbox 825 467 870 517; x_wconf 88' lang='lat' dir='ltr'>est</span> <span class='ocrx_word' id='word_1_23' title='bbox 888 456 968 592; x_wconf 74' lang='lat' dir='ltr'>qpod</span> <span class='ocrx_word' id='word_1_24' title='bbox 987 457 1068 537; x_wconf 91' lang='lat' dir='ltr'>prius</span> <span class='ocrx_word' id='word_1_25' title='bbox 1088 457 1167 532; x_wconf 82' lang='lat' dir='ltr'>dixit,</span> <span class='ocrx_word' id='word_1_26' title='bbox 1186 477 1217 517; x_wconf 89' lang='lat' dir='ltr'>se</span> <span class='ocrx_word' id='word_1_27' title='bbox 1236 455 1334 518; x_wconf 84' lang='lat' dir='ltr'>fuisse</span> 
     </span>
     <span class='ocr_line' id='line_1_4' title="bbox 206 531 1332 616; baseline -0.002 -20"><span class='ocrx_word' id='word_1_28' title='bbox 206 547 383 616; x_wconf 86' lang='lat' dir='ltr'>respectam,</span> <span class='ocrx_word' id='word_1_29' title='bbox 408 534 535 614; x_wconf 80' lang='lat' dir='ltr'>quamvis</span> <span class='ocrx_word' id='word_1_30' title='bbox 559 533 672 594; x_wconf 85' lang='lat' dir='ltr'>abiecta</span> <span class='ocrx_word' id='word_1_31' title='bbox 692 544 722 593; x_wconf 92' lang='lat' dir='ltr'>et</span> <span class='ocrx_word' id='word_1_32' title='bbox 742 543 902 613; x_wconf 77' lang='lat' dir='ltr'>contempti</span> <span class='ocrx_word' id='word_1_33' title='bbox 925 531 969 592; x_wconf 84' lang='lat' dir='ltr'>ilis</span> <span class='ocrx_word' id='word_1_34' title='bbox 994 533 1081 593; x_wconf 79' lang='lat' dir='ltr'>locet</span> <span class='ocrx_word' id='word_1_35' title='bbox 1119 531 1207 594; x_wconf 83' lang='lat' dir='ltr'><strong>Unde</strong></span> <span class='ocrx_word' id='word_1_36' title='bbox 1226 534 1332 614; x_wconf 89' lang='lat' dir='ltr'>sequi-</span> 
     </span>
     <span class='ocr_line' id='line_1_5' title="bbox 206 608 1329 693; baseline -0.004 -20"><span class='ocrx_word' id='word_1_37' title='bbox 206 624 266 683; x_wconf 88' lang='lat' dir='ltr'>tur,</span> <span class='ocrx_word' id='word_1_38' title='bbox 285 610 485 693; x_wconf 85' lang='lat' dir='ltr'>praeposteras</span> <span class='ocrx_word' id='word_1_39' title='bbox 504 621 535 671; x_wconf 92' lang='lat' dir='ltr'>et</span> <span class='ocrx_word' id='word_1_40' title='bbox 553 609 728 680; x_wconf 80' lang='lat' dir='ltr'>adulterinas</span> <span class='ocrx_word' id='word_1_41' title='bbox 747 628 809 670; x_wconf 87' lang='lat' dir='ltr'>esse</span> <span class='ocrx_word' id='word_1_42' title='bbox 828 609 938 668; x_wconf 85' lang='lat' dir='ltr'>Mariae</span> <span class='ocrx_word' id='word_1_43' title='bbox 956 608 1066 684; x_wconf 87' lang='lat' dir='ltr'>laudes,</span> <span class='ocrx_word' id='word_1_44' title='bbox 1085 610 1190 689; x_wconf 90' lang='lat' dir='ltr'>quibus</span> <span class='ocrx_word' id='word_1_45' title='bbox 1209 631 1272 670; x_wconf 92' lang='lat' dir='ltr'>non</span> <span class='ocrx_word' id='word_1_46' title='bbox 1294 611 1329 669; x_wconf 94' lang='lat' dir='ltr'>in</span> 
     </span>
     <span class='ocr_line' id='line_1_6' title="bbox 207 685 1047 767; baseline -0.007 -17"><span class='ocrx_word' id='word_1_47' title='bbox 207 689 334 752; x_wconf 86' lang='lat' dir='ltr'>solidum</span> <span class='ocrx_word' id='word_1_48' title='bbox 354 687 502 748; x_wconf 77' lang='lat' dir='ltr'>extollitur</span> <span class='ocrx_word' id='word_1_49' title='bbox 519 687 578 746; x_wconf 80' lang='lat' dir='ltr'>Ilei</span> <span class='ocrx_word' id='word_1_50' title='bbox 597 687 728 767; x_wconf 92' lang='lat' dir='ltr'>potentia</span> <span class='ocrx_word' id='word_1_51' title='bbox 748 697 777 746; x_wconf 91' lang='lat' dir='ltr'>et</span> <span class='ocrx_word' id='word_1_52' title='bbox 818 686 937 746; x_wconf 85' lang='lat' dir='ltr'>ratuitus</span> <span class='ocrx_word' id='word_1_53' title='bbox 957 685 1047 746; x_wconf 80' lang='lat' dir='ltr'>saror.</span> 
     </span>
    </p>

    <p class='ocr_par' dir='ltr' id='par_1_3' title="bbox 102 763 1400 1452">
     <span class='ocr_line' id='line_1_7' title="bbox 283 763 1328 842; baseline -0.001 -19"><span class='ocrx_word' id='word_1_54' title='bbox 283 772 329 830; x_wconf 78' lang='grc'>49.</span> <span class='ocrx_word' id='word_1_55' title='bbox 367 763 553 824; x_wconf 66' lang='lat' dir='ltr'>mamm</span> <span class='ocrx_word' id='word_1_56' title='bbox 570 783 672 825; x_wconf 80' lang='lat' dir='ltr'>nomen</span> <span class='ocrx_word' id='word_1_57' title='bbox 689 766 758 822; x_wconf 75' lang='lat' dir='ltr'>eius.</span> <span class='ocrx_word' id='word_1_58' title='bbox 838 783 889 822; x_wconf 91' lang='lat' dir='ltr'>aec</span> <span class='ocrx_word' id='word_1_59' title='bbox 909 773 954 822; x_wconf 87' lang='lat' dir='ltr'>est</span> <span class='ocrx_word' id='word_1_60' title='bbox 971 763 1098 822; x_wconf 88' lang='lat' dir='ltr'>secunda</span> <span class='ocrx_word' id='word_1_61' title='bbox 1121 783 1187 842; x_wconf 88' lang='lat' dir='ltr'>pars</span> <span class='ocrx_word' id='word_1_62' title='bbox 1207 764 1328 835; x_wconf 89' lang='lat' dir='ltr'>cantici,</span> 
     </span>
     <span class='ocr_line' id='line_1_8' title="bbox 206 832 1329 923; baseline -0.005 -19"><span class='ocrx_word' id='word_1_63' title='bbox 206 843 240 904; x_wconf 87' lang='lat' dir='ltr'>iu</span> <span class='ocrx_word' id='word_1_64' title='bbox 258 863 315 922; x_wconf 90' lang='lat' dir='ltr'>qua</span> <span class='ocrx_word' id='word_1_65' title='bbox 334 840 519 923; x_wconf 83' lang='lat' dir='ltr'>generalibus</span> <span class='ocrx_word' id='word_1_66' title='bbox 537 837 687 900; x_wconf 77' lang='lat' dir='ltr'>sententiis</span> <span class='ocrx_word' id='word_1_67' title='bbox 705 849 805 899; x_wconf 89' lang='lat' dir='ltr'>sancta</span> <span class='ocrx_word' id='word_1_68' title='bbox 822 840 904 920; x_wconf 83' lang='lat' dir='ltr'>virgo</span> <span class='ocrx_word' id='word_1_69' title='bbox 925 838 984 899; x_wconf 88' lang='lat' dir='ltr'>Dei</span> <span class='ocrx_word' id='word_1_70' title='bbox 1001 841 1150 913; x_wconf 83' lang='lat' dir='ltr'>virtutem,</span> <span class='ocrx_word' id='word_1_71' title='bbox 1169 832 1275 900; x_wconf 88' lang='lat' dir='ltr'>iudicia</span> <span class='ocrx_word' id='word_1_72' title='bbox 1296 853 1329 899; x_wconf 88' lang='lat' dir='ltr'>et</span> 
     </span>
     <span class='ocr_line' id='line_1_9' title="bbox 203 915 1327 995; baseline -0.004 -16"><span class='ocrx_word' id='word_1_73' title='bbox 203 917 432 980; x_wconf 84' lang='lat' dir='ltr'>misericordiam</span> <span class='ocrx_word' id='word_1_74' title='bbox 452 915 644 979; x_wconf 87' lang='lat' dir='ltr'>commendat</span> <span class='ocrx_word' id='word_1_75' title='bbox 694 917 800 995; x_wconf 85' lang='lat' dir='ltr'>Neque</span> <span class='ocrx_word' id='word_1_76' title='bbox 819 915 897 974; x_wconf 89' lang='lat' dir='ltr'>enirn</span> <span class='ocrx_word' id='word_1_77' title='bbox 916 935 977 976; x_wconf 92' lang='lat' dir='ltr'>uno</span> <span class='ocrx_word' id='word_1_78' title='bbox 997 927 1135 976; x_wconf 87' lang='lat' dir='ltr'>contextu</span> <span class='ocrx_word' id='word_1_79' title='bbox 1156 915 1212 976; x_wconf 80' lang='lat' dir='ltr'>bot</span> <span class='ocrx_word' id='word_1_80' title='bbox 1231 936 1327 975; x_wconf 90' lang='lat' dir='ltr'>mem-</span> 
     </span>
     <span class='ocr_line' id='line_1_10' title="bbox 206 991 1328 1074; baseline -0.004 -17"><span class='ocrx_word' id='word_1_81' title='bbox 206 995 292 1057; x_wconf 88' lang='lat' dir='ltr'>brum</span> <span class='ocrx_word' id='word_1_82' title='bbox 317 1013 383 1055; x_wconf 82' lang='lat' dir='ltr'>cunr</span> <span class='ocrx_word' id='word_1_83' title='bbox 408 993 574 1074; x_wconf 80' lang='lat' dir='ltr'>superiore,</span> <span class='ocrx_word' id='word_1_84' title='bbox 594 992 645 1052; x_wconf 90' lang='lat' dir='ltr'>sed</span> <span class='ocrx_word' id='word_1_85' title='bbox 669 1012 799 1052; x_wconf 89' lang='lat' dir='ltr'>scorsum</span> <span class='ocrx_word' id='word_1_86' title='bbox 825 991 1006 1074; x_wconf 76' lang='lat' dir='ltr'>lagidebet.</span> <span class='ocrx_word' id='word_1_87' title='bbox 1049 992 1199 1052; x_wconf 82' lang='lat' dir='ltr'>Extulerat</span> <span class='ocrx_word' id='word_1_88' title='bbox 1223 993 1328 1068; x_wconf 82' lang='lat' dir='ltr'>Maria,</span> 
     </span>
     <span class='ocr_line' id='line_1_11' title="bbox 204 1068 1328 1152; baseline -0.004 -20"><span class='ocrx_word' id='word_1_89' title='bbox 204 1091 292 1152; x_wconf 85' lang='lat' dir='ltr'>quam</span> <span class='ocrx_word' id='word_1_90' title='bbox 317 1071 348 1130; x_wconf 91' lang='lat' dir='ltr'>in</span> <span class='ocrx_word' id='word_1_91' title='bbox 372 1089 403 1130; x_wconf 91' lang='lat' dir='ltr'>se</span> <span class='ocrx_word' id='word_1_92' title='bbox 430 1081 546 1150; x_wconf 83' lang='lat' dir='ltr'>experta</span> <span class='ocrx_word' id='word_1_93' title='bbox 566 1072 643 1142; x_wconf 80' lang='lat' dir='ltr'>era&#39;t,</span> <span class='ocrx_word' id='word_1_94' title='bbox 671 1069 730 1128; x_wconf 92' lang='lat' dir='ltr'>Dei</span> <span class='ocrx_word' id='word_1_95' title='bbox 749 1069 878 1150; x_wconf 55' lang='lat' dir='ltr'>gratiam,</span> <span class='ocrx_word' id='word_1_96' title='bbox 910 1068 1006 1128; x_wconf 87' lang='lat' dir='ltr'>-Hiuc</span> <span class='ocrx_word' id='word_1_97' title='bbox 1029 1081 1143 1148; x_wconf 90' lang='lat' dir='ltr'>sumpta</span> <span class='ocrx_word' id='word_1_98' title='bbox 1169 1069 1328 1136; x_wconf 79' lang='lat' dir='ltr'><strong>occasione</strong></span> 
     </span>
     <span class='ocr_line' id='line_1_12' title="bbox 149 1143 1326 1221; baseline -0.005 -11"><span class='ocrx_word' id='word_1_99' title='bbox 149 1205 151 1210; x_wconf 81' lang='grc'>,</span> <span class='ocrx_word' id='word_1_100' title='bbox 204 1149 352 1221; x_wconf 74' lang='lat' dir='ltr'>exclamat,</span> <span class='ocrx_word' id='word_1_101' title='bbox 372 1157 503 1206; x_wconf 77' lang='lat' dir='ltr'>sanctum</span> <span class='ocrx_word' id='word_1_102' title='bbox 523 1165 584 1206; x_wconf 89' lang='lat' dir='ltr'>esse</span> <span class='ocrx_word' id='word_1_103' title='bbox 604 1146 664 1205; x_wconf 89' lang='lat' dir='ltr'>eius</span> <span class='ocrx_word' id='word_1_104' title='bbox 684 1165 803 1219; x_wconf 91' lang='lat' dir='ltr'>nomen,</span> <span class='ocrx_word' id='word_1_105' title='bbox 822 1157 853 1204; x_wconf 91' lang='lat' dir='ltr'>et</span> <span class='ocrx_word' id='word_1_106' title='bbox 869 1143 1096 1204; x_wconf 79' lang='lat' dir='ltr'>miscricordiam</span> <span class='ocrx_word' id='word_1_107' title='bbox 1117 1143 1326 1204; x_wconf 88' lang='lat' dir='ltr'>eiusomnibus</span> 
     </span>
     <span class='ocr_line' id='line_1_13' title="bbox 202 1220 1325 1304; baseline -0.006 -17"><span class='ocrx_word' id='word_1_108' title='bbox 202 1224 325 1287; x_wconf 85' lang='lat' dir='ltr'>saeculis</span> <span class='ocrx_word' id='word_1_109' title='bbox 342 1222 451 1304; x_wconf 83' lang='lat' dir='ltr'>vigere.</span> <span class='ocrx_word' id='word_1_110' title='bbox 489 1221 586 1282; x_wconf 87' lang='lat' dir='ltr'>Porro</span> <span class='ocrx_word' id='word_1_111' title='bbox 599 1221 739 1284; x_wconf 87' lang='lat' dir='ltr'>Sanctum</span> <span class='ocrx_word' id='word_1_112' title='bbox 758 1233 879 1282; x_wconf 83' lang='lat' dir='ltr'>vocatur</span> <span class='ocrx_word' id='word_1_113' title='bbox 889 1220 947 1279; x_wconf 89' lang='lat' dir='ltr'>Dei</span> <span class='ocrx_word' id='word_1_114' title='bbox 962 1240 1081 1294; x_wconf 86' lang='lat' dir='ltr'>nomen,</span> <span class='ocrx_word' id='word_1_115' title='bbox 1102 1222 1168 1300; x_wconf 90' lang='lat' dir='ltr'>quia</span> <span class='ocrx_word' id='word_1_116' title='bbox 1184 1241 1325 1282; x_wconf 85' lang='lat' dir='ltr'>reveren-</span> 
     </span>
     <span class='ocr_line' id='line_1_14' title="bbox 201 1297 1326 1378; baseline -0.004 -15"><span class='ocrx_word' id='word_1_117' title='bbox 201 1299 275 1363; x_wconf 83' lang='lat' dir='ltr'>tian&#39;a</span> <span class='ocrx_word' id='word_1_118' title='bbox 293 1319 433 1375; x_wconf 81' lang='lat' dir='ltr'>summam</span> <span class='ocrx_word' id='word_1_119' title='bbox 452 1309 593 1359; x_wconf 89' lang='lat' dir='ltr'>meretur:</span> <span class='ocrx_word' id='word_1_120' title='bbox 614 1309 647 1358; x_wconf 91' lang='lat' dir='ltr'>ut</span> <span class='ocrx_word' id='word_1_121' title='bbox 666 1297 851 1378; x_wconf 88' lang='lat' dir='ltr'>quotiesDei</span> <span class='ocrx_word' id='word_1_122' title='bbox 871 1298 905 1356; x_wconf 90' lang='lat' dir='ltr'>lit</span> <span class='ocrx_word' id='word_1_123' title='bbox 922 1297 1046 1374; x_wconf 79' lang='lat' dir='ltr'>mentio,</span> <span class='ocrx_word' id='word_1_124' title='bbox 1064 1297 1148 1358; x_wconf 91' lang='lat' dir='ltr'>simul</span> <span class='ocrx_word' id='word_1_125' title='bbox 1161 1298 1326 1359; x_wconf 85' lang='lat' dir='ltr'>veneranda</span> 
     </span>
     <span class='ocr_line' id='line_1_15' title="bbox 102 1373 1400 1452; baseline -0.005 -11"><span class='ocrx_word' id='word_1_126' title='bbox 102 1382 104 1386; x_wconf 81' lang='grc'><strong>’</strong></span> <span class='ocrx_word' id='word_1_127' title='bbox 204 1379 266 1440; x_wconf 88' lang='lat' dir='ltr'>eius</span> <span class='ocrx_word' id='word_1_128' title='bbox 284 1377 417 1436; x_wconf 89' lang='lat' dir='ltr'>maiestas</span> <span class='ocrx_word' id='word_1_129' title='bbox 436 1375 467 1434; x_wconf 92' lang='lat' dir='ltr'>in</span> <span class='ocrx_word' id='word_1_130' title='bbox 487 1375 614 1440; x_wconf 90' lang='lat' dir='ltr'>medium</span> <span class='ocrx_word' id='word_1_131' title='bbox 654 1375 766 1435; x_wconf 82' lang='lat' dir='ltr'>rodeat</span> <span class='ocrx_word' id='word_1_132' title='bbox 805 1375 938 1452; x_wconf 83' lang='lat' dir='ltr'>Proxima</span> <span class='ocrx_word' id='word_1_133' title='bbox 951 1374 1105 1450; x_wconf 88' lang='lat' dir='ltr'>sententia,</span> <span class='ocrx_word' id='word_1_134' title='bbox 1124 1373 1174 1433; x_wconf 90' lang='lat' dir='ltr'>ubi</span> <span class='ocrx_word' id='word_1_135' title='bbox 1188 1374 1325 1434; x_wconf 90' lang='lat' dir='ltr'>laudatur</span> <span class='ocrx_word' id='word_1_136' title='bbox 1399 1411 1400 1420; x_wconf 28' lang='grc' dir='ltr'><strong>κ</strong></span> 
     </span>
    </p>

    <p class='ocr_par' dir='ltr' id='par_1_4' title="bbox 197 1395 1400 2528">
     <span class='ocr_line' id='line_1_16' title="bbox 203 1395 1325 1537; baseline -0.002 -24"><span class='ocrx_word' id='word_1_137' title='bbox 203 1451 381 1537; x_wconf 79' lang='lat' dir='ltr'>perpetuitas</span> <span class='ocrx_word' id='word_1_138' title='bbox 406 1395 715 1526; x_wconf 77' lang='lat' dir='ltr'>misericordiaellei,</span> <span class='ocrx_word' id='word_1_139' title='bbox 747 1471 782 1511; x_wconf 85' lang='lat' dir='ltr'>ex</span> <span class='ocrx_word' id='word_1_140' title='bbox 806 1451 933 1514; x_wconf 91' lang='lat' dir='ltr'>sollenni</span> <span class='ocrx_word' id='word_1_141' title='bbox 979 1453 1034 1510; x_wconf 89' lang='lat' dir='ltr'>arti</span> <span class='ocrx_word' id='word_1_142' title='bbox 1058 1446 1185 1511; x_wconf 74' lang='lat' dir='ltr'>solmula</span> <span class='ocrx_word' id='word_1_143' title='bbox 1208 1461 1325 1532; x_wconf 85' lang='lat' dir='ltr'>sumpta</span> 
     </span>
     <span class='ocr_line' id='line_1_17' title="bbox 197 1527 1324 1610; baseline -0.005 -18"><span class='ocrx_word' id='word_1_144' title='bbox 197 1543 265 1604; x_wconf 81' lang='lat' dir='ltr'>est,</span> <span class='ocrx_word' id='word_1_145' title='bbox 285 1530 353 1588; x_wconf 35' lang='lat' dir='ltr'>Ero,</span> <span class='ocrx_word' id='word_1_146' title='bbox 365 1527 447 1590; x_wconf 87' lang='lat' dir='ltr'>Deus</span> <span class='ocrx_word' id='word_1_147' title='bbox 466 1540 548 1604; x_wconf 90' lang='lat' dir='ltr'>tuus,</span> <span class='ocrx_word' id='word_1_148' title='bbox 568 1539 598 1589; x_wconf 93' lang='lat' dir='ltr'>et</span> <span class='ocrx_word' id='word_1_149' title='bbox 616 1529 734 1589; x_wconf 86' lang='lat' dir='ltr'>seminis</span> <span class='ocrx_word' id='word_1_150' title='bbox 751 1529 795 1588; x_wconf 89' lang='lat' dir='ltr'>tui</span> <span class='ocrx_word' id='word_1_151' title='bbox 822 1529 852 1588; x_wconf 93' lang='lat' dir='ltr'>iu</span> <span class='ocrx_word' id='word_1_152' title='bbox 870 1548 957 1588; x_wconf 88' lang='lat' dir='ltr'>saecu</span> <span class='ocrx_word' id='word_1_153' title='bbox 990 1549 1026 1586; x_wconf 90' lang='lat' dir='ltr'>m.</span> <span class='ocrx_word' id='word_1_154' title='bbox 1063 1528 1154 1601; x_wconf 84' lang='lat' dir='ltr'>Item,</span> <span class='ocrx_word' id='word_1_155' title='bbox 1173 1527 1238 1610; x_wconf 85' lang='lat' dir='ltr'>Ego</span> <span class='ocrx_word' id='word_1_156' title='bbox 1259 1548 1324 1588; x_wconf 89' lang='lat' dir='ltr'>sum</span> 
     </span>
     <span class='ocr_line' id='line_1_18' title="bbox 203 1603 1399 1686; baseline -0.001 -18"><span class='ocrx_word' id='word_1_157' title='bbox 203 1609 284 1668; x_wconf 86' lang='lat' dir='ltr'>Deus</span> <span class='ocrx_word' id='word_1_158' title='bbox 316 1605 425 1668; x_wconf 83' lang='lat' dir='ltr'>iaciens</span> <span class='ocrx_word' id='word_1_159' title='bbox 455 1605 682 1666; x_wconf 87' lang='lat' dir='ltr'>misericordiam</span> <span class='ocrx_word' id='word_1_160' title='bbox 712 1606 744 1665; x_wconf 93' lang='lat' dir='ltr'>in</span> <span class='ocrx_word' id='word_1_161' title='bbox 775 1603 854 1664; x_wconf 90' lang='lat' dir='ltr'>mille</span> <span class='ocrx_word' id='word_1_162' title='bbox 883 1603 1090 1686; x_wconf 85' lang='lat' dir='ltr'>generationes</span> <span class='ocrx_word' id='word_1_163' title='bbox 1107 1603 1197 1678; x_wconf 82' lang='lat' dir='ltr'>(Gen.</span> <span class='ocrx_word' id='word_1_164' title='bbox 1217 1609 1270 1678; x_wconf 82' lang='lat' dir='ltr'>tt,</span> <span class='ocrx_word' id='word_1_165' title='bbox 1296 1609 1323 1670; x_wconf 80' lang='lat' dir='ltr'>t.</span> <span class='ocrx_word' id='word_1_166' title='bbox 1398 1667 1399 1672; x_wconf 69' lang='grc'>,</span> 
     </span>
     <span class='ocr_line' id='line_1_19' title="bbox 202 1679 1400 1762; baseline -0.003 -18"><span class='ocrx_word' id='word_1_167' title='bbox 202 1683 292 1744; x_wconf 87' lang='lat' dir='ltr'>Dent</span> <span class='ocrx_word' id='word_1_168' title='bbox 311 1687 340 1755; x_wconf 80' lang='lat' dir='ltr'>t,</span> <span class='ocrx_word' id='word_1_169' title='bbox 357 1681 410 1761; x_wconf 85' lang='lat'><strong>9·).</strong></span> <span class='ocrx_word' id='word_1_170' title='bbox 450 1679 575 1756; x_wconf 83' lang='lat' dir='ltr'>Quibus.</span> <span class='ocrx_word' id='word_1_171' title='bbox 586 1680 681 1743; x_wconf 85' lang='lat' dir='ltr'>verbis</span> <span class='ocrx_word' id='word_1_172' title='bbox 700 1702 762 1741; x_wconf 91' lang='lat' dir='ltr'>non</span> <span class='ocrx_word' id='word_1_173' title='bbox 781 1681 872 1742; x_wconf 89' lang='lat' dir='ltr'>modo</span> <span class='ocrx_word' id='word_1_174' title='bbox 890 1691 1022 1755; x_wconf 90' lang='lat' dir='ltr'>testatur,</span> <span class='ocrx_word' id='word_1_175' title='bbox 1041 1701 1072 1740; x_wconf 88' lang='lat' dir='ltr'>se</span> <span class='ocrx_word' id='word_1_176' title='bbox 1091 1693 1235 1762; x_wconf 90' lang='lat' dir='ltr'>perpetuo</span> <span class='ocrx_word' id='word_1_177' title='bbox 1257 1679 1324 1740; x_wconf 83' lang='lat' dir='ltr'>fore</span> <span class='ocrx_word' id='word_1_178' title='bbox 1399 1687 1400 1696; x_wconf 76' lang='grc'>’</span> 
     </span>
     <span class='ocr_line' id='line_1_20' title="bbox 202 1755 1323 1839; baseline -0.004 -16"><span class='ocrx_word' id='word_1_179' title='bbox 202 1761 248 1823; x_wconf 84' lang='lat' dir='ltr'>sui</span> <span class='ocrx_word' id='word_1_180' title='bbox 259 1759 393 1834; x_wconf 87' lang='lat' dir='ltr'>similem,</span> <span class='ocrx_word' id='word_1_181' title='bbox 412 1759 463 1820; x_wconf 90' lang='lat' dir='ltr'>sed</span> <span class='ocrx_word' id='word_1_182' title='bbox 484 1760 656 1820; x_wconf 88' lang='lat' dir='ltr'>continuum</span> <span class='ocrx_word' id='word_1_183' title='bbox 675 1758 804 1819; x_wconf 81' lang='lat' dir='ltr'>favorem</span> <span class='ocrx_word' id='word_1_184' title='bbox 818 1755 959 1837; x_wconf 82' lang='lat' dir='ltr'>exprimit,</span> <span class='ocrx_word' id='word_1_185' title='bbox 979 1777 1066 1836; x_wconf 92' lang='lat' dir='ltr'>quem</span> <span class='ocrx_word' id='word_1_186' title='bbox 1078 1777 1146 1839; x_wconf 88' lang='lat' dir='ltr'>erga</span> <span class='ocrx_word' id='word_1_187' title='bbox 1165 1777 1232 1818; x_wconf 90' lang='lat' dir='ltr'>suos</span> <span class='ocrx_word' id='word_1_188' title='bbox 1251 1778 1323 1837; x_wconf 91' lang='lat' dir='ltr'>pro-</span> 
     </span>
     <span class='ocr_line' id='line_1_21' title="bbox 200 1834 1322 1917; baseline -0.004 -18"><span class='ocrx_word' id='word_1_189' title='bbox 200 1836 345 1916; x_wconf 84' lang='lat' dir='ltr'>sequitur,</span> <span class='ocrx_word' id='word_1_190' title='bbox 363 1847 396 1896; x_wconf 93' lang='lat' dir='ltr'>ut</span> <span class='ocrx_word' id='word_1_191' title='bbox 414 1846 482 1917; x_wconf 87' lang='lat' dir='ltr'>post</span> <span class='ocrx_word' id='word_1_192' title='bbox 500 1855 603 1894; x_wconf 88' lang='lat' dir='ltr'>eorum</span> <span class='ocrx_word' id='word_1_193' title='bbox 622 1847 748 1894; x_wconf 88' lang='lat' dir='ltr'>mortem</span> <span class='ocrx_word' id='word_1_194' title='bbox 767 1834 842 1894; x_wconf 85' lang='lat' dir='ltr'>filios</span> <span class='ocrx_word' id='word_1_195' title='bbox 862 1845 892 1893; x_wconf 92' lang='lat' dir='ltr'>et</span> <span class='ocrx_word' id='word_1_196' title='bbox 911 1845 1044 1914; x_wconf 85' lang='lat' dir='ltr'>nepotes,</span> <span class='ocrx_word' id='word_1_197' title='bbox 1062 1845 1213 1914; x_wconf 89' lang='lat' dir='ltr'>totamque</span> <span class='ocrx_word' id='word_1_198' title='bbox 1229 1834 1322 1894; x_wconf 89' lang='lat' dir='ltr'>sobo-</span> 
     </span>
     <span class='ocr_line' id='line_1_22' title="bbox 201 1908 1322 1994; baseline -0.004 -20"><span class='ocrx_word' id='word_1_199' title='bbox 201 1913 260 1974; x_wconf 88' lang='lat' dir='ltr'>lem</span> <span class='ocrx_word' id='word_1_200' title='bbox 280 1912 387 1994; x_wconf 91' lang='lat' dir='ltr'>diligat.</span> <span class='ocrx_word' id='word_1_201' title='bbox 428 1913 479 1974; x_wconf 89' lang='lat' dir='ltr'>Sic</span> <span class='ocrx_word' id='word_1_202' title='bbox 499 1913 641 1972; x_wconf 90' lang='lat' dir='ltr'>continuo</span> <span class='ocrx_word' id='word_1_203' title='bbox 662 1911 768 1972; x_wconf 87' lang='lat' dir='ltr'>amoris</span> <span class='ocrx_word' id='word_1_204' title='bbox 785 1921 890 1971; x_wconf 89' lang='lat' dir='ltr'>tenore</span> <span class='ocrx_word' id='word_1_205' title='bbox 909 1921 1104 1989; x_wconf 83' lang='lat' dir='ltr'>prosequutus</span> <span class='ocrx_word' id='word_1_206' title='bbox 1125 1923 1168 1970; x_wconf 89' lang='lat' dir='ltr'>est</span> <span class='ocrx_word' id='word_1_207' title='bbox 1185 1908 1322 1970; x_wconf 79' lang='lat' dir='ltr'>Abrabae</span> 
     </span>
     <span class='ocr_line' id='line_1_23' title="bbox 201 1985 1321 2079; baseline -0.004 -28"><span class='ocrx_word' id='word_1_208' title='bbox 201 2001 347 2074; x_wconf 90' lang='lat' dir='ltr'>posteros,</span> <span class='ocrx_word' id='word_1_209' title='bbox 367 1989 515 2069; x_wconf 86' lang='lat' dir='ltr'>quoniam,</span> <span class='ocrx_word' id='word_1_210' title='bbox 534 2000 647 2068; x_wconf 89' lang='lat' dir='ltr'>patrem</span> <span class='ocrx_word' id='word_1_211' title='bbox 666 1987 828 2048; x_wconf 78' lang='lat' dir='ltr'>Abrabam</span> <span class='ocrx_word' id='word_1_212' title='bbox 840 1987 929 2046; x_wconf 89' lang='lat' dir='ltr'>semel</span> <span class='ocrx_word' id='word_1_213' title='bbox 949 1987 980 2046; x_wconf 93' lang='lat' dir='ltr'>in</span> <span class='ocrx_word' id='word_1_214' title='bbox 998 1987 1122 2079; x_wconf 82' lang='lat' dir='ltr'>gratiam</span> <span class='ocrx_word' id='word_1_215' title='bbox 1143 1985 1321 2066; x_wconf 84' lang='lat' dir='ltr'>complexus,</span> 
     </span>
     <span class='ocr_line' id='line_1_24' title="bbox 202 2062 1322 2145; baseline -0.004 -16"><span class='ocrx_word' id='word_1_216' title='bbox 202 2079 353 2129; x_wconf 88' lang='lat' dir='ltr'>aeternnm</span> <span class='ocrx_word' id='word_1_217' title='bbox 378 2087 444 2126; x_wconf 90' lang='lat' dir='ltr'>curu</span> <span class='ocrx_word' id='word_1_218' title='bbox 468 2065 532 2144; x_wconf 91' lang='lat' dir='ltr'>ipso</span> <span class='ocrx_word' id='word_1_219' title='bbox 557 2063 660 2126; x_wconf 79' lang='lat' dir='ltr'>foedus</span> <span class='ocrx_word' id='word_1_220' title='bbox 685 2065 845 2145; x_wconf 84' lang='lat' dir='ltr'>pepigerat.</span> <span class='ocrx_word' id='word_1_221' title='bbox 884 2062 945 2122; x_wconf 85' lang='lat' dir='ltr'>Sed</span> <span class='ocrx_word' id='word_1_222' title='bbox 964 2085 1030 2142; x_wconf 87' lang='lat' dir='ltr'>qma</span> <span class='ocrx_word' id='word_1_223' title='bbox 1050 2084 1111 2125; x_wconf 91' lang='lat' dir='ltr'>non</span> <span class='ocrx_word' id='word_1_224' title='bbox 1132 2083 1247 2135; x_wconf 87' lang='lat' dir='ltr'>omncs,</span> <span class='ocrx_word' id='word_1_225' title='bbox 1270 2063 1322 2142; x_wconf 90' lang='lat' dir='ltr'>qui</span> 
     </span>
     <span class='ocr_line' id='line_1_25' title="bbox 201 2139 1321 2222; baseline -0.004 -17"><span class='ocrx_word' id='word_1_226' title='bbox 201 2142 384 2204; x_wconf 86' lang='lat' dir='ltr'>descendunt</span> <span class='ocrx_word' id='word_1_227' title='bbox 412 2161 447 2201; x_wconf 81' lang='lat' dir='ltr'>ex</span> <span class='ocrx_word' id='word_1_228' title='bbox 464 2141 611 2202; x_wconf 80' lang='lat' dir='ltr'>Abraham</span> <span class='ocrx_word' id='word_1_229' title='bbox 631 2143 790 2201; x_wconf 90' lang='lat' dir='ltr'>secundum</span> <span class='ocrx_word' id='word_1_230' title='bbox 811 2159 937 2215; x_wconf 88' lang='lat' dir='ltr'>carnem,</span> <span class='ocrx_word' id='word_1_231' title='bbox 956 2141 1077 2222; x_wconf 88' lang='lat' dir='ltr'>genuini</span> <span class='ocrx_word' id='word_1_232' title='bbox 1097 2152 1165 2200; x_wconf 90' lang='lat' dir='ltr'>sunt</span> <span class='ocrx_word' id='word_1_233' title='bbox 1184 2139 1321 2201; x_wconf 79' lang='lat' dir='ltr'>Abrahae</span> 
     </span>
     <span class='ocr_line' id='line_1_26' title="bbox 201 2217 1319 2300; baseline -0.003 -20"><span class='ocrx_word' id='word_1_234' title='bbox 201 2220 267 2295; x_wconf 90' lang='lat' dir='ltr'>lilii,</span> <span class='ocrx_word' id='word_1_235' title='bbox 287 2219 486 2300; x_wconf 87' lang='lat' dir='ltr'>promissionis</span> <span class='ocrx_word' id='word_1_236' title='bbox 505 2219 644 2278; x_wconf 87' lang='lat' dir='ltr'>ellectum</span> <span class='ocrx_word' id='word_1_237' title='bbox 664 2217 816 2298; x_wconf 87' lang='lat' dir='ltr'>restringit</span> <span class='ocrx_word' id='word_1_238' title='bbox 834 2217 923 2278; x_wconf 87' lang='lat' dir='ltr'>Maria</span> <span class='ocrx_word' id='word_1_239' title='bbox 949 2219 1087 2276; x_wconf 84' lang='lat' dir='ltr'>adverus</span> <span class='ocrx_word' id='word_1_240' title='bbox 1107 2217 1163 2275; x_wconf 88' lang='lat' dir='ltr'>Dei</span> <span class='ocrx_word' id='word_1_241' title='bbox 1183 2217 1319 2292; x_wconf 88' lang='lat' dir='ltr'>cultores,</span> 
     </span>
     <span class='ocr_line' id='line_1_27' title="bbox 201 2293 1318 2379; baseline -0.004 -22"><span class='ocrx_word' id='word_1_242' title='bbox 201 2296 446 2379; x_wconf 85' lang='lat' dir='ltr'>quemadmodum</span> <span class='ocrx_word' id='word_1_243' title='bbox 476 2305 506 2354; x_wconf 91' lang='lat' dir='ltr'>et</span> <span class='ocrx_word' id='word_1_244' title='bbox 531 2295 624 2355; x_wconf 89' lang='lat' dir='ltr'>David</span> <span class='ocrx_word' id='word_1_245' title='bbox 650 2295 723 2355; x_wconf 89' lang='lat' dir='ltr'>Psal.</span> <span class='ocrx_word' id='word_1_246' title='bbox 743 2301 814 2366; x_wconf 82' lang='lat'>103,</span> <span class='ocrx_word' id='word_1_247' title='bbox 839 2301 902 2367; x_wconf 74' lang='lat' dir='ltr'>tt,</span> <span class='ocrx_word' id='word_1_248' title='bbox 930 2293 1132 2355; x_wconf 86' lang='lat' dir='ltr'>Misericordia</span> <span class='ocrx_word' id='word_1_249' title='bbox 1157 2293 1277 2352; x_wconf 90' lang='lat' dir='ltr'>Domini</span> <span class='ocrx_word' id='word_1_250' title='bbox 1302 2314 1318 2353; x_wconf 88' lang='lat' dir='ltr'>a</span> 
     </span>
     <span class='ocr_line' id='line_1_28' title="bbox 199 2369 1318 2452; baseline -0.007 -15"><span class='ocrx_word' id='word_1_251' title='bbox 199 2373 319 2437; x_wconf 84' lang='lat' dir='ltr'>saeculo</span> <span class='ocrx_word' id='word_1_252' title='bbox 339 2392 431 2452; x_wconf 87' lang='lat' dir='ltr'>usque</span> <span class='ocrx_word' id='word_1_253' title='bbox 451 2373 479 2432; x_wconf 93' lang='lat' dir='ltr'>in</span> <span class='ocrx_word' id='word_1_254' title='bbox 500 2371 646 2432; x_wconf 89' lang='lat' dir='ltr'>saeculum</span> <span class='ocrx_word' id='word_1_255' title='bbox 664 2391 752 2452; x_wconf 89' lang='lat' dir='ltr'>snper</span> <span class='ocrx_word' id='word_1_256' title='bbox 771 2373 906 2430; x_wconf 87' lang='lat' dir='ltr'>timentes</span> <span class='ocrx_word' id='word_1_257' title='bbox 926 2390 1007 2430; x_wconf 85' lang='lat' dir='ltr'>eum:</span> <span class='ocrx_word' id='word_1_258' title='bbox 1037 2383 1066 2430; x_wconf 91' lang='lat' dir='ltr'>et</span> <span class='ocrx_word' id='word_1_259' title='bbox 1085 2369 1190 2429; x_wconf 87' lang='lat' dir='ltr'>iustitia</span> <span class='ocrx_word' id='word_1_260' title='bbox 1210 2371 1269 2430; x_wconf 91' lang='lat' dir='ltr'>cius</span> <span class='ocrx_word' id='word_1_261' title='bbox 1288 2371 1318 2429; x_wconf 93' lang='lat' dir='ltr'>iu</span> 
     </span>
     <span class='ocr_line' id='line_1_29' title="bbox 200 2445 1317 2528; baseline -0.004 -17"><span class='ocrx_word' id='word_1_262' title='bbox 200 2451 277 2512; x_wconf 87' lang='lat' dir='ltr'>lilios</span> <span class='ocrx_word' id='word_1_263' title='bbox 297 2451 423 2510; x_wconf 88' lang='lat' dir='ltr'>filiorum</span> <span class='ocrx_word' id='word_1_264' title='bbox 442 2449 489 2525; x_wconf 93' lang='lat' dir='ltr'>iis,</span> <span class='ocrx_word' id='word_1_265' title='bbox 510 2449 559 2528; x_wconf 93' lang='lat' dir='ltr'>qui</span> <span class='ocrx_word' id='word_1_266' title='bbox 580 2450 748 2510; x_wconf 89' lang='lat' dir='ltr'>custodiunt</span> <span class='ocrx_word' id='word_1_267' title='bbox 767 2447 871 2508; x_wconf 83' lang='lat' dir='ltr'>foedus</span> <span class='ocrx_word' id='word_1_268' title='bbox 890 2448 961 2522; x_wconf 90' lang='lat' dir='ltr'>eius,</span> <span class='ocrx_word' id='word_1_269' title='bbox 981 2460 1036 2507; x_wconf 85' lang='lat' dir='ltr'>etc.</span> <span class='ocrx_word' id='word_1_270' title='bbox 1076 2445 1126 2506; x_wconf 88' lang='lat' dir='ltr'>Sic</span> <span class='ocrx_word' id='word_1_271' title='bbox 1146 2465 1217 2528; x_wconf 91' lang='lat' dir='ltr'>ergo</span> <span class='ocrx_word' id='word_1_272' title='bbox 1236 2447 1317 2506; x_wconf 87' lang='lat' dir='ltr'>Deus</span> 
     </span>
    </p>
   </div>
   <div class='ocr_carea' id='block_1_3' title="bbox 200 2516 1318 2660">
    <p class='ocr_par' dir='ltr' id='par_1_5' title="bbox 200 2516 1318 2660">
     <span class='ocr_line' id='line_1_30' title="bbox 200 2516 1318 2660; baseline -0.007 -71"><span class='ocrx_word' id='word_1_273' title='bbox 200 2527 375 2589; x_wconf 79' lang='lat' dir='ltr'>Sanctorum</span> <span class='ocrx_word' id='word_1_274' title='bbox 395 2526 461 2587; x_wconf 87' lang='lat' dir='ltr'>filiis</span> <span class='ocrx_word' id='word_1_275' title='bbox 480 2525 697 2587; x_wconf 87' lang='lat' dir='ltr'>misericordem</span> <span class='ocrx_word' id='word_1_276' title='bbox 716 2545 747 2585; x_wconf 90' lang='lat' dir='ltr'>se</span> <span class='ocrx_word' id='word_1_277' title='bbox 767 2543 821 2660; x_wconf 81' lang='lat' dir='ltr'>per</span> <span class='ocrx_word' id='word_1_278' title='bbox 840 2544 942 2584; x_wconf 90' lang='lat' dir='ltr'>omnes</span> <span class='ocrx_word' id='word_1_279' title='bbox 962 2535 1069 2584; x_wconf 90' lang='lat' dir='ltr'>aetates</span> <span class='ocrx_word' id='word_1_280' title='bbox 1090 2523 1153 2582; x_wconf 85' lang='lat' dir='ltr'>lore</span> <span class='ocrx_word' id='word_1_281' title='bbox 1167 2516 1318 2602; x_wconf 86' lang='lat' dir='ltr'>promittit,</span> 
     </span>
    </p>
   </div>
   <div class='ocr_carea' id='block_1_4' title="bbox 199 2599 1317 2735">
    <p class='ocr_par' dir='ltr' id='par_1_6' title="bbox 199 2599 1317 2735">
     <span class='ocr_line' id='line_1_31' title="bbox 199 2599 1317 2735; baseline -0.004 -71"><span class='ocrx_word' id='word_1_282' title='bbox 199 2614 234 2664; x_wconf 85' lang='lat' dir='ltr'>ut</span> <span class='ocrx_word' id='word_1_283' title='bbox 252 2603 361 2663; x_wconf 87' lang='lat' dir='ltr'>nullam</span> <span class='ocrx_word' id='word_1_284' title='bbox 379 2615 476 2662; x_wconf 86' lang='lat' dir='ltr'>tamen</span> <span class='ocrx_word' id='word_1_285' title='bbox 489 2602 647 2681; x_wconf 87' lang='lat' dir='ltr'>hypocritis</span> <span class='ocrx_word' id='word_1_286' title='bbox 657 2623 747 2663; x_wconf 87' lang='lat' dir='ltr'>vanae</span> <span class='ocrx_word' id='word_1_287' title='bbox 788 2601 890 2662; x_wconf 79' lang='lat' dir='ltr'>duciae</span> <span class='ocrx_word' id='word_1_288' title='bbox 908 2602 1057 2660; x_wconf 86' lang='lat' dir='ltr'>materiam</span> <span class='ocrx_word' id='word_1_289' title='bbox 1077 2599 1225 2735; x_wconf 85' lang='lat' dir='ltr'>praebeat,</span> <span class='ocrx_word' id='word_1_290' title='bbox 1244 2619 1317 2678; x_wconf 89' lang='lat' dir='ltr'>quo·</span> 
     </span>
    </p>
   </div>
   <div class='ocr_carea' id='block_1_5' title="bbox 104 2673 1317 2758">
    <p class='ocr_par' dir='ltr' id='par_1_7' title="bbox 104 2673 1317 2758">
     <span class='ocr_line' id='line_1_32' title="bbox 104 2673 1317 2758; baseline -0.006 -17"><span class='ocrx_word' id='word_1_291' title='bbox 104 2733 107 2748; x_wconf 85' lang='grc'>,</span> <span class='ocrx_word' id='word_1_292' title='bbox 199 2673 276 2740; x_wconf 81' lang='lat' dir='ltr'>uiam</span> <span class='ocrx_word' id='word_1_293' title='bbox 303 2678 408 2738; x_wconf 85' lang='lat' dir='ltr'>frustra</span> <span class='ocrx_word' id='word_1_294' title='bbox 432 2688 463 2737; x_wconf 92' lang='lat' dir='ltr'>et</span> <span class='ocrx_word' id='word_1_295' title='bbox 486 2689 597 2738; x_wconf 88' lang='lat' dir='ltr'>temere</span> <span class='ocrx_word' id='word_1_296' title='bbox 614 2678 718 2737; x_wconf 86' lang='lat' dir='ltr'>&#39;Deum</span> <span class='ocrx_word' id='word_1_297' title='bbox 747 2677 804 2736; x_wconf 90' lang='lat' dir='ltr'>sibi</span> <span class='ocrx_word' id='word_1_298' title='bbox 830 2697 891 2736; x_wconf 88' lang='lat' dir='ltr'>esse</span> <span class='ocrx_word' id='word_1_299' title='bbox 922 2689 1032 2756; x_wconf 88' lang='lat' dir='ltr'>patrem</span> <span class='ocrx_word' id='word_1_300' title='bbox 1059 2677 1235 2758; x_wconf 87' lang='lat' dir='ltr'>goriantur,</span> <span class='ocrx_word' id='word_1_301' title='bbox 1266 2676 1317 2755; x_wconf 92' lang='lat' dir='ltr'>qui</span> 
     </span>
    </p>
   </div>
   <div class='ocr_carea' id='block_1_6' title="bbox 121 2752 1397 3610">
    <p class='ocr_par' dir='ltr' id='par_1_8' title="bbox 121 2752 1397 3610">
     <span class='ocr_line' id='line_1_33' title="bbox 199 2752 1317 2836; baseline -0.005 -20"><span class='ocrx_word' id='word_1_302' title='bbox 199 2756 361 2836; x_wconf 86' lang='lat' dir='ltr'>degeneres</span> <span class='ocrx_word' id='word_1_303' title='bbox 379 2764 447 2812; x_wconf 90' lang='lat' dir='ltr'>suut</span> <span class='ocrx_word' id='word_1_304' title='bbox 465 2754 642 2814; x_wconf 86' lang='lat' dir='ltr'>Sanctorum</span> <span class='ocrx_word' id='word_1_305' title='bbox 662 2754 714 2813; x_wconf 86' lang='lat' dir='ltr'>filii</span> <span class='ocrx_word' id='word_1_306' title='bbox 734 2766 764 2816; x_wconf 91' lang='lat' dir='ltr'>et</span> <span class='ocrx_word' id='word_1_307' title='bbox 783 2753 818 2814; x_wconf 88' lang='lat' dir='ltr'>ab</span> <span class='ocrx_word' id='word_1_308' title='bbox 839 2773 941 2812; x_wconf 90' lang='lat' dir='ltr'>eorum</span> <span class='ocrx_word' id='word_1_309' title='bbox 962 2755 1069 2833; x_wconf 86' lang='lat' dir='ltr'>pietate</span> <span class='ocrx_word' id='word_1_310' title='bbox 1089 2753 1205 2832; x_wconf 88' lang='lat' dir='ltr'>fideque</span> <span class='ocrx_word' id='word_1_311' title='bbox 1225 2752 1317 2811; x_wconf 88' lang='lat' dir='ltr'>desci-</span> 
     </span>
     <span class='ocr_line' id='line_1_34' title="bbox 197 2828 1318 2910; baseline -0.004 -18"><span class='ocrx_word' id='word_1_312' title='bbox 197 2841 313 2892; x_wconf 75' lang='lat' dir='ltr'>verunt.</span> <span class='ocrx_word' id='word_1_313' title='bbox 353 2829 454 2903; x_wconf 84' lang='lat' dir='ltr'>Quare</span> <span class='ocrx_word' id='word_1_314' title='bbox 464 2829 517 2888; x_wconf 90' lang='lat' dir='ltr'>hac</span> <span class='ocrx_word' id='word_1_315' title='bbox 535 2829 709 2910; x_wconf 76' lang='lat' dir='ltr'>exceptione</span> <span class='ocrx_word' id='word_1_316' title='bbox 728 2829 874 2888; x_wconf 80' lang='lat' dir='ltr'>refellitur</span> <span class='ocrx_word' id='word_1_317' title='bbox 885 2845 986 2889; x_wconf 86' lang='lat' dir='ltr'>eorum</span> <span class='ocrx_word' id='word_1_318' title='bbox 998 2830 1108 2890; x_wconf 82' lang='lat' dir='ltr'>vanitas</span> <span class='ocrx_word' id='word_1_319' title='bbox 1127 2829 1158 2888; x_wconf 77' lang='lat' dir='ltr'>&#39;et</span> <span class='ocrx_word' id='word_1_320' title='bbox 1176 2828 1318 2902; x_wconf 88' lang='lat' dir='ltr'>iactantia,</span> 
     </span>
     <span class='ocr_line' id='line_1_35' title="bbox 201 2903 1316 2988; baseline 0 -23"><span class='ocrx_word' id='word_1_321' title='bbox 201 2905 251 2988; x_wconf 91' lang='lat' dir='ltr'>qui</span> <span class='ocrx_word' id='word_1_322' title='bbox 272 2905 344 2965; x_wconf 84' lang='lat' dir='ltr'>falso</span> <span class='ocrx_word' id='word_1_323' title='bbox 369 2905 479 2987; x_wconf 87' lang='lat' dir='ltr'>gratiae</span> <span class='ocrx_word' id='word_1_324' title='bbox 498 2905 555 2965; x_wconf 87' lang='lat' dir='ltr'>llei</span> <span class='ocrx_word' id='word_1_325' title='bbox 575 2917 724 2984; x_wconf 78' lang='lat' dir='ltr'>praetextu</span> <span class='ocrx_word' id='word_1_326' title='bbox 748 2907 811 2965; x_wconf 88' lang='lat' dir='ltr'>sine</span> <span class='ocrx_word' id='word_1_327' title='bbox 834 2903 892 2964; x_wconf 88' lang='lat' dir='ltr'>fide</span> <span class='ocrx_word' id='word_1_328' title='bbox 916 2906 1007 2983; x_wconf 82' lang='lat' dir='ltr'>inflati</span> <span class='ocrx_word' id='word_1_329' title='bbox 1033 2919 1107 2966; x_wconf 89' lang='lat' dir='ltr'>sunt.</span> <span class='ocrx_word' id='word_1_330' title='bbox 1148 2906 1316 2965; x_wconf 85' lang='lat' dir='ltr'>Universale</span> 
     </span>
     <span class='ocr_line' id='line_1_36' title="bbox 199 2980 1316 3064; baseline -0.002 -22"><span class='ocrx_word' id='word_1_331' title='bbox 199 2983 317 3064; x_wconf 90' lang='lat' dir='ltr'>quidem</span> <span class='ocrx_word' id='word_1_332' title='bbox 329 2981 427 3042; x_wconf 90' lang='lat' dir='ltr'>salutis</span> <span class='ocrx_word' id='word_1_333' title='bbox 448 2980 550 3041; x_wconf 77' lang='lat' dir='ltr'>foedus</span> <span class='ocrx_word' id='word_1_334' title='bbox 570 2982 683 3062; x_wconf 87' lang='lat' dir='ltr'>pepigit</span> <span class='ocrx_word' id='word_1_335' title='bbox 696 2982 778 3042; x_wconf 89' lang='lat' dir='ltr'>Deus</span> <span class='ocrx_word' id='word_1_336' title='bbox 790 2981 855 3041; x_wconf 83' lang='lat' dir='ltr'>cum</span> <span class='ocrx_word' id='word_1_337' title='bbox 865 3001 975 3062; x_wconf 87' lang='lat' dir='ltr'>genere</span> <span class='ocrx_word' id='word_1_338' title='bbox 986 2982 1131 3058; x_wconf 77' lang='lat' dir='ltr'>Abrabae,</span> <span class='ocrx_word' id='word_1_339' title='bbox 1150 2983 1200 3042; x_wconf 88' lang='lat' dir='ltr'>scd</span> <span class='ocrx_word' id='word_1_340' title='bbox 1215 3002 1316 3061; x_wconf 92' lang='lat' dir='ltr'>quem-</span> 
     </span>
     <span class='ocr_line' id='line_1_37' title="bbox 198 3055 1316 3139; baseline -0.004 -18"><span class='ocrx_word' id='word_1_341' title='bbox 198 3059 354 3128; x_wconf 85' lang='lat' dir='ltr'>admodum</span> <span class='ocrx_word' id='word_1_342' title='bbox 377 3059 404 3118; x_wconf 89' lang='lat' dir='ltr'>la</span> <span class='ocrx_word' id='word_1_343' title='bbox 426 3058 487 3118; x_wconf 88' lang='lat' dir='ltr'>ides</span> <span class='ocrx_word' id='word_1_344' title='bbox 513 3057 607 3138; x_wconf 83' lang='lat' dir='ltr'>pluria</span> <span class='ocrx_word' id='word_1_345' title='bbox 633 3057 746 3139; x_wconf 89' lang='lat' dir='ltr'>irrigati</span> <span class='ocrx_word' id='word_1_346' title='bbox 775 3077 835 3118; x_wconf 91' lang='lat' dir='ltr'>non</span> <span class='ocrx_word' id='word_1_347' title='bbox 865 3055 1055 3134; x_wconf 91' lang='lat' dir='ltr'>mollescunt,</span> <span class='ocrx_word' id='word_1_348' title='bbox 1091 3063 1131 3119; x_wconf 85' lang='lat' dir='ltr'>lta</span> <span class='ocrx_word' id='word_1_349' title='bbox 1163 3056 1316 3118; x_wconf 82' lang='lat' dir='ltr'>incredulis</span> 
     </span>
     <span class='ocr_line' id='line_1_38' title="bbox 197 3079 1397 3217; baseline -0.003 -21"><span class='ocrx_word' id='word_1_350' title='bbox 197 3134 315 3196; x_wconf 86' lang='lat' dir='ltr'>obstitit</span> <span class='ocrx_word' id='word_1_351' title='bbox 332 3156 382 3195; x_wconf 90' lang='lat' dir='ltr'>sua</span> <span class='ocrx_word' id='word_1_352' title='bbox 401 3079 536 3210; x_wconf 68' lang='lat' dir='ltr'>(infitias,</span> <span class='ocrx_word' id='word_1_353' title='bbox 560 3153 598 3194; x_wconf 85' lang='lat' dir='ltr'>ue</span> <span class='ocrx_word' id='word_1_354' title='bbox 618 3135 653 3194; x_wconf 85' lang='lat' dir='ltr'>ad</span> <span class='ocrx_word' id='word_1_355' title='bbox 674 3155 727 3195; x_wconf 90' lang='lat' dir='ltr'>eos</span> <span class='ocrx_word' id='word_1_356' title='bbox 745 3143 914 3216; x_wconf 87' lang='lat' dir='ltr'>penetraret</span> <span class='ocrx_word' id='word_1_357' title='bbox 936 3137 1077 3217; x_wconf 86' lang='lat' dir='ltr'>promissa</span> <span class='ocrx_word' id='word_1_358' title='bbox 1097 3137 1202 3196; x_wconf 88' lang='lat' dir='ltr'>iustitia</span> <span class='ocrx_word' id='word_1_359' title='bbox 1223 3146 1253 3194; x_wconf 91' lang='lat' dir='ltr'>et</span> <span class='ocrx_word' id='word_1_360' title='bbox 1270 3156 1315 3194; x_wconf 88' lang='lat' dir='ltr'>sa-</span> <span class='ocrx_word' id='word_1_361' title='bbox 1396 3143 1397 3204; x_wconf 75' lang='lat' dir='ltr'>j</span> 
     </span>
     <span class='ocr_line' id='line_1_39' title="bbox 198 3210 1397 3293; baseline -0.001 -22"><span class='ocrx_word' id='word_1_362' title='bbox 198 3211 251 3274; x_wconf 87' lang='lat' dir='ltr'>lus.</span> <span class='ocrx_word' id='word_1_363' title='bbox 290 3211 413 3272; x_wconf 88' lang='lat' dir='ltr'>Interim</span> <span class='ocrx_word' id='word_1_364' title='bbox 432 3212 523 3285; x_wconf 85' lang='lat' dir='ltr'>Deus,</span> <span class='ocrx_word' id='word_1_365' title='bbox 542 3222 575 3270; x_wconf 90' lang='lat' dir='ltr'>ut</span> <span class='ocrx_word' id='word_1_366' title='bbox 593 3210 704 3272; x_wconf 88' lang='lat' dir='ltr'>stabilis</span> <span class='ocrx_word' id='word_1_367' title='bbox 726 3224 844 3290; x_wconf 88' lang='lat' dir='ltr'>rataque</span> <span class='ocrx_word' id='word_1_368' title='bbox 865 3225 939 3272; x_wconf 91' lang='lat' dir='ltr'>esset</span> <span class='ocrx_word' id='word_1_369' title='bbox 957 3231 1006 3273; x_wconf 89' lang='lat' dir='ltr'>sna</span> <span class='ocrx_word' id='word_1_370' title='bbox 1026 3212 1197 3293; x_wconf 82' lang='lat' dir='ltr'>promissio,</span> <span class='ocrx_word' id='word_1_371' title='bbox 1216 3231 1315 3274; x_wconf 86' lang='lat' dir='ltr'>semen</span> <span class='ocrx_word' id='word_1_372' title='bbox 1395 3219 1397 3230; x_wconf 68' lang='lat'><strong><em>⁴</em></strong></span> 
     </span>
     <span class='ocr_line' id='line_1_40' title="bbox 121 3287 1315 3370; baseline -0.003 -20"><span class='ocrx_word' id='word_1_373' title='bbox 121 3297 127 3306; x_wconf 85' lang='lat'>&#39;</span> <span class='ocrx_word' id='word_1_374' title='bbox 173 3353 175 3364; x_wconf 63' lang='grc'>,</span> <span class='ocrx_word' id='word_1_375' title='bbox 196 3287 317 3368; x_wconf 79' lang='lat' dir='ltr'>aliquod</span> <span class='ocrx_word' id='word_1_376' title='bbox 337 3289 467 3351; x_wconf 71' lang='lat' dir='ltr'>servarit.</span> <span class='ocrx_word' id='word_1_377' title='bbox 515 3287 576 3348; x_wconf 89' lang='lat' dir='ltr'>Sub</span> <span class='ocrx_word' id='word_1_378' title='bbox 600 3291 701 3348; x_wconf 78' lang='lat' dir='ltr'>timore</span> <span class='ocrx_word' id='word_1_379' title='bbox 719 3288 841 3348; x_wconf 87' lang='lat' dir='ltr'>Domini</span> <span class='ocrx_word' id='word_1_380' title='bbox 865 3289 1123 3370; x_wconf 87' lang='lat' dir='ltr'>comprehenditur</span> <span class='ocrx_word' id='word_1_381' title='bbox 1141 3302 1204 3351; x_wconf 86' lang='lat' dir='ltr'>tota</span> <span class='ocrx_word' id='word_1_382' title='bbox 1223 3288 1315 3368; x_wconf 75' lang='lat' dir='ltr'>pietas</span> 
     </span>
     <span class='ocr_line' id='line_1_41' title="bbox 196 3362 1316 3447; baseline -0.001 -22"><span class='ocrx_word' id='word_1_383' title='bbox 196 3375 228 3425; x_wconf 87' lang='lat' dir='ltr'>et</span> <span class='ocrx_word' id='word_1_384' title='bbox 246 3362 363 3447; x_wconf 86' lang='lat' dir='ltr'>religio,</span> <span class='ocrx_word' id='word_1_385' title='bbox 383 3385 457 3446; x_wconf 87' lang='lat' dir='ltr'>quae</span> <span class='ocrx_word' id='word_1_386' title='bbox 475 3365 539 3426; x_wconf 90' lang='lat' dir='ltr'>sine</span> <span class='ocrx_word' id='word_1_387' title='bbox 559 3363 615 3424; x_wconf 90' lang='lat' dir='ltr'>fide</span> <span class='ocrx_word' id='word_1_388' title='bbox 636 3379 769 3425; x_wconf 89' lang='lat' dir='ltr'>constare</span> <span class='ocrx_word' id='word_1_389' title='bbox 788 3385 850 3431; x_wconf 90' lang='lat' dir='ltr'>nou</span> <span class='ocrx_word' id='word_1_390' title='bbox 870 3377 975 3444; x_wconf 81' lang='lat' dir='ltr'>potest</span> <span class='ocrx_word' id='word_1_391' title='bbox 1014 3367 1123 3424; x_wconf 84' lang='lat' dir='ltr'>Verum</span> <span class='ocrx_word' id='word_1_392' title='bbox 1143 3365 1189 3426; x_wconf 90' lang='lat' dir='ltr'>hic</span> <span class='ocrx_word' id='word_1_393' title='bbox 1206 3365 1316 3445; x_wconf 86' lang='lat' dir='ltr'>poterit</span> 
     </span>
     <span class='ocr_line' id='line_1_42' title="bbox 146 3431 1315 3522; baseline 0 -22"><span class='ocrx_word' id='word_1_394' title='bbox 146 3507 151 3520; x_wconf 53' lang='lat'><strong><em>‚</em></strong></span> <span class='ocrx_word' id='word_1_395' title='bbox 196 3431 288 3500; x_wconf 89' lang='lat' dir='ltr'>obiici</span> <span class='ocrx_word' id='word_1_396' title='bbox 313 3443 460 3522; x_wconf 88' lang='lat' dir='ltr'>quaestio,</span> <span class='ocrx_word' id='word_1_397' title='bbox 491 3438 642 3515; x_wconf 83' lang='lat' dir='ltr'>Quorsum</span> <span class='ocrx_word' id='word_1_398' title='bbox 666 3443 771 3516; x_wconf 84' lang='lat' dir='ltr'>attinet</span> <span class='ocrx_word' id='word_1_399' title='bbox 793 3443 892 3502; x_wconf 83' lang='lat' dir='ltr'>vocari</span> <span class='ocrx_word' id='word_1_400' title='bbox 911 3443 1007 3502; x_wconf 89' lang='lat' dir='ltr'>Deum</span> <span class='ocrx_word' id='word_1_401' title='bbox 1034 3441 1265 3514; x_wconf 88' lang='lat' dir='ltr'>misericordem,</span> <span class='ocrx_word' id='word_1_402' title='bbox 1288 3441 1315 3501; x_wconf 87' lang='lat' dir='ltr'>si</span> 
     </span>
     <span class='ocr_line' id='line_1_43' title="bbox 196 3517 1315 3610; baseline 0 -32"><span class='ocrx_word' id='word_1_403' title='bbox 196 3517 283 3578; x_wconf 86' lang='lat' dir='ltr'>talem</span> <span class='ocrx_word' id='word_1_404' title='bbox 304 3537 392 3577; x_wconf 88' lang='lat' dir='ltr'>nemo</span> <span class='ocrx_word' id='word_1_405' title='bbox 412 3535 478 3578; x_wconf 89' lang='lat' dir='ltr'>eum</span> <span class='ocrx_word' id='word_1_406' title='bbox 497 3519 601 3594; x_wconf 89' lang='lat' dir='ltr'>sentit,</span> <span class='ocrx_word' id='word_1_407' title='bbox 625 3519 679 3579; x_wconf 86' lang='lat' dir='ltr'>uisi</span> <span class='ocrx_word' id='word_1_408' title='bbox 699 3519 748 3598; x_wconf 93' lang='lat' dir='ltr'>qui</span> <span class='ocrx_word' id='word_1_409' title='bbox 773 3520 834 3578; x_wconf 91' lang='lat' dir='ltr'>eius</span> <span class='ocrx_word' id='word_1_410' title='bbox 855 3519 975 3602; x_wconf 85' lang='lat' dir='ltr'>gratiam</span> <span class='ocrx_word' id='word_1_411' title='bbox 999 3521 1205 3610; x_wconf 76' lang='lat' dir='ltr'>promeretur?</span> <span class='ocrx_word' id='word_1_412' title='bbox 1240 3517 1315 3578; x_wconf 88' lang='lat' dir='ltr'>Nam</span> 
     </span>
    </p>
   </div>
   <div class='ocr_carea' id='block_1_7' title="bbox 95 3594 1316 3680">
    <p class='ocr_par' dir='ltr' id='par_1_9' title="bbox 95 3594 1316 3680">
     <span class='ocr_line' id='line_1_44' title="bbox 95 3594 1316 3680; baseline -0.002 -26"><span class='ocrx_word' id='word_1_413' title='bbox 95 3619 104 3631; x_wconf 94' lang='lat'><em>·</em></span> <span class='ocrx_word' id='word_1_414' title='bbox 196 3595 219 3654; x_wconf 91' lang='lat' dir='ltr'>si</span> <span class='ocrx_word' id='word_1_415' title='bbox 241 3594 298 3655; x_wconf 89' lang='lat' dir='ltr'>Dei</span> <span class='ocrx_word' id='word_1_416' title='bbox 324 3594 523 3654; x_wconf 87' lang='lat' dir='ltr'>misericordia</span> <span class='ocrx_word' id='word_1_417' title='bbox 548 3596 858 3680; x_wconf 85' lang='lat' dir='ltr'>estsupertimentes</span> <span class='ocrx_word' id='word_1_418' title='bbox 878 3615 962 3672; x_wconf 88' lang='lat' dir='ltr'>eum,</span> <span class='ocrx_word' id='word_1_419' title='bbox 983 3607 1074 3676; x_wconf 78' lang='lat' dir='ltr'>pietas</span> <span class='ocrx_word' id='word_1_420' title='bbox 1094 3603 1124 3655; x_wconf 82' lang='lat' dir='ltr'>et</span> <span class='ocrx_word' id='word_1_421' title='bbox 1144 3595 1222 3655; x_wconf 88' lang='lat' dir='ltr'>bona</span> <span class='ocrx_word' id='word_1_422' title='bbox 1241 3613 1316 3654; x_wconf 91' lang='lat' dir='ltr'>con-</span> 
     </span>
    </p>
   </div>
   <div class='ocr_carea' id='block_1_8' title="bbox 126 3667 1394 4415">
    <p class='ocr_par' dir='ltr' id='par_1_10' title="bbox 126 3667 1315 4035">
     <span class='ocr_line' id='line_1_45' title="bbox 196 3667 1314 3764; baseline -0.002 -32"><span class='ocrx_word' id='word_1_423' title='bbox 196 3669 315 3732; x_wconf 90' lang='lat' dir='ltr'>scientia</span> <span class='ocrx_word' id='word_1_424' title='bbox 334 3672 454 3764; x_wconf 88' lang='lat' dir='ltr'>gratiam</span> <span class='ocrx_word' id='word_1_425' title='bbox 475 3671 641 3732; x_wconf 90' lang='lat' dir='ltr'>bominibus</span> <span class='ocrx_word' id='word_1_426' title='bbox 661 3673 735 3752; x_wconf 90' lang='lat' dir='ltr'>apud</span> <span class='ocrx_word' id='word_1_427' title='bbox 757 3692 822 3732; x_wconf 90' lang='lat' dir='ltr'>eum</span> <span class='ocrx_word' id='word_1_428' title='bbox 843 3671 1012 3747; x_wconf 89' lang='lat' dir='ltr'>conciliant,</span> <span class='ocrx_word' id='word_1_429' title='bbox 1032 3671 1088 3732; x_wconf 91' lang='lat' dir='ltr'>boc</span> <span class='ocrx_word' id='word_1_430' title='bbox 1107 3667 1204 3732; x_wconf 83' lang='lat' dir='ltr'>autem</span> <span class='ocrx_word' id='word_1_431' title='bbox 1224 3670 1314 3730; x_wconf 91' lang='lat' dir='ltr'>modo</span> 
     </span>
     <span class='ocr_line' id='line_1_46' title="bbox 195 3746 1315 3830; baseline 0 -22"><span class='ocrx_word' id='word_1_432' title='bbox 195 3749 258 3808; x_wconf 86' lang='lat' dir='ltr'>eius</span> <span class='ocrx_word' id='word_1_433' title='bbox 276 3757 398 3830; x_wconf 75' lang='lat' dir='ltr'>gratiam</span> <span class='ocrx_word' id='word_1_434' title='bbox 417 3746 475 3808; x_wconf 86' lang='lat' dir='ltr'>suis</span> <span class='ocrx_word' id='word_1_435' title='bbox 498 3749 609 3809; x_wconf 88' lang='lat' dir='ltr'>meritis</span> <span class='ocrx_word' id='word_1_436' title='bbox 634 3747 767 3809; x_wconf 81' lang='lat' dir='ltr'>homines</span> <span class='ocrx_word' id='word_1_437' title='bbox 787 3749 983 3829; x_wconf 79' lang='lat' dir='ltr'>praevenient.</span> <span class='ocrx_word' id='word_1_438' title='bbox 1022 3748 1216 3828; x_wconf 79' lang='lat' dir='ltr'>Respondes,</span> <span class='ocrx_word' id='word_1_439' title='bbox 1240 3747 1315 3808; x_wconf 88' lang='lat' dir='ltr'>banc</span> 
     </span>
     <span class='ocr_line' id='line_1_47' title="bbox 147 3823 1314 3918; baseline -0.003 -33"><span class='ocrx_word' id='word_1_440' title='bbox 147 3827 151 3832; x_wconf 82' lang='grc'><em>“</em></span> <span class='ocrx_word' id='word_1_441' title='bbox 195 3843 314 3918; x_wconf 86' lang='lat' dir='ltr'>quoquc</span> <span class='ocrx_word' id='word_1_442' title='bbox 334 3843 395 3884; x_wconf 85' lang='lat' dir='ltr'>esse</span> <span class='ocrx_word' id='word_1_443' title='bbox 415 3823 630 3885; x_wconf 88' lang='lat' dir='ltr'>misericordiae</span> <span class='ocrx_word' id='word_1_444' title='bbox 650 3837 777 3904; x_wconf 89' lang='lat' dir='ltr'>partem,</span> <span class='ocrx_word' id='word_1_445' title='bbox 803 3825 883 3904; x_wconf 94' lang='lat' dir='ltr'>quod</span> <span class='ocrx_word' id='word_1_446' title='bbox 903 3825 1038 3902; x_wconf 87' lang='lat' dir='ltr'>timorem</span> <span class='ocrx_word' id='word_1_447' title='bbox 1058 3827 1102 3886; x_wconf 93' lang='lat' dir='ltr'>sui</span> <span class='ocrx_word' id='word_1_448' title='bbox 1127 3837 1158 3884; x_wconf 89' lang='lat' dir='ltr'>et</span> <span class='ocrx_word' id='word_1_449' title='bbox 1177 3842 1314 3886; x_wconf 78' lang='lat' dir='ltr'>reveren-</span> 
     </span>
     <span class='ocr_line' id='line_1_48' title="bbox 126 3900 1312 4035; baseline -0.003 -73"><span class='ocrx_word' id='word_1_450' title='bbox 126 3925 133 3944; x_wconf 78' lang='lat'><strong><em>¹</em></strong></span> <span class='ocrx_word' id='word_1_451' title='bbox 192 3914 263 3962; x_wconf 84' lang='lat' dir='ltr'>tram</span> <span class='ocrx_word' id='word_1_452' title='bbox 284 3901 399 3982; x_wconf 91' lang='lat' dir='ltr'>piorum</span> <span class='ocrx_word' id='word_1_453' title='bbox 419 3900 486 3961; x_wconf 80' lang='lat' dir='ltr'>liliis</span> <span class='ocrx_word' id='word_1_454' title='bbox 504 3901 585 3961; x_wconf 82' lang='lat' dir='ltr'>Deus</span> <span class='ocrx_word' id='word_1_455' title='bbox 609 3902 737 4035; x_wconf 86' lang='lat' dir='ltr'>inspirat.</span> <span class='ocrx_word' id='word_1_456' title='bbox 781 3903 886 3980; x_wconf 87' lang='lat' dir='ltr'>Neque</span> <span class='ocrx_word' id='word_1_457' title='bbox 906 3903 981 3960; x_wconf 90' lang='lat' dir='ltr'>enim</span> <span class='ocrx_word' id='word_1_458' title='bbox 1001 3901 1048 3964; x_wconf 90' lang='lat' dir='ltr'>hic</span> <span class='ocrx_word' id='word_1_459' title='bbox 1069 3913 1187 3962; x_wconf 87' lang='lat' dir='ltr'>notatur</span> <span class='ocrx_word' id='word_1_460' title='bbox 1206 3900 1312 3984; x_wconf 87' lang='lat' dir='ltr'>gratiae</span> 
     </span>
    </p>

    <p class='ocr_par' dir='ltr' id='par_1_11' title="bbox 185 3977 1394 4415">
     <span class='ocr_line' id='line_1_49' title="bbox 193 3977 1312 4058; baseline -0.003 -21"><span class='ocrx_word' id='word_1_461' title='bbox 193 3979 324 4052; x_wconf 87' lang='lat' dir='ltr'>initium,</span> <span class='ocrx_word' id='word_1_462' title='bbox 348 3978 428 4056; x_wconf 74' lang='lat' dir='ltr'>quasi</span> <span class='ocrx_word' id='word_1_463' title='bbox 446 3977 527 4037; x_wconf 88' lang='lat' dir='ltr'>Deus</span> <span class='ocrx_word' id='word_1_464' title='bbox 552 3997 569 4036; x_wconf 88' lang='lat' dir='ltr'>e</span> <span class='ocrx_word' id='word_1_465' title='bbox 594 3997 679 4038; x_wconf 89' lang='lat' dir='ltr'>coeo</span> <span class='ocrx_word' id='word_1_466' title='bbox 700 3977 811 4048; x_wconf 86' lang='lat' dir='ltr'>otiosus</span> <span class='ocrx_word' id='word_1_467' title='bbox 836 3978 1016 4056; x_wconf 90' lang='lat' dir='ltr'>speculetur,</span> <span class='ocrx_word' id='word_1_468' title='bbox 1041 3979 1158 4058; x_wconf 88' lang='lat' dir='ltr'>quinam</span> <span class='ocrx_word' id='word_1_469' title='bbox 1179 3998 1212 4038; x_wconf 89' lang='lat' dir='ltr'>ea</span> <span class='ocrx_word' id='word_1_470' title='bbox 1231 3977 1312 4058; x_wconf 90' lang='lat' dir='ltr'>digni</span> 
     </span>
     <span class='ocr_line' id='line_1_50' title="bbox 193 4053 1394 4135; baseline -0.004 -22"><span class='ocrx_word' id='word_1_471' title='bbox 193 4054 270 4130; x_wconf 86' lang='lat' dir='ltr'>sint,</span> <span class='ocrx_word' id='word_1_472' title='bbox 288 4055 339 4114; x_wconf 90' lang='lat' dir='ltr'>sed</span> <span class='ocrx_word' id='word_1_473' title='bbox 358 4065 471 4112; x_wconf 90' lang='lat' dir='ltr'>tanturn</span> <span class='ocrx_word' id='word_1_474' title='bbox 492 4054 650 4135; x_wconf 82' lang='lat' dir='ltr'>hypocritis</span> <span class='ocrx_word' id='word_1_475' title='bbox 671 4054 814 4118; x_wconf 84' lang='lat' dir='ltr'>excutitur</span> <span class='ocrx_word' id='word_1_476' title='bbox 832 4074 966 4133; x_wconf 80' lang='lat' dir='ltr'>perversa</span> <span class='ocrx_word' id='word_1_477' title='bbox 986 4054 1138 4131; x_wconf 79' lang='lat' dir='ltr'>securitas,</span> <span class='ocrx_word' id='word_1_478' title='bbox 1158 4059 1195 4114; x_wconf 83' lang='lat' dir='ltr'>n&#39;e</span> <span class='ocrx_word' id='word_1_479' title='bbox 1214 4053 1310 4112; x_wconf 87' lang='lat' dir='ltr'>Deum</span> <span class='ocrx_word' id='word_1_480' title='bbox 1393 4087 1394 4108; x_wconf 54' lang='lat' dir='ltr'>r</span> 
     </span>
     <span class='ocr_line' id='line_1_51' title="bbox 192 4128 1394 4210; baseline -0.003 -22"><span class='ocrx_word' id='word_1_481' title='bbox 192 4128 250 4188; x_wconf 86' lang='lat' dir='ltr'>sibi</span> <span class='ocrx_word' id='word_1_482' title='bbox 274 4129 445 4189; x_wconf 85' lang='lat' dir='ltr'>obstrictum</span> <span class='ocrx_word' id='word_1_483' title='bbox 473 4150 534 4190; x_wconf 89' lang='lat' dir='ltr'>esse</span> <span class='ocrx_word' id='word_1_484' title='bbox 559 4140 678 4210; x_wconf 89' lang='lat' dir='ltr'>putent,</span> <span class='ocrx_word' id='word_1_485' title='bbox 709 4132 776 4210; x_wconf 90' lang='lat' dir='ltr'>qnia</span> <span class='ocrx_word' id='word_1_486' title='bbox 804 4133 932 4192; x_wconf 84' lang='lat' dir='ltr'>carnales</span> <span class='ocrx_word' id='word_1_487' title='bbox 957 4143 1024 4190; x_wconf 91' lang='lat' dir='ltr'>sunt</span> <span class='ocrx_word' id='word_1_488' title='bbox 1044 4132 1231 4200; x_wconf 78' lang='lat' dir='ltr'>Sanctorum</span> <span class='ocrx_word' id='word_1_489' title='bbox 1244 4129 1308 4189; x_wconf 85' lang='lat' dir='ltr'>filii:</span> <span class='ocrx_word' id='word_1_490' title='bbox 1393 4161 1394 4184; x_wconf 52' lang='lat' dir='ltr'>r</span> 
     </span>
     <span class='ocr_line' id='line_1_52' title="bbox 185 4205 1308 4291; baseline 0.003 -29"><span class='ocrx_word' id='word_1_491' title='bbox 185 4220 281 4282; x_wconf 83' lang='lat' dir='ltr'>quum</span> <span class='ocrx_word' id='word_1_492' title='bbox 292 4206 381 4266; x_wconf 70' lang='lat' dir='ltr'>divisui</span> <span class='ocrx_word' id='word_1_493' title='bbox 399 4207 526 4267; x_wconf 78' lang='lat' dir='ltr'>foederis</span> <span class='ocrx_word' id='word_1_494' title='bbox 546 4205 635 4291; x_wconf 89' lang='lat' dir='ltr'>longe</span> <span class='ocrx_word' id='word_1_495' title='bbox 654 4208 725 4267; x_wconf 88' lang='lat' dir='ltr'>alius</span> <span class='ocrx_word' id='word_1_496' title='bbox 744 4208 781 4268; x_wconf 87' lang='lat' dir='ltr'>sit</span> <span class='ocrx_word' id='word_1_497' title='bbox 799 4208 864 4268; x_wconf 87' lang='lat' dir='ltr'>finis</span> <span class='ocrx_word' id='word_1_498' title='bbox 880 4220 914 4267; x_wconf 90' lang='lat' dir='ltr'>et</span> <span class='ocrx_word' id='word_1_499' title='bbox 924 4208 1033 4268; x_wconf 81' lang='lat' dir='ltr'>diversa</span> <span class='ocrx_word' id='word_1_500' title='bbox 1045 4209 1186 4284; x_wconf 79' lang='lat' dir='ltr'>conditio,</span> <span class='ocrx_word' id='word_1_501' title='bbox 1205 4225 1308 4286; x_wconf 90' lang='lat' dir='ltr'>nempe</span> 
     </span>
     <span class='ocr_line' id='line_1_53' title="bbox 193 4281 1311 4412; baseline 0.005 -76"><span class='ocrx_word' id='word_1_502' title='bbox 193 4289 241 4412; x_wconf 75' lang='lat' dir='ltr'>ut¹</span> <span class='ocrx_word' id='word_1_503' title='bbox 256 4281 380 4360; x_wconf 88' lang='lat' dir='ltr'>aliquem</span> <span class='ocrx_word' id='word_1_504' title='bbox 408 4302 525 4363; x_wconf 87' lang='lat' dir='ltr'>semper</span> <span class='ocrx_word' id='word_1_505' title='bbox 556 4285 586 4344; x_wconf 95' lang='lat' dir='ltr'>in</span> <span class='ocrx_word' id='word_1_506' title='bbox 619 4284 729 4364; x_wconf 77' lang='lat' dir='ltr'>mondo</span> <span class='ocrx_word' id='word_1_507' title='bbox 766 4283 911 4364; x_wconf 83' lang='lat' dir='ltr'>populum¹</span> <span class='ocrx_word' id='word_1_508' title='bbox 942 4283 1063 4356; x_wconf 85' lang='lat' dir='ltr'>babeat,</span> <span class='ocrx_word' id='word_1_509' title='bbox 1098 4306 1115 4348; x_wconf 89' lang='lat' dir='ltr'>a</span> <span class='ocrx_word' id='word_1_510' title='bbox 1145 4305 1205 4364; x_wconf 87' lang='lat' dir='ltr'>quo</span> <span class='ocrx_word' id='word_1_511' title='bbox 1237 4301 1311 4363; x_wconf 77' lang='lat' dir='ltr'>pure</span> 
     </span>
     <span class='ocr_line' id='line_1_54' title="bbox 192 4367 1086 4415; baseline 0 -1"><span class='ocrx_word' id='word_1_512' title='bbox 192 4367 315 4415; x_wconf 88' lang='lat' dir='ltr'>coatur.</span> <span class='ocrx_word' id='word_1_513' title='bbox 844 4371 848 4382; x_wconf 61' lang='lat'><em>¹</em></span> <span class='ocrx_word' id='word_1_514' title='bbox 924 4369 928 4386; x_wconf 70' lang='grc'><strong>“</strong></span> <span class='ocrx_word' id='word_1_515' title='bbox 1083 4383 1086 4392; x_wconf 91' lang='grc'><em>·</em></span> 
     </span>
    </p>
   </div>
   <div class='ocr_carea' id='block_1_9' title="bbox 0 0 1416 4756">
    <p class='ocr_par' dir='ltr' id='par_1_12' title="bbox 0 0 1416 4756">
     <span class='ocr_line' id='line_1_55' title="bbox 0 0 1416 4756; baseline 0 4"><span class='ocrx_word' id='word_1_516' title='bbox 0 0 1416 4756; x_wconf 95' lang='lat' dir='ltr'> </span> 
     </span>
    </p>
   </div>
  </div>
 </body>
</html>
