<?xml version="1.0" encoding="UTF-8"?>
<!DOCTYPE html PUBLIC "-//W3C//DTD XHTML 1.0 Transitional//EN"
    "http://www.w3.org/TR/xhtml1/DTD/xhtml1-transitional.dtd">
<html xmlns="http://www.w3.org/1999/xhtml" xml:lang="en" lang="en">
 <head>
  <title>
</title>
<meta http-equiv="Content-Type" content="text/html;charset=utf-8" />
  <meta name='ocr-system' content='tesseract 3.04.00' />
  <meta name='ocr-capabilities' content='ocr_page ocr_carea ocr_par ocr_line ocrx_word'/>
</head>
<body>
  <div class='ocr_page' id='page_1' title='image "./innovumtestamen01tholgoog_0173.png"; bbox 0 0 2808 4748; ppageno 0'>
   <div class='ocr_carea' id='block_1_1' title="bbox 169 186 1227 288">
    <p class='ocr_par' dir='ltr' id='par_1_1' title="bbox 169 186 1227 288">
     <span class='ocr_line' id='line_1_1' title="bbox 169 186 1227 288; baseline 0 -14"><span class='ocrx_word' id='word_1_1' title='bbox 169 217 210 283; x_wconf 73' lang='lat'>92</span> <span class='ocrx_word' id='word_1_2' title='bbox 335 209 489 276; x_wconf 85' lang='lat' dir='ltr'>SECTIO</span> <span class='ocrx_word' id='word_1_3' title='bbox 509 205 562 272; x_wconf 77' lang='lat' dir='ltr'>lv.</span> <span class='ocrx_word' id='word_1_4' title='bbox 601 211 677 273; x_wconf 76' lang='lat' dir='ltr'>Iesu</span> <span class='ocrx_word' id='word_1_5' title='bbox 696 200 878 274; x_wconf 77' lang='lat' dir='ltr'>ntrrrsnus</span> <span class='ocrx_word' id='word_1_6' title='bbox 898 225 939 272; x_wconf 84' lang='lat' dir='ltr'>nr</span> <span class='ocrx_word' id='word_1_7' title='bbox 959 209 1133 274; x_wconf 77' lang='lat' dir='ltr'>murano.</span> <span class='ocrx_word' id='word_1_8' title='bbox 1167 243 1175 288; x_wconf 56' lang='lat' dir='ltr'>t</span> <span class='ocrx_word' id='word_1_9' title='bbox 1223 186 1227 194; x_wconf 57' lang='grc'><em>’</em></span> 
     </span>
    </p>
   </div>
   <div class='ocr_carea' id='block_1_2' title="bbox 90 351 1382 2055">
    <p class='ocr_par' dir='ltr' id='par_1_2' title="bbox 90 351 1382 2055">
     <span class='ocr_line' id='line_1_2' title="bbox 139 351 1300 433; baseline -0.005 -13"><span class='ocrx_word' id='word_1_10' title='bbox 139 367 145 382; x_wconf 83' lang='lat'><strong><em>‘</em></strong></span> <span class='ocrx_word' id='word_1_11' title='bbox 172 358 260 420; x_wconf 90' lang='lat' dir='ltr'>etiam</span> <span class='ocrx_word' id='word_1_12' title='bbox 285 378 298 420; x_wconf 90' lang='lat' dir='ltr'>s</span> <span class='ocrx_word' id='word_1_13' title='bbox 321 355 418 419; x_wconf 90' lang='lat' dir='ltr'>ccialis</span> <span class='ocrx_word' id='word_1_14' title='bbox 440 355 567 420; x_wconf 82' lang='lat' dir='ltr'>vocatio·</span> <span class='ocrx_word' id='word_1_15' title='bbox 612 356 705 433; x_wconf 88' lang='lat' dir='ltr'>Quod</span> <span class='ocrx_word' id='word_1_16' title='bbox 730 379 747 418; x_wconf 90' lang='lat' dir='ltr'>a</span> <span class='ocrx_word' id='word_1_17' title='bbox 770 356 921 419; x_wconf 85' lang='lat' dir='ltr'>Matthaeo</span> <span class='ocrx_word' id='word_1_18' title='bbox 953 369 983 418; x_wconf 87' lang='lat' dir='ltr'>et</span> <span class='ocrx_word' id='word_1_19' title='bbox 1014 359 1116 420; x_wconf 87' lang='lat' dir='ltr'>blarco</span> <span class='ocrx_word' id='word_1_20' title='bbox 1148 351 1210 416; x_wconf 85' lang='lat' dir='ltr'>non</span> <span class='ocrx_word' id='word_1_21' title='bbox 1241 355 1300 417; x_wconf 91' lang='lat' dir='ltr'>nisi</span> 
     </span>
     <span class='ocr_line' id='line_1_3' title="bbox 171 377 1301 510; baseline -0.005 -12"><span class='ocrx_word' id='word_1_22' title='bbox 171 433 277 498; x_wconf 78' lang='lat' dir='ltr'>deserti</span> <span class='ocrx_word' id='word_1_23' title='bbox 295 377 330 498; x_wconf 69' lang='lat' dir='ltr'>bt</span> <span class='ocrx_word' id='word_1_24' title='bbox 347 434 477 510; x_wconf 90' lang='lat' dir='ltr'>mentio,</span> <span class='ocrx_word' id='word_1_25' title='bbox 504 434 546 494; x_wconf 91' lang='lat' dir='ltr'>sic</span> <span class='ocrx_word' id='word_1_26' title='bbox 572 453 637 495; x_wconf 85' lang='lat' dir='ltr'>curn</span> <span class='ocrx_word' id='word_1_27' title='bbox 656 433 753 496; x_wconf 87' lang='lat' dir='ltr'>verbis</span> <span class='ocrx_word' id='word_1_28' title='bbox 772 435 869 494; x_wconf 82' lang='lat' dir='ltr'>Lucae</span> <span class='ocrx_word' id='word_1_29' title='bbox 894 434 1033 510; x_wconf 90' lang='lat' dir='ltr'>concilia,</span> <span class='ocrx_word' id='word_1_30' title='bbox 1058 431 1201 495; x_wconf 88' lang='lat' dir='ltr'>Ioannem</span> <span class='ocrx_word' id='word_1_31' title='bbox 1219 433 1301 494; x_wconf 89' lang='lat' dir='ltr'>inter</span> 
     </span>
     <span class='ocr_line' id='line_1_4' title="bbox 171 497 1300 592; baseline -0.004 -18"><span class='ocrx_word' id='word_1_32' title='bbox 171 513 300 587; x_wconf 81' lang='lat' dir='ltr'>vicinos,</span> <span class='ocrx_word' id='word_1_33' title='bbox 320 511 492 592; x_wconf 86' lang='lat' dir='ltr'>quibuscum</span> <span class='ocrx_word' id='word_1_34' title='bbox 510 508 674 588; x_wconf 76' lang='lat' dir='ltr'>habitabat,</span> <span class='ocrx_word' id='word_1_35' title='bbox 694 497 800 572; x_wconf 83' lang='lat' dir='ltr'>obiisse</span> <span class='ocrx_word' id='word_1_36' title='bbox 820 509 945 571; x_wconf 89' lang='lat' dir='ltr'>docendi</span> <span class='ocrx_word' id='word_1_37' title='bbox 965 510 1108 572; x_wconf 86' lang='lat' dir='ltr'>officium:</span> <span class='ocrx_word' id='word_1_38' title='bbox 1123 530 1196 569; x_wconf 86' lang='lat' dir='ltr'>mox</span> <span class='ocrx_word' id='word_1_39' title='bbox 1213 507 1300 570; x_wconf 89' lang='lat' dir='ltr'>latins</span> 
     </span>
     <span class='ocr_line' id='line_1_5' title="bbox 140 585 1300 670; baseline -0.003 -22"><span class='ocrx_word' id='word_1_40' title='bbox 140 627 143 642; x_wconf 45' lang='grc' dir='ltr'>ι</span> <span class='ocrx_word' id='word_1_41' title='bbox 171 587 366 670; x_wconf 84' lang='lat' dir='ltr'>Evangelium</span> <span class='ocrx_word' id='word_1_42' title='bbox 386 609 469 648; x_wconf 89' lang='lat' dir='ltr'>suurn</span> <span class='ocrx_word' id='word_1_43' title='bbox 494 587 644 667; x_wconf 84' lang='lat' dir='ltr'><strong>sparsisse,</strong></span> <span class='ocrx_word' id='word_1_44' title='bbox 670 599 703 647; x_wconf 90' lang='lat' dir='ltr'>ut</span> <span class='ocrx_word' id='word_1_45' title='bbox 719 585 857 667; x_wconf 87' lang='lat' dir='ltr'>pluribus</span> <span class='ocrx_word' id='word_1_46' title='bbox 882 587 956 648; x_wconf 90' lang='lat' dir='ltr'>locis</span> <span class='ocrx_word' id='word_1_47' title='bbox 981 587 1300 662; x_wconf 74' lang='lat' dir='ltr'>innotesceret„undc</span> 
     </span>
     <span class='ocr_line' id='line_1_6' title="bbox 99 662 1299 746; baseline -0.003 -22"><span class='ocrx_word' id='word_1_48' title='bbox 99 733 104 740; x_wconf 46' lang='lat'>.</span> <span class='ocrx_word' id='word_1_49' title='bbox 171 663 283 725; x_wconf 83' lang='lat' dir='ltr'>tactum</span> <span class='ocrx_word' id='word_1_50' title='bbox 316 676 360 725; x_wconf 90' lang='lat' dir='ltr'>est</span> <span class='ocrx_word' id='word_1_51' title='bbox 390 673 423 723; x_wconf 87' lang='lat' dir='ltr'>ut</span> <span class='ocrx_word' id='word_1_52' title='bbox 453 663 691 746; x_wconf 82' lang='lat' dir='ltr'>Hierosolymam</span> <span class='ocrx_word' id='word_1_53' title='bbox 722 683 815 742; x_wconf 91' lang='lat' dir='ltr'>usque</span> <span class='ocrx_word' id='word_1_54' title='bbox 843 675 976 724; x_wconf 79' lang='lat' dir='ltr'>manaret</span> <span class='ocrx_word' id='word_1_55' title='bbox 1006 664 1095 725; x_wconf 78' lang='lat' dir='ltr'>brevi·</span> <span class='ocrx_word' id='word_1_56' title='bbox 1120 663 1181 723; x_wconf 90' lang='lat' dir='ltr'>eius</span> <span class='ocrx_word' id='word_1_57' title='bbox 1211 662 1299 722; x_wconf 79' lang='lat' dir='ltr'>lama.</span> 
     </span>
     <span class='ocr_line' id='line_1_7' title="bbox 173 738 1299 821; baseline -0.003 -20"><span class='ocrx_word' id='word_1_58' title='bbox 173 741 353 820; x_wconf 84' lang='lat' dir='ltr'>Quanquam</span> <span class='ocrx_word' id='word_1_59' title='bbox 384 738 435 800; x_wconf 88' lang='lat' dir='ltr'>ille</span> <span class='ocrx_word' id='word_1_60' title='bbox 458 739 596 800; x_wconf 87' lang='lat' dir='ltr'>Iordanis</span> <span class='ocrx_word' id='word_1_61' title='bbox 626 751 733 801; x_wconf 90' lang='lat' dir='ltr'>tractus</span> <span class='ocrx_word' id='word_1_62' title='bbox 768 739 914 800; x_wconf 89' lang='lat' dir='ltr'>desertum</span> <span class='ocrx_word' id='word_1_63' title='bbox 947 740 1047 821; x_wconf 90' lang='lat' dir='ltr'>potnit</span> <span class='ocrx_word' id='word_1_64' title='bbox 1070 740 1177 802; x_wconf 80' lang='lat' dir='ltr'>vocari.</span> <span class='ocrx_word' id='word_1_65' title='bbox 1226 740 1299 800; x_wconf 87' lang='lat' dir='ltr'>Non</span> 
     </span>
     <span class='ocr_line' id='line_1_8' title="bbox 173 811 1299 899; baseline 0 -21"><span class='ocrx_word' id='word_1_66' title='bbox 173 816 253 878; x_wconf 85' lang='lat' dir='ltr'>enirn</span> <span class='ocrx_word' id='word_1_67' title='bbox 271 816 461 878; x_wconf 83' lang='lat' dir='ltr'><strong>solitudinem</strong></span> <span class='ocrx_word' id='word_1_68' title='bbox 480 811 638 899; x_wconf 81' lang='lat' dir='ltr'>significat,</span> <span class='ocrx_word' id='word_1_69' title='bbox 656 816 708 876; x_wconf 92' lang='lat' dir='ltr'>sed</span> <span class='ocrx_word' id='word_1_70' title='bbox 729 835 858 895; x_wconf 84' lang='lat' dir='ltr'>asperam</span> <span class='ocrx_word' id='word_1_71' title='bbox 878 827 909 876; x_wconf 87' lang='lat' dir='ltr'>ct</span> <span class='ocrx_word' id='word_1_72' title='bbox 927 815 1114 879; x_wconf 85' lang='lat' dir='ltr'>montuosam</span> <span class='ocrx_word' id='word_1_73' title='bbox 1125 816 1299 899; x_wconf 86' lang='lat' dir='ltr'>regionem,</span> 
     </span>
     <span class='ocr_line' id='line_1_9' title="bbox 172 891 877 976; baseline 0.001 -23"><span class='ocrx_word' id='word_1_74' title='bbox 172 913 248 976; x_wconf 90' lang='lat' dir='ltr'>quae</span> <span class='ocrx_word' id='word_1_75' title='bbox 266 893 382 954; x_wconf 89' lang='lat' dir='ltr'>minore</span> <span class='ocrx_word' id='word_1_76' title='bbox 401 892 447 953; x_wconf 81' lang='lat' dir='ltr'>tre</span> <span class='ocrx_word' id='word_1_77' title='bbox 469 891 568 952; x_wconf 87' lang='lat' dir='ltr'>nentia</span> <span class='ocrx_word' id='word_1_78' title='bbox 588 891 740 952; x_wconf 88' lang='lat' dir='ltr'>hominum</span> <span class='ocrx_word' id='word_1_79' title='bbox 760 892 877 954; x_wconf 91' lang='lat' dir='ltr'>colitur.</span> 
     </span>
     <span class='ocr_line' id='line_1_10' title="bbox 247 967 1297 1045; baseline -0.002 -15"><span class='ocrx_word' id='word_1_80' title='bbox 247 969 352 1030; x_wconf 89' lang='lat' dir='ltr'>lllattb.</span> <span class='ocrx_word' id='word_1_81' title='bbox 371 975 400 1033; x_wconf 79' lang='lat'>2.</span> <span class='ocrx_word' id='word_1_82' title='bbox 464 971 643 1030; x_wconf 62' lang='lat' dir='ltr'>pernimiam</span> <span class='ocrx_word' id='word_1_83' title='bbox 666 972 751 1045; x_wconf 81' lang='lat' dir='ltr'>agite.</span> <span class='ocrx_word' id='word_1_84' title='bbox 789 969 826 1029; x_wconf 93' lang='lat' dir='ltr'>In</span> <span class='ocrx_word' id='word_1_85' title='bbox 856 970 915 1031; x_wconf 93' lang='lat' dir='ltr'>boc</span> <span class='ocrx_word' id='word_1_86' title='bbox 942 969 1043 1032; x_wconf 82' lang='lat' dir='ltr'>diflert</span> <span class='ocrx_word' id='word_1_87' title='bbox 1067 989 1083 1031; x_wconf 88' lang='lat' dir='ltr'>a</span> <span class='ocrx_word' id='word_1_88' title='bbox 1110 967 1224 1033; x_wconf 88' lang='lat' dir='ltr'>duobus</span> <span class='ocrx_word' id='word_1_89' title='bbox 1248 990 1297 1029; x_wconf 93' lang='lat' dir='ltr'>re-</span> 
     </span>
     <span class='ocr_line' id='line_1_11' title="bbox 168 1043 1298 1126; baseline 0.001 -20"><span class='ocrx_word' id='word_1_90' title='bbox 168 1044 258 1126; x_wconf 88' lang='lat' dir='ltr'>liquis</span> <span class='ocrx_word' id='word_1_91' title='bbox 276 1046 452 1122; x_wconf 78' lang='lat' dir='ltr'>Matthaeus,</span> <span class='ocrx_word' id='word_1_92' title='bbox 470 1043 551 1125; x_wconf 89' lang='lat' dir='ltr'>quod</span> <span class='ocrx_word' id='word_1_93' title='bbox 569 1046 601 1105; x_wconf 91' lang='lat' dir='ltr'>in</span> <span class='ocrx_word' id='word_1_94' title='bbox 620 1046 740 1110; x_wconf 85' lang='lat' dir='ltr'>Ioannis</span> <span class='ocrx_word' id='word_1_95' title='bbox 758 1065 886 1126; x_wconf 89' lang='lat' dir='ltr'>persona</span> <span class='ocrx_word' id='word_1_96' title='bbox 904 1069 1043 1124; x_wconf 87' lang='lat' dir='ltr'>summam</span> <span class='ocrx_word' id='word_1_97' title='bbox 1064 1045 1215 1107; x_wconf 88' lang='lat' dir='ltr'>doctrinae</span> <span class='ocrx_word' id='word_1_98' title='bbox 1235 1047 1298 1107; x_wconf 86' lang='lat' dir='ltr'>eius</span> 
     </span>
     <span class='ocr_line' id='line_1_12' title="bbox 170 1121 1297 1205; baseline 0.002 -23"><span class='ocrx_word' id='word_1_99' title='bbox 170 1123 281 1202; x_wconf 79' lang='lat' dir='ltr'>refert,</span> <span class='ocrx_word' id='word_1_100' title='bbox 303 1123 345 1183; x_wconf 90' lang='lat' dir='ltr'>illi</span> <span class='ocrx_word' id='word_1_101' title='bbox 365 1135 462 1182; x_wconf 89' lang='lat' dir='ltr'>autem</span> <span class='ocrx_word' id='word_1_102' title='bbox 480 1123 539 1192; x_wconf 83' lang='lat' dir='ltr'>suis</span> <span class='ocrx_word' id='word_1_103' title='bbox 556 1121 662 1182; x_wconf 88' lang='lat' dir='ltr'>verbis.</span> <span class='ocrx_word' id='word_1_104' title='bbox 702 1121 880 1202; x_wconf 85' lang='lat' dir='ltr'>Quanquam</span> <span class='ocrx_word' id='word_1_105' title='bbox 898 1123 1014 1186; x_wconf 88' lang='lat' dir='ltr'>Marcus</span> <span class='ocrx_word' id='word_1_106' title='bbox 1033 1123 1098 1205; x_wconf 92' lang='lat' dir='ltr'>plus</span> <span class='ocrx_word' id='word_1_107' title='bbox 1124 1143 1184 1184; x_wconf 91' lang='lat' dir='ltr'>nno</span> <span class='ocrx_word' id='word_1_108' title='bbox 1203 1124 1297 1184; x_wconf 82' lang='lat' dir='ltr'>verbo</span> 
     </span>
     <span class='ocr_line' id='line_1_13' title="bbox 169 1195 1297 1279; baseline 0 -21"><span class='ocrx_word' id='word_1_109' title='bbox 169 1198 262 1262; x_wconf 89' lang='lat' dir='ltr'>babet</span> <span class='ocrx_word' id='word_1_110' title='bbox 280 1220 365 1279; x_wconf 89' lang='lat' dir='ltr'>quam</span> <span class='ocrx_word' id='word_1_111' title='bbox 378 1199 488 1267; x_wconf 79' lang='lat' dir='ltr'>bocas:</span> <span class='ocrx_word' id='word_1_112' title='bbox 508 1197 579 1259; x_wconf 92' lang='lat' dir='ltr'>dicit</span> <span class='ocrx_word' id='word_1_113' title='bbox 598 1199 687 1275; x_wconf 91' lang='lat' dir='ltr'>enim,</span> <span class='ocrx_word' id='word_1_114' title='bbox 709 1199 800 1259; x_wconf 76' lang='lat' dir='ltr'>Vertit</span> <span class='ocrx_word' id='word_1_115' title='bbox 810 1199 998 1276; x_wconf 63' lang='grc' dir='ltr'>ὂαρῆὶωοιςει</span> <span class='ocrx_word' id='word_1_116' title='bbox 1009 1197 1188 1278; x_wconf 74' lang='lat' dir='ltr'>praedicans</span> <span class='ocrx_word' id='word_1_117' title='bbox 1203 1195 1297 1276; x_wconf 77' lang='lat' dir='ltr'>bapti-</span> 
     </span>
     <span class='ocr_line' id='line_1_14' title="bbox 170 1274 1296 1360; baseline -0.001 -22"><span class='ocrx_word' id='word_1_118' title='bbox 170 1297 264 1338; x_wconf 73' lang='lat' dir='ltr'>smum</span> <span class='ocrx_word' id='word_1_119' title='bbox 282 1277 481 1353; x_wconf 65' lang='lat' dir='ltr'>poeniteutiae.</span> <span class='ocrx_word' id='word_1_120' title='bbox 525 1274 683 1337; x_wconf 83' lang='lat' dir='ltr'>Caeterum</span> <span class='ocrx_word' id='word_1_121' title='bbox 712 1277 744 1338; x_wconf 91' lang='lat' dir='ltr'>in</span> <span class='ocrx_word' id='word_1_122' title='bbox 769 1298 802 1340; x_wconf 88' lang='lat' dir='ltr'>re</span> <span class='ocrx_word' id='word_1_123' title='bbox 821 1277 883 1360; x_wconf 87' lang='lat' dir='ltr'>ips&#39;a</span> <span class='ocrx_word' id='word_1_124' title='bbox 907 1278 1036 1359; x_wconf 91' lang='lat' dir='ltr'>optimus</span> <span class='ocrx_word' id='word_1_125' title='bbox 1062 1289 1106 1338; x_wconf 87' lang='lat' dir='ltr'>est</span> <span class='ocrx_word' id='word_1_126' title='bbox 1125 1295 1296 1355; x_wconf 87' lang='lat' dir='ltr'>cousensus,</span> 
     </span>
     <span class='ocr_line' id='line_1_15' title="bbox 193 1352 1297 1438; baseline -0.002 -22"><span class='ocrx_word' id='word_1_127' title='bbox 193 1355 238 1417; x_wconf 91' lang='lat' dir='ltr'>uia</span> <span class='ocrx_word' id='word_1_128' title='bbox 256 1352 470 1438; x_wconf 86' lang='lat' dir='ltr'>poenitentiam</span> <span class='ocrx_word' id='word_1_129' title='bbox 490 1371 592 1412; x_wconf 88' lang='lat' dir='ltr'>omnes</span> <span class='ocrx_word' id='word_1_130' title='bbox 611 1375 676 1413; x_wconf 91' lang='lat' dir='ltr'>cnm</span> <span class='ocrx_word' id='word_1_131' title='bbox 703 1355 874 1416; x_wconf 82' lang='lat' dir='ltr'>remissione</span> <span class='ocrx_word' id='word_1_132' title='bbox 892 1367 1081 1435; x_wconf 87' lang='lat' dir='ltr'>peccatorum</span> <span class='ocrx_word' id='word_1_133' title='bbox 1104 1353 1297 1434; x_wconf 81' lang='lat' dir='ltr'>coniungunt</span> 
     </span>
     <span class='ocr_line' id='line_1_16' title="bbox 168 1373 1295 1514; baseline 0.002 -23"><span class='ocrx_word' id='word_1_134' title='bbox 168 1373 308 1514; x_wconf 53' lang='lat' dir='ltr'>Regnum</span> <span class='ocrx_word' id='word_1_135' title='bbox 327 1428 406 1488; x_wconf 87' lang='lat' dir='ltr'>enim</span> <span class='ocrx_word' id='word_1_136' title='bbox 425 1426 483 1488; x_wconf 91' lang='lat' dir='ltr'>Dei</span> <span class='ocrx_word' id='word_1_137' title='bbox 501 1422 580 1490; x_wconf 84' lang='lat' dir='ltr'>iuter</span> <span class='ocrx_word' id='word_1_138' title='bbox 598 1428 731 1493; x_wconf 90' lang='lat' dir='ltr'>bomines</span> <span class='ocrx_word' id='word_1_139' title='bbox 755 1430 829 1493; x_wconf 89' lang='lat' dir='ltr'>nibil</span> <span class='ocrx_word' id='word_1_140' title='bbox 852 1430 930 1492; x_wconf 89' lang='lat' dir='ltr'>aliud</span> <span class='ocrx_word' id='word_1_141' title='bbox 956 1443 1016 1504; x_wconf 91' lang='lat' dir='ltr'>est,</span> <span class='ocrx_word' id='word_1_142' title='bbox 1039 1449 1126 1510; x_wconf 86' lang='lat' dir='ltr'>quam</span> <span class='ocrx_word' id='word_1_143' title='bbox 1149 1431 1295 1493; x_wconf 83' lang='lat' dir='ltr'>restitutio</span> 
     </span>
     <span class='ocr_line' id='line_1_17' title="bbox 169 1505 1295 1600; baseline -0.003 -30"><span class='ocrx_word' id='word_1_144' title='bbox 169 1509 208 1570; x_wconf 89' lang='lat' dir='ltr'>ad</span> <span class='ocrx_word' id='word_1_145' title='bbox 233 1510 349 1569; x_wconf 91' lang='lat' dir='ltr'>beatam</span> <span class='ocrx_word' id='word_1_146' title='bbox 367 1505 470 1580; x_wconf 88' lang='lat' dir='ltr'>vitam,</span> <span class='ocrx_word' id='word_1_147' title='bbox 489 1505 564 1566; x_wconf 88' lang='lat' dir='ltr'>adeo</span> <span class='ocrx_word' id='word_1_148' title='bbox 587 1526 624 1567; x_wconf 89' lang='lat' dir='ltr'>ue</span> <span class='ocrx_word' id='word_1_149' title='bbox 646 1528 714 1570; x_wconf 86' lang='lat' dir='ltr'>vera</span> <span class='ocrx_word' id='word_1_150' title='bbox 734 1521 765 1570; x_wconf 93' lang='lat' dir='ltr'>et</span> <span class='ocrx_word' id='word_1_151' title='bbox 787 1521 906 1570; x_wconf 88' lang='lat' dir='ltr'>aeterna</span> <span class='ocrx_word' id='word_1_152' title='bbox 932 1507 1063 1568; x_wconf 82' lang='lat' dir='ltr'>felicitas.</span> <span class='ocrx_word' id='word_1_153' title='bbox 1104 1508 1193 1600; x_wconf 84' lang='lat' dir='ltr'>Ergo</span> <span class='ocrx_word' id='word_1_154' title='bbox 1206 1527 1295 1588; x_wconf 91' lang='lat' dir='ltr'>quum</span> 
     </span>
     <span class='ocr_line' id='line_1_18' title="bbox 170 1581 1296 1668; baseline -0.001 -23"><span class='ocrx_word' id='word_1_155' title='bbox 170 1585 244 1646; x_wconf 92' lang='lat' dir='ltr'>dicit</span> <span class='ocrx_word' id='word_1_156' title='bbox 257 1583 395 1658; x_wconf 90' lang='lat' dir='ltr'>Ioannes,</span> <span class='ocrx_word' id='word_1_157' title='bbox 414 1602 539 1664; x_wconf 87' lang='lat' dir='ltr'>regnum</span> <span class='ocrx_word' id='word_1_158' title='bbox 590 1583 617 1643; x_wconf 88' lang='lat' dir='ltr'>ei</span> <span class='ocrx_word' id='word_1_159' title='bbox 636 1590 902 1668; x_wconf 88' lang='lat' dir='ltr'>appropinquasse,</span> <span class='ocrx_word' id='word_1_160' title='bbox 920 1584 1064 1667; x_wconf 84' lang='lat' dir='ltr'>significat</span> <span class='ocrx_word' id='word_1_161' title='bbox 1081 1581 1226 1660; x_wconf 85' lang='lat' dir='ltr'>hommes,</span> <span class='ocrx_word' id='word_1_162' title='bbox 1246 1583 1296 1664; x_wconf 88' lang='lat' dir='ltr'>qui</span> 
     </span>
     <span class='ocr_line' id='line_1_19' title="bbox 107 1659 1294 1745; baseline -0.002 -23"><span class='ocrx_word' id='word_1_163' title='bbox 107 1683 111 1691; x_wconf 82' lang='grc'><strong>’</strong></span> <span class='ocrx_word' id='word_1_164' title='bbox 168 1660 288 1723; x_wconf 88' lang='lat' dir='ltr'>alicnati</span> <span class='ocrx_word' id='word_1_165' title='bbox 312 1679 329 1721; x_wconf 90' lang='lat' dir='ltr'>a</span> <span class='ocrx_word' id='word_1_166' title='bbox 358 1659 467 1720; x_wconf 84' lang='lat' dir='ltr'>iustitia</span> <span class='ocrx_word' id='word_1_167' title='bbox 486 1659 545 1719; x_wconf 89' lang='lat' dir='ltr'>Dei</span> <span class='ocrx_word' id='word_1_168' title='bbox 570 1661 740 1723; x_wconf 83' lang='lat' dir='ltr'>exsulabant</span> <span class='ocrx_word' id='word_1_169' title='bbox 762 1683 780 1722; x_wconf 87' lang='lat' dir='ltr'>a</span> <span class='ocrx_word' id='word_1_170' title='bbox 804 1683 897 1745; x_wconf 89' lang='lat' dir='ltr'>regno</span> <span class='ocrx_word' id='word_1_171' title='bbox 918 1659 1094 1738; x_wconf 89' lang='lat' dir='ltr'>coelorum,</span> <span class='ocrx_word' id='word_1_172' title='bbox 1120 1668 1234 1722; x_wconf 88' lang='lat' dir='ltr'>rursum</span> <span class='ocrx_word' id='word_1_173' title='bbox 1258 1659 1294 1721; x_wconf 92' lang='lat' dir='ltr'>ad</span> 
     </span>
     <span class='ocr_line' id='line_1_20' title="bbox 167 1735 1382 1818; baseline 0 -20"><span class='ocrx_word' id='word_1_174' title='bbox 167 1737 268 1798; x_wconf 87' lang='lat' dir='ltr'>Deum</span> <span class='ocrx_word' id='word_1_175' title='bbox 297 1735 497 1818; x_wconf 85' lang='lat' dir='ltr'>colligendos,</span> <span class='ocrx_word' id='word_1_176' title='bbox 524 1747 559 1796; x_wconf 89' lang='lat' dir='ltr'>ut</span> <span class='ocrx_word' id='word_1_177' title='bbox 589 1736 642 1797; x_wconf 91' lang='lat' dir='ltr'>sub</span> <span class='ocrx_word' id='word_1_178' title='bbox 670 1738 730 1806; x_wconf 78' lang='lat' dir='ltr'>eius</span> <span class='ocrx_word' id='word_1_179' title='bbox 756 1760 844 1799; x_wconf 92' lang='lat' dir='ltr'>manu</span> <span class='ocrx_word' id='word_1_180' title='bbox 866 1739 977 1801; x_wconf 69' lang='lat' dir='ltr'>vivant!</span> <span class='ocrx_word' id='word_1_181' title='bbox 1012 1739 1079 1798; x_wconf 88' lang='lat' dir='ltr'>Hoc</span> <span class='ocrx_word' id='word_1_182' title='bbox 1103 1749 1200 1798; x_wconf 91' lang='lat' dir='ltr'>autem</span> <span class='ocrx_word' id='word_1_183' title='bbox 1225 1736 1295 1798; x_wconf 83' lang='lat' dir='ltr'>facit</span> <span class='ocrx_word' id='word_1_184' title='bbox 1375 1754 1382 1762; x_wconf 81' lang='grc'><strong><em>’</em></strong></span> 
     </span>
     <span class='ocr_line' id='line_1_21' title="bbox 111 1812 1294 1898; baseline -0.003 -23"><span class='ocrx_word' id='word_1_185' title='bbox 111 1857 118 1875; x_wconf 79' lang='lat'>.</span> <span class='ocrx_word' id='word_1_186' title='bbox 191 1814 296 1874; x_wconf 85' lang='lat' dir='ltr'>ratdita</span> <span class='ocrx_word' id='word_1_187' title='bbox 315 1813 437 1894; x_wconf 90' lang='lat' dir='ltr'>adoptio</span> <span class='ocrx_word' id='word_1_188' title='bbox 458 1823 489 1872; x_wconf 86' lang='lat' dir='ltr'>et</span> <span class='ocrx_word' id='word_1_189' title='bbox 506 1824 697 1893; x_wconf 85' lang='lat' dir='ltr'>peccatorum</span> <span class='ocrx_word' id='word_1_190' title='bbox 716 1815 799 1876; x_wconf 78' lang='lat' dir='ltr'>uenia</span> <span class='ocrx_word' id='word_1_191' title='bbox 821 1815 943 1895; x_wconf 89' lang='lat' dir='ltr'>quasibi</span> <span class='ocrx_word' id='word_1_192' title='bbox 961 1815 1098 1898; x_wconf 88' lang='lat' dir='ltr'>indignos</span> <span class='ocrx_word' id='word_1_193' title='bbox 1115 1812 1294 1876; x_wconf 87' lang='lat' dir='ltr'>reconciliat.</span> 
     </span>
     <span class='ocr_line' id='line_1_22' title="bbox 90 1833 1295 1971; baseline -0.002 -18"><span class='ocrx_word' id='word_1_194' title='bbox 90 1925 93 1936; x_wconf 66' lang='lat'>.</span> <span class='ocrx_word' id='word_1_195' title='bbox 165 1833 205 1954; x_wconf 70' lang='lat' dir='ltr'>ln</span> <span class='ocrx_word' id='word_1_196' title='bbox 224 1899 350 1966; x_wconf 84' lang='lat' dir='ltr'>summa,</span> <span class='ocrx_word' id='word_1_197' title='bbox 374 1911 495 1964; x_wconf 80' lang='lat' dir='ltr'>reguum</span> <span class='ocrx_word' id='word_1_198' title='bbox 518 1889 661 1949; x_wconf 72' lang='lat' dir='ltr'>cocionum</span> <span class='ocrx_word' id='word_1_199' title='bbox 686 1875 761 1950; x_wconf 94' lang='lat' dir='ltr'>nibil</span> <span class='ocrx_word' id='word_1_200' title='bbox 786 1893 863 1952; x_wconf 90' lang='lat' dir='ltr'>aiud</span> <span class='ocrx_word' id='word_1_201' title='bbox 889 1903 933 1952; x_wconf 90' lang='lat' dir='ltr'>est</span> <span class='ocrx_word' id='word_1_202' title='bbox 957 1913 1042 1971; x_wconf 88' lang='lat' dir='ltr'>quam</span> <span class='ocrx_word' id='word_1_203' title='bbox 1067 1891 1144 1952; x_wconf 91' lang='lat' dir='ltr'>vitae</span> <span class='ocrx_word' id='word_1_204' title='bbox 1170 1891 1295 1966; x_wconf 84' lang='lat' dir='ltr'>novitas,</span> 
     </span>
     <span class='ocr_line' id='line_1_23' title="bbox 167 1964 1294 2055; baseline -0.002 -28"><span class='ocrx_word' id='word_1_205' title='bbox 167 1987 227 2055; x_wconf 90' lang='lat' dir='ltr'>qua</span> <span class='ocrx_word' id='word_1_206' title='bbox 245 1967 327 2028; x_wconf 88' lang='lat' dir='ltr'>Dens</span> <span class='ocrx_word' id='word_1_207' title='bbox 347 1987 401 2026; x_wconf 90' lang='lat' dir='ltr'>nos</span> <span class='ocrx_word' id='word_1_208' title='bbox 420 1965 561 2027; x_wconf 89' lang='lat' dir='ltr'>instaurat</span> <span class='ocrx_word' id='word_1_209' title='bbox 580 1966 610 2025; x_wconf 92' lang='lat' dir='ltr'>in</span> <span class='ocrx_word' id='word_1_210' title='bbox 630 1980 712 2049; x_wconf 85' lang='lat' dir='ltr'>spem</span> <span class='ocrx_word' id='word_1_211' title='bbox 731 1964 837 2028; x_wconf 89' lang='lat' dir='ltr'>beatae</span> <span class='ocrx_word' id='word_1_212' title='bbox 860 1967 1092 2030; x_wconf 88' lang='lat' dir='ltr'>immortalitatis.</span> <span class='ocrx_word' id='word_1_213' title='bbox 1129 1967 1204 2028; x_wconf 91' lang='lat' dir='ltr'>Nam</span> <span class='ocrx_word' id='word_1_214' title='bbox 1228 1986 1294 2026; x_wconf 88' lang='lat' dir='ltr'>ere-</span> 
     </span>
    </p>
   </div>
   <div class='ocr_carea' id='block_1_3' title="bbox 121 2043 1393 2128">
    <p class='ocr_par' dir='ltr' id='par_1_3' title="bbox 121 2043 1393 2128">
     <span class='ocr_line' id='line_1_24' title="bbox 121 2043 1393 2128; baseline 0 -24"><span class='ocrx_word' id='word_1_215' title='bbox 121 2107 124 2114; x_wconf 66' lang='lat'>,</span> <span class='ocrx_word' id='word_1_216' title='bbox 164 2057 236 2128; x_wconf 88' lang='lat' dir='ltr'>ptos</span> <span class='ocrx_word' id='word_1_217' title='bbox 256 2064 291 2103; x_wconf 87' lang='lat' dir='ltr'>ex</span> <span class='ocrx_word' id='word_1_218' title='bbox 310 2043 449 2104; x_wconf 85' lang='lat' dir='ltr'>servitute</span> <span class='ocrx_word' id='word_1_219' title='bbox 469 2043 583 2122; x_wconf 90' lang='lat' dir='ltr'>peccati</span> <span class='ocrx_word' id='word_1_220' title='bbox 604 2054 634 2103; x_wconf 88' lang='lat' dir='ltr'>et</span> <span class='ocrx_word' id='word_1_221' title='bbox 652 2045 755 2105; x_wconf 90' lang='lat' dir='ltr'>mortis</span> <span class='ocrx_word' id='word_1_222' title='bbox 774 2044 831 2105; x_wconf 92' lang='lat' dir='ltr'>sibi</span> <span class='ocrx_word' id='word_1_223' title='bbox 857 2066 912 2106; x_wconf 90' lang='lat' dir='ltr'>nos</span> <span class='ocrx_word' id='word_1_224' title='bbox 931 2043 1077 2106; x_wconf 85' lang='lat' dir='ltr'>vindicat:</span> <span class='ocrx_word' id='word_1_225' title='bbox 1103 2055 1136 2103; x_wconf 92' lang='lat' dir='ltr'>ut</span> <span class='ocrx_word' id='word_1_226' title='bbox 1160 2044 1192 2104; x_wconf 91' lang='lat' dir='ltr'>in</span> <span class='ocrx_word' id='word_1_227' title='bbox 1216 2056 1293 2105; x_wconf 91' lang='lat' dir='ltr'>terra</span> <span class='ocrx_word' id='word_1_228' title='bbox 1392 2083 1393 2088; x_wconf 22' lang='grc' dir='ltr'><strong><em>κ</em></strong></span> 
     </span>
    </p>
   </div>
   <div class='ocr_carea' id='block_1_4' title="bbox 158 2118 1309 3968">
    <p class='ocr_par' dir='ltr' id='par_1_4' title="bbox 158 2118 1309 3968">
     <span class='ocr_line' id='line_1_25' title="bbox 164 2118 1309 2203; baseline 0.003 -22"><span class='ocrx_word' id='word_1_229' title='bbox 164 2121 389 2203; x_wconf 86' lang='lat' dir='ltr'>peregrinantes</span> <span class='ocrx_word' id='word_1_230' title='bbox 401 2118 561 2179; x_wconf 89' lang='lat' dir='ltr'>coelestem</span> <span class='ocrx_word' id='word_1_231' title='bbox 572 2119 663 2180; x_wconf 82' lang='lat' dir='ltr'>vitam</span> <span class='ocrx_word' id='word_1_232' title='bbox 676 2120 733 2181; x_wconf 91' lang='lat' dir='ltr'>fide</span> <span class='ocrx_word' id='word_1_233' title='bbox 745 2122 803 2182; x_wconf 88' lang='lat' dir='ltr'>iam</span> <span class='ocrx_word' id='word_1_234' title='bbox 816 2122 1024 2203; x_wconf 88' lang='lat' dir='ltr'>possideamus,</span> <span class='ocrx_word' id='word_1_235' title='bbox 1039 2119 1292 2202; x_wconf 80' lang='lat' dir='ltr'>adpresios1,l·</span> <span class='ocrx_word' id='word_1_236' title='bbox 1307 2131 1309 2136; x_wconf 87' lang='lat'>&#39;</span> 
     </span>
     <span class='ocr_line' id='line_1_26' title="bbox 166 2193 1293 2276; baseline -0.001 -19"><span class='ocrx_word' id='word_1_237' title='bbox 166 2196 309 2276; x_wconf 85' lang='lat' dir='ltr'>Quamvis</span> <span class='ocrx_word' id='word_1_238' title='bbox 328 2194 407 2258; x_wconf 87' lang='lat' dir='ltr'>enim</span> <span class='ocrx_word' id='word_1_239' title='bbox 425 2193 533 2256; x_wconf 88' lang='lat' dir='ltr'>similes</span> <span class='ocrx_word' id='word_1_240' title='bbox 550 2198 675 2258; x_wconf 91' lang='lat' dir='ltr'>mortuis</span> <span class='ocrx_word' id='word_1_241' title='bbox 694 2197 799 2276; x_wconf 89' lang='lat' dir='ltr'>simus,</span> <span class='ocrx_word' id='word_1_242' title='bbox 817 2199 905 2260; x_wconf 87' lang='lat' dir='ltr'>vitam</span> <span class='ocrx_word' id='word_1_243' title='bbox 922 2210 1021 2260; x_wconf 77' lang='lat' dir='ltr'>tanim</span> <span class='ocrx_word' id='word_1_244' title='bbox 1041 2208 1170 2257; x_wconf 87' lang='lat' dir='ltr'>nostram</span> <span class='ocrx_word' id='word_1_245' title='bbox 1189 2196 1293 2257; x_wconf 88' lang='lat' dir='ltr'>scimus</span> 
     </span>
     <span class='ocr_line' id='line_1_27' title="bbox 163 2271 1293 2352; baseline -0.004 -14"><span class='ocrx_word' id='word_1_246' title='bbox 163 2275 282 2338; x_wconf 83' lang='lat' dir='ltr'>intuto</span> <span class='ocrx_word' id='word_1_247' title='bbox 303 2292 382 2350; x_wconf 89' lang='lat' dir='ltr'>esse,</span> <span class='ocrx_word' id='word_1_248' title='bbox 408 2271 476 2332; x_wconf 91' lang='lat' dir='ltr'>dnm</span> <span class='ocrx_word' id='word_1_249' title='bbox 496 2283 541 2332; x_wconf 92' lang='lat' dir='ltr'>est</span> <span class='ocrx_word' id='word_1_250' title='bbox 555 2273 591 2334; x_wconf 82' lang='lat' dir='ltr'>in</span> <span class='ocrx_word' id='word_1_251' title='bbox 611 2273 731 2336; x_wconf 86' lang='lat' dir='ltr'>Christo</span> <span class='ocrx_word' id='word_1_252' title='bbox 748 2275 935 2352; x_wconf 89' lang='lat' dir='ltr'>abscondita,</span> <span class='ocrx_word' id='word_1_253' title='bbox 961 2274 1076 2337; x_wconf 73' lang='lat' dir='ltr'>coloss.</span> <span class='ocrx_word' id='word_1_254' title='bbox 1094 2279 1131 2348; x_wconf 84' lang='lat'>3,</span> <span class='ocrx_word' id='word_1_255' title='bbox 1149 2279 1177 2339; x_wconf 85' lang='lat'>3.</span> <span class='ocrx_word' id='word_1_256' title='bbox 1216 2274 1293 2334; x_wconf 88' lang='lat' dir='ltr'>Hinc</span> 
     </span>
     <span class='ocr_line' id='line_1_28' title="bbox 164 2347 1292 2436; baseline -0.004 -23"><span class='ocrx_word' id='word_1_257' title='bbox 164 2353 304 2435; x_wconf 85' lang='lat' dir='ltr'>tanquam</span> <span class='ocrx_word' id='word_1_258' title='bbox 330 2371 364 2411; x_wconf 86' lang='lat' dir='ltr'>ex</span> <span class='ocrx_word' id='word_1_259' title='bbox 388 2347 473 2411; x_wconf 84' lang='lat' dir='ltr'>fonte</span> <span class='ocrx_word' id='word_1_260' title='bbox 497 2348 662 2434; x_wconf 81' lang='lat' dir='ltr'>exhortatio</span> <span class='ocrx_word' id='word_1_261' title='bbox 687 2352 723 2413; x_wconf 93' lang='lat' dir='ltr'>ad</span> <span class='ocrx_word' id='word_1_262' title='bbox 749 2351 964 2436; x_wconf 87' lang='lat' dir='ltr'>poenitentiam</span> <span class='ocrx_word' id='word_1_263' title='bbox 990 2351 1150 2412; x_wconf 88' lang='lat' dir='ltr'>deducitur.</span> <span class='ocrx_word' id='word_1_264' title='bbox 1187 2351 1292 2432; x_wconf 90' lang='lat' dir='ltr'>Neque</span> 
     </span>
     <span class='ocr_line' id='line_1_29' title="bbox 165 2425 1291 2507; baseline -0.004 -17"><span class='ocrx_word' id='word_1_265' title='bbox 165 2429 245 2490; x_wconf 88' lang='lat' dir='ltr'>enim</span> <span class='ocrx_word' id='word_1_266' title='bbox 266 2427 336 2489; x_wconf 91' lang='lat' dir='ltr'>dicit</span> <span class='ocrx_word' id='word_1_267' title='bbox 354 2427 497 2502; x_wconf 86' lang='lat' dir='ltr'>Ioannes,</span> <span class='ocrx_word' id='word_1_268' title='bbox 520 2425 738 2490; x_wconf 87' lang='lat' dir='ltr'>Poenitentiam</span> <span class='ocrx_word' id='word_1_269' title='bbox 758 2451 774 2490; x_wconf 87' lang='lat' dir='ltr'>a</span> <span class='ocrx_word' id='word_1_270' title='bbox 796 2429 853 2505; x_wconf 85' lang='lat' dir='ltr'>ite,</span> <span class='ocrx_word' id='word_1_271' title='bbox 880 2440 911 2492; x_wconf 89' lang='lat' dir='ltr'>et</span> <span class='ocrx_word' id='word_1_272' title='bbox 929 2429 987 2492; x_wconf 90' lang='lat' dir='ltr'>boc</span> <span class='ocrx_word' id='word_1_273' title='bbox 1005 2427 1095 2490; x_wconf 92' lang='lat' dir='ltr'>modo</span> <span class='ocrx_word' id='word_1_274' title='bbox 1114 2425 1221 2488; x_wconf 89' lang='lat' dir='ltr'>deinde</span> <span class='ocrx_word' id='word_1_275' title='bbox 1239 2447 1291 2507; x_wconf 88' lang='lat' dir='ltr'>ap-</span> 
     </span>
     <span class='ocr_line' id='line_1_30' title="bbox 163 2449 1291 2640; baseline -0.004 -74"><span class='ocrx_word' id='word_1_276' title='bbox 163 2503 377 2598; x_wconf 84' lang='lat' dir='ltr'>propinquabit</span> <span class='ocrx_word' id='word_1_277' title='bbox 394 2503 529 2640; x_wconf 67' lang='lat' dir='ltr'>Regnum</span> <span class='ocrx_word' id='word_1_278' title='bbox 550 2503 715 2566; x_wconf 87' lang='lat' dir='ltr'>coelorum:</span> <span class='ocrx_word' id='word_1_279' title='bbox 728 2449 796 2568; x_wconf 75' lang='lat' dir='ltr'>sed</span> <span class='ocrx_word' id='word_1_280' title='bbox 803 2510 907 2588; x_wconf 89' lang='lat' dir='ltr'>priore</span> <span class='ocrx_word' id='word_1_281' title='bbox 926 2504 1064 2586; x_wconf 81' lang='lat' dir='ltr'>locoDei</span> <span class='ocrx_word' id='word_1_282' title='bbox 1105 2503 1204 2563; x_wconf 86' lang='lat' dir='ltr'>ratiam</span> <span class='ocrx_word' id='word_1_283' title='bbox 1222 2524 1291 2585; x_wconf 88' lang='lat' dir='ltr'>pro-</span> 
     </span>
     <span class='ocr_line' id='line_1_31' title="bbox 164 2578 1291 2678; baseline -0.004 -33"><span class='ocrx_word' id='word_1_284' title='bbox 164 2594 269 2664; x_wconf 82' lang='lat' dir='ltr'>pontt,</span> <span class='ocrx_word' id='word_1_285' title='bbox 294 2594 325 2642; x_wconf 90' lang='lat' dir='ltr'>et</span> <span class='ocrx_word' id='word_1_286' title='bbox 350 2580 419 2640; x_wconf 88' lang='lat' dir='ltr'>inde</span> <span class='ocrx_word' id='word_1_287' title='bbox 466 2591 579 2640; x_wconf 85' lang='lat' dir='ltr'>ortatur</span> <span class='ocrx_word' id='word_1_288' title='bbox 603 2581 753 2660; x_wconf 88' lang='lat' dir='ltr'>homines,</span> <span class='ocrx_word' id='word_1_289' title='bbox 786 2594 820 2644; x_wconf 91' lang='lat' dir='ltr'>ut</span> <span class='ocrx_word' id='word_1_290' title='bbox 843 2582 1022 2678; x_wconf 84' lang='lat' dir='ltr'>resipiscant.</span> <span class='ocrx_word' id='word_1_291' title='bbox 1091 2578 1149 2640; x_wconf 91' lang='lat' dir='ltr'>nde</span> <span class='ocrx_word' id='word_1_292' title='bbox 1168 2591 1291 2655; x_wconf 91' lang='lat' dir='ltr'>constat,</span> 
     </span>
     <span class='ocr_line' id='line_1_32' title="bbox 163 2656 1291 2740; baseline -0.002 -22"><span class='ocrx_word' id='word_1_293' title='bbox 163 2658 369 2740; x_wconf 88' lang='lat' dir='ltr'>poenitentiae</span> <span class='ocrx_word' id='word_1_294' title='bbox 393 2656 617 2718; x_wconf 84' lang='lat' dir='ltr'>fundamentum</span> <span class='ocrx_word' id='word_1_295' title='bbox 642 2679 705 2720; x_wconf 87' lang='lat' dir='ltr'>esse</span> <span class='ocrx_word' id='word_1_296' title='bbox 730 2661 790 2721; x_wconf 87' lang='lat' dir='ltr'>Dei</span> <span class='ocrx_word' id='word_1_297' title='bbox 813 2659 1057 2734; x_wconf 71' lang='lat' dir='ltr'>misericordiam,</span> <span class='ocrx_word' id='word_1_298' title='bbox 1081 2677 1138 2737; x_wconf 91' lang='lat' dir='ltr'>qua</span> <span class='ocrx_word' id='word_1_299' title='bbox 1161 2656 1291 2737; x_wconf 88' lang='lat' dir='ltr'>perditos</span> 
     </span>
     <span class='ocr_line' id='line_1_33' title="bbox 163 2728 1291 2809; baseline -0.003 -14"><span class='ocrx_word' id='word_1_300' title='bbox 163 2735 301 2795; x_wconf 85' lang='lat' dir='ltr'>restituit.</span> <span class='ocrx_word' id='word_1_301' title='bbox 323 2733 404 2792; x_wconf 87' lang='lat' dir='ltr'>&#39;Nec</span> <span class='ocrx_word' id='word_1_302' title='bbox 435 2728 493 2791; x_wconf 90' lang='lat' dir='ltr'>alio</span> <span class='ocrx_word' id='word_1_303' title='bbox 517 2752 604 2794; x_wconf 88' lang='lat' dir='ltr'>sensu</span> <span class='ocrx_word' id='word_1_304' title='bbox 634 2735 754 2797; x_wconf 90' lang='lat' dir='ltr'>tradunt</span> <span class='ocrx_word' id='word_1_305' title='bbox 777 2737 893 2799; x_wconf 83' lang='lat' dir='ltr'>Marcus</span> <span class='ocrx_word' id='word_1_306' title='bbox 919 2747 950 2794; x_wconf 93' lang='lat' dir='ltr'>et</span> <span class='ocrx_word' id='word_1_307' title='bbox 973 2737 1082 2809; x_wconf 91' lang='lat' dir='ltr'>Lucas,</span> <span class='ocrx_word' id='word_1_308' title='bbox 1150 2734 1291 2794; x_wconf 90' lang='lat' dir='ltr'>aedicasse</span> 
     </span>
     <span class='ocr_line' id='line_1_34' title="bbox 186 2755 1290 2894; baseline -0.001 -24"><span class='ocrx_word' id='word_1_309' title='bbox 186 2807 380 2882; x_wconf 86' lang='lat' dir='ltr'>ocnitentiam</span> <span class='ocrx_word' id='word_1_310' title='bbox 404 2805 436 2866; x_wconf 88' lang='lat' dir='ltr'>in</span> <span class='ocrx_word' id='word_1_311' title='bbox 461 2807 661 2870; x_wconf 90' lang='lat' dir='ltr'>remissionem</span> <span class='ocrx_word' id='word_1_312' title='bbox 685 2824 882 2894; x_wconf 84' lang='lat' dir='ltr'>peccatorum.</span> <span class='ocrx_word' id='word_1_313' title='bbox 920 2812 990 2874; x_wconf 90' lang='lat' dir='ltr'>Non</span> <span class='ocrx_word' id='word_1_314' title='bbox 1015 2811 1092 2872; x_wconf 89' lang='lat' dir='ltr'>enim</span> <span class='ocrx_word' id='word_1_315' title='bbox 1110 2755 1157 2885; x_wconf 73' lang='lat' dir='ltr'>illt</span> <span class='ocrx_word' id='word_1_316' title='bbox 1175 2809 1290 2891; x_wconf 91' lang='lat' dir='ltr'>quidam</span> 
     </span>
     <span class='ocr_line' id='line_1_35' title="bbox 162 2882 1290 2969; baseline 0 -23"><span class='ocrx_word' id='word_1_317' title='bbox 162 2886 301 2966; x_wconf 74' lang='lat' dir='ltr'>imperite</span> <span class='ocrx_word' id='word_1_318' title='bbox 319 2883 449 2964; x_wconf 86' lang='lat' dir='ltr'>fingunt)</span> <span class='ocrx_word' id='word_1_319' title='bbox 469 2882 554 2963; x_wconf 91' lang='lat' dir='ltr'>prior</span> <span class='ocrx_word' id='word_1_320' title='bbox 571 2883 685 2946; x_wconf 89' lang='lat' dir='ltr'>locatur</span> <span class='ocrx_word' id='word_1_321' title='bbox 703 2889 902 2968; x_wconf 87' lang='lat' dir='ltr'>poenitentia,</span> <span class='ocrx_word' id='word_1_322' title='bbox 925 2889 1006 2969; x_wconf 90' lang='lat' dir='ltr'>quasi</span> <span class='ocrx_word' id='word_1_323' title='bbox 1031 2909 1114 2949; x_wconf 88' lang='lat' dir='ltr'>causa</span> <span class='ocrx_word' id='word_1_324' title='bbox 1132 2887 1172 2947; x_wconf 90' lang='lat' dir='ltr'>sit</span> <span class='ocrx_word' id='word_1_325' title='bbox 1189 2887 1290 2947; x_wconf 70' lang='lat' dir='ltr'>remis.</span> 
     </span>
     <span class='ocr_line' id='line_1_36' title="bbox 162 2958 1290 3044; baseline -0.001 -21"><span class='ocrx_word' id='word_1_326' title='bbox 162 2961 253 3023; x_wconf 86' lang='lat' dir='ltr'>sionis</span> <span class='ocrx_word' id='word_1_327' title='bbox 278 2971 482 3041; x_wconf 89' lang='lat' dir='ltr'>peccatorum,</span> <span class='ocrx_word' id='word_1_328' title='bbox 510 2958 556 3019; x_wconf 88' lang='lat' dir='ltr'>vel</span> <span class='ocrx_word' id='word_1_329' title='bbox 580 2960 677 3020; x_wconf 89' lang='lat' dir='ltr'>Deum</span> <span class='ocrx_word' id='word_1_330' title='bbox 701 2964 884 3043; x_wconf 86' lang='lat' dir='ltr'>praeveniat,</span> <span class='ocrx_word' id='word_1_331' title='bbox 912 2977 946 3026; x_wconf 92' lang='lat' dir='ltr'>ut</span> <span class='ocrx_word' id='word_1_332' title='bbox 972 2964 1093 3044; x_wconf 86' lang='lat' dir='ltr'>incipiat</span> <span class='ocrx_word' id='word_1_333' title='bbox 1116 2963 1202 3024; x_wconf 90' lang='lat' dir='ltr'>nobis</span> <span class='ocrx_word' id='word_1_334' title='bbox 1228 2967 1290 3024; x_wconf 88' lang='lat' dir='ltr'>esse</span> 
     </span>
     <span class='ocr_line' id='line_1_37' title="bbox 161 3034 1290 3123; baseline 0.001 -26"><span class='ocrx_word' id='word_1_335' title='bbox 161 3037 324 3123; x_wconf 89' lang='lat' dir='ltr'>propitius,</span> <span class='ocrx_word' id='word_1_336' title='bbox 343 3035 394 3097; x_wconf 88' lang='lat' dir='ltr'>sed</span> <span class='ocrx_word' id='word_1_337' title='bbox 415 3034 584 3116; x_wconf 89' lang='lat' dir='ltr'>resipiscere</span> <span class='ocrx_word' id='word_1_338' title='bbox 604 3036 744 3100; x_wconf 88' lang='lat' dir='ltr'>iubentur</span> <span class='ocrx_word' id='word_1_339' title='bbox 762 3039 912 3120; x_wconf 85' lang='lat' dir='ltr'>homines,</span> <span class='ocrx_word' id='word_1_340' title='bbox 931 3053 965 3103; x_wconf 94' lang='lat' dir='ltr'>ut</span> <span class='ocrx_word' id='word_1_341' title='bbox 982 3039 1144 3123; x_wconf 87' lang='lat' dir='ltr'>percipiant</span> <span class='ocrx_word' id='word_1_342' title='bbox 1163 3038 1290 3101; x_wconf 85' lang='lat' dir='ltr'>oblatam</span> 
     </span>
     <span class='ocr_line' id='line_1_38' title="bbox 161 3111 1289 3200; baseline 0.002 -24"><span class='ocrx_word' id='word_1_343' title='bbox 161 3114 219 3178; x_wconf 89' lang='lat' dir='ltr'>sibi</span> <span class='ocrx_word' id='word_1_344' title='bbox 237 3113 518 3183; x_wconf 79' lang='lat' dir='ltr'>reconciliationem.</span> <span class='ocrx_word' id='word_1_345' title='bbox 557 3112 715 3175; x_wconf 86' lang='lat' dir='ltr'>Caeterum</span> <span class='ocrx_word' id='word_1_346' title='bbox 734 3129 768 3178; x_wconf 92' lang='lat' dir='ltr'>ut</span> <span class='ocrx_word' id='word_1_347' title='bbox 786 3111 892 3179; x_wconf 82' lang='lat' dir='ltr'>ordirie</span> <span class='ocrx_word' id='word_1_348' title='bbox 909 3119 1060 3200; x_wconf 90' lang='lat' dir='ltr'>praecedit</span> <span class='ocrx_word' id='word_1_349' title='bbox 1077 3115 1220 3198; x_wconf 84' lang='lat' dir='ltr'>gratuitus</span> <span class='ocrx_word' id='word_1_350' title='bbox 1231 3117 1289 3178; x_wconf 87' lang='lat' dir='ltr'>Dei</span> 
     </span>
     <span class='ocr_line' id='line_1_39' title="bbox 162 3187 1289 3278; baseline 0.003 -26"><span class='ocrx_word' id='word_1_351' title='bbox 162 3195 270 3266; x_wconf 78' lang='lat' dir='ltr'>amor,</span> <span class='ocrx_word' id='word_1_352' title='bbox 290 3210 349 3269; x_wconf 90' lang='lat' dir='ltr'>quo</span> <span class='ocrx_word' id='word_1_353' title='bbox 374 3189 496 3250; x_wconf 87' lang='lat' dir='ltr'>miseros</span> <span class='ocrx_word' id='word_1_354' title='bbox 521 3187 655 3252; x_wconf 91' lang='lat' dir='ltr'>homines</span> <span class='ocrx_word' id='word_1_355' title='bbox 679 3194 867 3275; x_wconf 79' lang='lat' dir='ltr'>amplectitur</span> <span class='ocrx_word' id='word_1_356' title='bbox 885 3203 1011 3278; x_wconf 88' lang='lat' dir='ltr'>peccata</span> <span class='ocrx_word' id='word_1_357' title='bbox 1027 3215 1088 3256; x_wconf 89' lang='lat' dir='ltr'>non</span> <span class='ocrx_word' id='word_1_358' title='bbox 1107 3195 1289 3275; x_wconf 90' lang='lat' dir='ltr'>imputando,</span> 
     </span>
     <span class='ocr_line' id='line_1_40' title="bbox 161 3265 1289 3353; baseline 0.006 -27"><span class='ocrx_word' id='word_1_359' title='bbox 161 3266 204 3335; x_wconf 80' lang='lat' dir='ltr'>sic</span> <span class='ocrx_word' id='word_1_360' title='bbox 223 3265 386 3326; x_wconf 90' lang='lat' dir='ltr'>notandum</span> <span class='ocrx_word' id='word_1_361' title='bbox 407 3276 467 3340; x_wconf 87' lang='lat' dir='ltr'>est,</span> <span class='ocrx_word' id='word_1_362' title='bbox 490 3267 604 3326; x_wconf 87' lang='lat' dir='ltr'>veniam</span> <span class='ocrx_word' id='word_1_363' title='bbox 625 3268 710 3330; x_wconf 91' lang='lat' dir='ltr'>nobis</span> <span class='ocrx_word' id='word_1_364' title='bbox 730 3283 918 3353; x_wconf 88' lang='lat' dir='ltr'>peccatorum</span> <span class='ocrx_word' id='word_1_365' title='bbox 936 3273 968 3333; x_wconf 92' lang='lat' dir='ltr'>in</span> <span class='ocrx_word' id='word_1_366' title='bbox 990 3271 1107 3346; x_wconf 84' lang='lat' dir='ltr'>Cbrlsto</span> <span class='ocrx_word' id='word_1_367' title='bbox 1127 3271 1208 3348; x_wconf 82' lang='lat' dir='ltr'>fieri,</span> <span class='ocrx_word' id='word_1_368' title='bbox 1227 3293 1289 3333; x_wconf 91' lang='lat' dir='ltr'>non</span> 
     </span>
     <span class='ocr_line' id='line_1_41' title="bbox 160 3341 1288 3429; baseline 0.007 -27"><span class='ocrx_word' id='word_1_369' title='bbox 160 3353 196 3402; x_wconf 90' lang='lat' dir='ltr'>ut</span> <span class='ocrx_word' id='word_1_370' title='bbox 214 3361 249 3402; x_wconf 84' lang='lat' dir='ltr'>ea</span> <span class='ocrx_word' id='word_1_371' title='bbox 260 3341 342 3402; x_wconf 86' lang='lat' dir='ltr'>Deus</span> <span class='ocrx_word' id='word_1_372' title='bbox 361 3341 543 3425; x_wconf 83' lang='lat' dir='ltr'>indulgentia</span> <span class='ocrx_word' id='word_1_373' title='bbox 561 3365 611 3404; x_wconf 90' lang='lat' dir='ltr'>sua</span> <span class='ocrx_word' id='word_1_374' title='bbox 631 3344 739 3421; x_wconf 80' lang='lat' dir='ltr'>foveat,</span> <span class='ocrx_word' id='word_1_375' title='bbox 758 3348 810 3408; x_wconf 92' lang='lat' dir='ltr'>sed</span> <span class='ocrx_word' id='word_1_376' title='bbox 824 3351 922 3429; x_wconf 88' lang='lat' dir='ltr'>potius</span> <span class='ocrx_word' id='word_1_377' title='bbox 941 3360 975 3410; x_wconf 92' lang='lat' dir='ltr'>ut</span> <span class='ocrx_word' id='word_1_378' title='bbox 994 3372 1048 3410; x_wconf 90' lang='lat' dir='ltr'>nos</span> <span class='ocrx_word' id='word_1_379' title='bbox 1067 3349 1103 3408; x_wconf 93' lang='lat' dir='ltr'>ab</span> <span class='ocrx_word' id='word_1_380' title='bbox 1123 3347 1179 3410; x_wconf 92' lang='lat' dir='ltr'>illis</span> <span class='ocrx_word' id='word_1_381' title='bbox 1198 3357 1288 3410; x_wconf 82' lang='lat' dir='ltr'>sanet</span> 
     </span>
     <span class='ocr_line' id='line_1_42' title="bbox 159 3418 1290 3508; baseline 0.006 -29"><span class='ocrx_word' id='word_1_382' title='bbox 159 3418 225 3479; x_wconf 89' lang='lat' dir='ltr'>Nec</span> <span class='ocrx_word' id='word_1_383' title='bbox 243 3438 315 3478; x_wconf 82' lang='lat' dir='ltr'>vero</span> <span class='ocrx_word' id='word_1_384' title='bbox 335 3418 398 3478; x_wconf 89' lang='lat' dir='ltr'>siue</span> <span class='ocrx_word' id='word_1_385' title='bbox 417 3419 625 3498; x_wconf 85' lang='lat' dir='ltr'>peccati·odi0</span> <span class='ocrx_word' id='word_1_386' title='bbox 647 3435 677 3482; x_wconf 89' lang='lat' dir='ltr'>et</span> <span class='ocrx_word' id='word_1_387' title='bbox 700 3425 838 3485; x_wconf 83' lang='lat' dir='ltr'>vitiorum</span> <span class='ocrx_word' id='word_1_388' title='bbox 864 3427 1046 3508; x_wconf 88' lang='lat' dir='ltr'>displicentia</span> <span class='ocrx_word' id='word_1_389' title='bbox 1071 3425 1212 3505; x_wconf 88' lang='lat' dir='ltr'>quispiam</span> <span class='ocrx_word' id='word_1_390' title='bbox 1231 3425 1290 3486; x_wconf 88' lang='lat' dir='ltr'>Dei</span> 
     </span>
     <span class='ocr_line' id='line_1_43' title="bbox 160 3493 1288 3588; baseline 0.006 -33"><span class='ocrx_word' id='word_1_391' title='bbox 160 3494 283 3586; x_wconf 77' lang='lat' dir='ltr'>gratiam</span> <span class='ocrx_word' id='word_1_392' title='bbox 304 3493 441 3586; x_wconf 82' lang='lat' dir='ltr'>gustabit</span> <span class='ocrx_word' id='word_1_393' title='bbox 479 3495 540 3554; x_wconf 89' lang='lat' dir='ltr'>Sed</span> <span class='ocrx_word' id='word_1_394' title='bbox 559 3495 674 3588; x_wconf 88' lang='lat' dir='ltr'>plenius</span> <span class='ocrx_word' id='word_1_395' title='bbox 699 3521 733 3560; x_wconf 87' lang='lat' dir='ltr'>ex</span> <span class='ocrx_word' id='word_1_396' title='bbox 753 3501 927 3563; x_wconf 89' lang='lat' dir='ltr'>delinitione</span> <span class='ocrx_word' id='word_1_397' title='bbox 952 3502 1152 3583; x_wconf 88' lang='lat' dir='ltr'>poenitentiae</span> <span class='ocrx_word' id='word_1_398' title='bbox 1172 3513 1203 3567; x_wconf 82' lang='lat' dir='ltr'>et</span> <span class='ocrx_word' id='word_1_399' title='bbox 1221 3501 1288 3562; x_wconf 85' lang='lat' dir='ltr'>fidei</span> 
     </span>
     <span class='ocr_line' id='line_1_44' title="bbox 159 3575 1287 3659; baseline 0.006 -28"><span class='ocrx_word' id='word_1_400' title='bbox 159 3592 284 3654; x_wconf 78' lang='lat' dir='ltr'>agnosci</span> <span class='ocrx_word' id='word_1_401' title='bbox 302 3581 430 3652; x_wconf 77' lang='lat' dir='ltr'>poterat,</span> <span class='ocrx_word' id='word_1_402' title='bbox 453 3585 543 3649; x_wconf 79' lang='lat' dir='ltr'>quant</span> <span class='ocrx_word' id='word_1_403' title='bbox 560 3575 708 3638; x_wconf 91' lang='lat' dir='ltr'>mdividua</span> <span class='ocrx_word' id='word_1_404' title='bbox 726 3576 765 3638; x_wconf 90' lang='lat' dir='ltr'>sit</span> <span class='ocrx_word' id='word_1_405' title='bbox 785 3579 934 3659; x_wconf 91' lang='lat' dir='ltr'>utriusque</span> <span class='ocrx_word' id='word_1_406' title='bbox 958 3579 1143 3640; x_wconf 89' lang='lat' dir='ltr'>coniunctio:</span> <span class='ocrx_word' id='word_1_407' title='bbox 1169 3579 1237 3639; x_wconf 88' lang='lat' dir='ltr'>ideo</span> <span class='ocrx_word' id='word_1_408' title='bbox 1257 3580 1287 3638; x_wconf 86' lang='lat' dir='ltr'>in</span> 
     </span>
     <span class='ocr_line' id='line_1_45' title="bbox 159 3646 1287 3736; baseline 0.005 -28"><span class='ocrx_word' id='word_1_409' title='bbox 159 3648 215 3710; x_wconf 91' lang='lat' dir='ltr'>bac</span> <span class='ocrx_word' id='word_1_410' title='bbox 236 3646 370 3709; x_wconf 90' lang='lat' dir='ltr'>doctrina</span> <span class='ocrx_word' id='word_1_411' title='bbox 389 3649 541 3708; x_wconf 91' lang='lat' dir='ltr'>tractanda</span> <span class='ocrx_word' id='word_1_412' title='bbox 559 3672 623 3710; x_wconf 91' lang='lat' dir='ltr'>sum</span> <span class='ocrx_word' id='word_1_413' title='bbox 643 3653 769 3736; x_wconf 88' lang='lat' dir='ltr'>parcior.</span> <span class='ocrx_word' id='word_1_414' title='bbox 810 3655 963 3729; x_wconf 87' lang='lat' dir='ltr'>Quantum</span> <span class='ocrx_word' id='word_1_415' title='bbox 987 3656 1023 3716; x_wconf 87' lang='lat' dir='ltr'>ad</span> <span class='ocrx_word' id='word_1_416' title='bbox 1049 3651 1211 3736; x_wconf 82' lang='lat' dir='ltr'>praesentis</span> <span class='ocrx_word' id='word_1_417' title='bbox 1230 3653 1287 3716; x_wconf 92' lang='lat' dir='ltr'>loci</span> 
     </span>
     <span class='ocr_line' id='line_1_46' title="bbox 159 3717 1287 3816; baseline 0.006 -31"><span class='ocrx_word' id='word_1_418' title='bbox 159 3745 278 3786; x_wconf 88' lang='lat' dir='ltr'>sensum</span> <span class='ocrx_word' id='word_1_419' title='bbox 308 3723 453 3816; x_wconf 89' lang='lat' dir='ltr'>pertinet,</span> <span class='ocrx_word' id='word_1_420' title='bbox 493 3723 648 3790; x_wconf 89' lang='lat' dir='ltr'>observare</span> <span class='ocrx_word' id='word_1_421' title='bbox 677 3731 830 3805; x_wconf 90' lang='lat' dir='ltr'>convenit,</span> <span class='ocrx_word' id='word_1_422' title='bbox 861 3743 959 3793; x_wconf 89' lang='lat' dir='ltr'>totum</span> <span class='ocrx_word' id='word_1_423' title='bbox 992 3731 1184 3814; x_wconf 78' lang='lat' dir='ltr'>Evangeliupr</span> <span class='ocrx_word' id='word_1_424' title='bbox 1211 3717 1287 3792; x_wconf 78' lang='lat' dir='ltr'>dua-</span> 
     </span>
     <span class='ocr_line' id='line_1_47' title="bbox 158 3800 1287 3889; baseline 0.004 -25"><span class='ocrx_word' id='word_1_425' title='bbox 158 3800 215 3864; x_wconf 87' lang='lat' dir='ltr'>bus</span> <span class='ocrx_word' id='word_1_426' title='bbox 240 3801 372 3882; x_wconf 88' lang='lat' dir='ltr'>partrbus</span> <span class='ocrx_word' id='word_1_427' title='bbox 398 3811 548 3878; x_wconf 89' lang='lat' dir='ltr'>constare,</span> <span class='ocrx_word' id='word_1_428' title='bbox 579 3803 763 3868; x_wconf 86' lang='lat' dir='ltr'>Remissione</span> <span class='ocrx_word' id='word_1_429' title='bbox 793 3820 999 3889; x_wconf 76' lang='lat' dir='ltr'>peccatorum,</span> <span class='ocrx_word' id='word_1_430' title='bbox 1032 3820 1063 3874; x_wconf 90' lang='lat' dir='ltr'>et</span> <span class='ocrx_word' id='word_1_431' title='bbox 1092 3807 1287 3877; x_wconf 75' lang='lat' dir='ltr'>Poenitcb‘tia.</span> 
     </span>
     <span class='ocr_line' id='line_1_48' title="bbox 161 3875 1287 3968; baseline 0.011 -32"><span class='ocrx_word' id='word_1_432' title='bbox 161 3877 263 3951; x_wconf 88' lang='lat' dir='ltr'>Quum</span> <span class='ocrx_word' id='word_1_433' title='bbox 282 3875 537 3938; x_wconf 82' lang='lat' dir='ltr'>verolllattbaeus</span> <span class='ocrx_word' id='word_1_434' title='bbox 558 3883 636 3959; x_wconf 86' lang='lat' dir='ltr'>prius</span> <span class='ocrx_word' id='word_1_435' title='bbox 655 3884 820 3946; x_wconf 89' lang='lat' dir='ltr'>membrum</span> <span class='ocrx_word' id='word_1_436' title='bbox 840 3885 975 3968; x_wconf 89' lang='lat' dir='ltr'>designet</span> <span class='ocrx_word' id='word_1_437' title='bbox 994 3885 1107 3968; x_wconf 73' lang='lat' dir='ltr'>perite</span> <span class='ocrx_word' id='word_1_438' title='bbox 1129 3907 1198 3948; x_wconf 87' lang='lat' dir='ltr'>num</span> <span class='ocrx_word' id='word_1_439' title='bbox 1218 3906 1287 3948; x_wconf 90' lang='lat' dir='ltr'>coe-</span> 
     </span>
    </p>
   </div>
   <div class='ocr_carea' id='block_1_5' title="bbox 157 3951 1387 4036">
    <p class='ocr_par' dir='ltr' id='par_1_5' title="bbox 157 3951 1387 4036">
     <span class='ocr_line' id='line_1_49' title="bbox 157 3951 1387 4036; baseline 0.011 -25"><span class='ocrx_word' id='word_1_440' title='bbox 157 3951 268 4032; x_wconf 90' lang='lat' dir='ltr'>lorum,</span> <span class='ocrx_word' id='word_1_441' title='bbox 287 3951 358 4014; x_wconf 90' lang='lat' dir='ltr'>binc</span> <span class='ocrx_word' id='word_1_442' title='bbox 376 3951 516 4036; x_wconf 89' lang='lat' dir='ltr'>colligere</span> <span class='ocrx_word' id='word_1_443' title='bbox 536 3953 616 4034; x_wconf 88' lang='lat' dir='ltr'>licet,</span> <span class='ocrx_word' id='word_1_444' title='bbox 636 3957 745 4022; x_wconf 89' lang='lat' dir='ltr'>bostile</span> <span class='ocrx_word' id='word_1_445' title='bbox 763 3960 931 4024; x_wconf 92' lang='lat' dir='ltr'>bominibus</span> <span class='ocrx_word' id='word_1_446' title='bbox 950 3982 1012 4023; x_wconf 87' lang='lat' dir='ltr'>esse</span> <span class='ocrx_word' id='word_1_447' title='bbox 1032 3983 1106 4032; x_wconf 90' lang='lat' dir='ltr'>cum</span> <span class='ocrx_word' id='word_1_448' title='bbox 1148 3983 1184 4023; x_wconf 92' lang='lat' dir='ltr'>eo</span> <span class='ocrx_word' id='word_1_449' title='bbox 1205 3962 1287 4028; x_wconf 81' lang='lat' dir='ltr'>disai-</span> <span class='ocrx_word' id='word_1_450' title='bbox 1386 4009 1387 4024; x_wconf 69' lang='lat'>.</span> 
     </span>
    </p>
   </div>
   <div class='ocr_carea' id='block_1_6' title="bbox 95 4028 1344 4428">
    <p class='ocr_par' dir='ltr' id='par_1_6' title="bbox 95 4028 1344 4428">
     <span class='ocr_line' id='line_1_50' title="bbox 159 4028 1344 4122; baseline 0.014 -36"><span class='ocrx_word' id='word_1_451' title='bbox 159 4028 256 4120; x_wconf 79' lang='lat' dir='ltr'>dium,</span> <span class='ocrx_word' id='word_1_452' title='bbox 281 4041 312 4096; x_wconf 85' lang='lat' dir='ltr'>et</span> <span class='ocrx_word' id='word_1_453' title='bbox 325 4051 449 4110; x_wconf 90' lang='lat' dir='ltr'>prorsus</span> <span class='ocrx_word' id='word_1_454' title='bbox 473 4029 626 4122; x_wconf 58' lang='lat' dir='ltr'>{abdicatos</span> <span class='ocrx_word' id='word_1_455' title='bbox 650 4057 712 4098; x_wconf 89' lang='lat' dir='ltr'>esse</span> <span class='ocrx_word' id='word_1_456' title='bbox 737 4059 754 4099; x_wconf 93' lang='lat' dir='ltr'>a</span> <span class='ocrx_word' id='word_1_457' title='bbox 776 4059 873 4121; x_wconf 90' lang='lat' dir='ltr'>regno</span> <span class='ocrx_word' id='word_1_458' title='bbox 899 4038 1035 4114; x_wconf 88' lang='lat' dir='ltr'>coelesti,</span> <span class='ocrx_word' id='word_1_459' title='bbox 1060 4039 1155 4101; x_wconf 88' lang='lat' dir='ltr'>donec</span> <span class='ocrx_word' id='word_1_460' title='bbox 1181 4059 1232 4100; x_wconf 91' lang='lat' dir='ltr'>eos</span> <span class='ocrx_word' id='word_1_461' title='bbox 1256 4039 1286 4100; x_wconf 95' lang='lat' dir='ltr'>in</span> <span class='ocrx_word' id='word_1_462' title='bbox 1342 4051 1344 4054; x_wconf 82' lang='grc'><strong>’</strong></span> 
     </span>
     <span class='ocr_line' id='line_1_51' title="bbox 159 4105 1287 4198; baseline 0.02 -37"><span class='ocrx_word' id='word_1_463' title='bbox 159 4116 283 4184; x_wconf 79' lang='lat' dir='ltr'>gratiam</span> <span class='ocrx_word' id='word_1_464' title='bbox 310 4105 392 4166; x_wconf 88' lang='lat' dir='ltr'>Dens</span> <span class='ocrx_word' id='word_1_465' title='bbox 422 4118 559 4194; x_wconf 31' lang='lat' dir='ltr'>recipiat..</span> <span class='ocrx_word' id='word_1_466' title='bbox 597 4110 774 4192; x_wconf 85' lang='lat' dir='ltr'>Quanquam</span> <span class='ocrx_word' id='word_1_467' title='bbox 796 4119 900 4174; x_wconf 85' lang='lat' dir='ltr'>&#39;autem</span> <span class='ocrx_word' id='word_1_468' title='bbox 924 4113 1051 4176; x_wconf 89' lang='lat' dir='ltr'>loannes</span> <span class='ocrx_word' id='word_1_469' title='bbox 1075 4115 1133 4175; x_wconf 87' lang='lat' dir='ltr'>Dei</span> <span class='ocrx_word' id='word_1_470' title='bbox 1163 4116 1287 4198; x_wconf 84' lang='lat' dir='ltr'>gratiam</span> 
     </span>
     <span class='ocr_line' id='line_1_52' title="bbox 158 4182 1286 4267; baseline 0.016 -33"><span class='ocrx_word' id='word_1_471' title='bbox 158 4198 331 4262; x_wconf 88' lang='lat' dir='ltr'>proponens</span> <span class='ocrx_word' id='word_1_472' title='bbox 356 4182 391 4242; x_wconf 94' lang='lat' dir='ltr'>ad</span> <span class='ocrx_word' id='word_1_473' title='bbox 416 4184 629 4264; x_wconf 82' lang='lat' dir='ltr'>poenitentiam</span> <span class='ocrx_word' id='word_1_474' title='bbox 655 4187 794 4252; x_wconf 88' lang='lat' dir='ltr'>hortetur</span> <span class='ocrx_word' id='word_1_475' title='bbox 816 4190 1157 4267; x_wconf 82' lang='lat' dir='ltr'>homines,·tencndum</span> <span class='ocrx_word' id='word_1_476' title='bbox 1187 4204 1286 4253; x_wconf 85' lang='lat' dir='ltr'>tamen</span> 
     </span>
     <span class='ocr_line' id='line_1_53' title="bbox 137 4253 1285 4361; baseline 0.023 -50"><span class='ocrx_word' id='word_1_477' title='bbox 137 4318 139 4322; x_wconf 22' lang='lat'><strong><em>¹</em></strong></span> <span class='ocrx_word' id='word_1_478' title='bbox 159 4263 216 4328; x_wconf 88' lang='lat' dir='ltr'>est,</span> <span class='ocrx_word' id='word_1_479' title='bbox 235 4253 311 4348; x_wconf 76' lang='lat' dir='ltr'>banc</span> <span class='ocrx_word' id='word_1_480' title='bbox 330 4277 450 4348; x_wconf 77' lang='lat' dir='ltr'>qupqne</span> <span class='ocrx_word' id='word_1_481' title='bbox 470 4281 532 4321; x_wconf 92' lang='lat' dir='ltr'>non</span> <span class='ocrx_word' id='word_1_482' title='bbox 552 4263 647 4325; x_wconf 89' lang='lat' dir='ltr'>minus</span> <span class='ocrx_word' id='word_1_483' title='bbox 667 4283 729 4328; x_wconf 87' lang='lat' dir='ltr'>esse</span> <span class='ocrx_word' id='word_1_484' title='bbox 748 4267 807 4338; x_wconf 84' lang='lat' dir='ltr'>Dei</span> <span class='ocrx_word' id='word_1_485' title='bbox 827 4267 952 4344; x_wconf 89' lang='lat' dir='ltr'>donum,</span> <span class='ocrx_word' id='word_1_486' title='bbox 968 4275 1059 4361; x_wconf 74' lang='lat' dir='ltr'>‘quam</span> <span class='ocrx_word' id='word_1_487' title='bbox 1078 4267 1285 4352; x_wconf 72' lang='lat' dir='ltr'>haeredilatem</span> 
     </span>
     <span class='ocr_line' id='line_1_54' title="bbox 95 4330 1284 4428; baseline 0.016 -38"><span class='ocrx_word' id='word_1_488' title='bbox 95 4411 97 4419; x_wconf 33' lang='grc' dir='ltr'>Ι</span> <span class='ocrx_word' id='word_1_489' title='bbox 133 4330 407 4409; x_wconf 79' lang='lat' dir='ltr'>.rcgn1coelesus.</span> <span class='ocrx_word' id='word_1_490' title='bbox 448 4336 532 4411; x_wconf 87' lang='lat' dir='ltr'>Slcut</span> <span class='ocrx_word' id='word_1_491' title='bbox 551 4340 632 4404; x_wconf 85' lang='lat' dir='ltr'>euim&#39;</span> <span class='ocrx_word' id='word_1_492' title='bbox 653 4355 774 4422; x_wconf 84' lang='lat' dir='ltr'>peccata</span> <span class='ocrx_word' id='word_1_493' title='bbox 799 4341 885 4406; x_wconf 88' lang='lat' dir='ltr'>nobis</span> <span class='ocrx_word' id='word_1_494' title='bbox 911 4356 999 4428; x_wconf 87' lang='lat' dir='ltr'>gratu</span> <span class='ocrx_word' id='word_1_495' title='bbox 1024 4345 1168 4428; x_wconf 81' lang='lat' dir='ltr'>ignoscit,</span> <span class='ocrx_word' id='word_1_496' title='bbox 1194 4349 1233 4409; x_wconf 79' lang='lat' dir='ltr'>et‘</span> <span class='ocrx_word' id='word_1_497' title='bbox 1250 4347 1284 4409; x_wconf 91' lang='lat' dir='ltr'>ab</span> 
     </span>
    </p>
   </div>
   <div class='ocr_carea' id='block_1_7' title="bbox 0 0 1408 4748">
    <p class='ocr_par' dir='ltr' id='par_1_7' title="bbox 0 0 1408 4748">
     <span class='ocr_line' id='line_1_55' title="bbox 0 0 1408 4748; baseline 0 4"><span class='ocrx_word' id='word_1_498' title='bbox 0 0 1408 4748; x_wconf 95' lang='lat' dir='ltr'> </span> 
     </span>
    </p>
   </div>
  </div>
 </body>
</html>
