2808 4748
187 241 245 304 ns
637 226 790 290 suerro
812 219 875 286 vr:
968 184 971 194 ’

184 382 246 458 (Pr.
266 383 337 455 127,
356 377 410 454 2).
450 374 532 456 Ergo
559 371 611 432 lilii
630 372 705 448 Dei,
724 371 854 466 quamvis
873 391 890 431 a
909 368 1012 433 labore
1032 379 1063 432 et
1081 386 1150 432 cura
1176 369 1320 434 immunes

185 479 249 521 non
266 456 327 516 sint
367 452 489 534 proprie
507 463 607 510 umen
627 469 690 512 non
712 449 850 531 dicuntur
869 468 931 508 esse
950 446 1069 508 solliciti
1089 446 1126 506 de
1145 446 1219 524 vita,
1265 469 1321 508 uo-
1387 479 1388 508 t

186 536 265 596 niam
284 533 315 592 in
332 497 395 591 ltei
415 527 629 610 providentiam
650 525 850 586 recumbendo
870 523 1028 604 tranquille
1048 523 1210 605 quieseunt.
1273 525 1321 584 inc

92 662 98 678 .
187 609 256 672 colli
281 627 331 670 ere
350 615 520 688 promptum
541 616 602 680 est,
623 614 766 682 quatenus
786 600 920 662 babenda
938 601 976 662 sit
995 601 1088 661 victus
1107 621 1192 671 cura,
1212 619 1320 680 nempe

187 700 221 748 nt
240 629 356 747 laboret
374 681 498 762 quisque
517 692 661 754 nostrum,
681 690 821 758 quantum
841 677 899 742 lert
917 697 968 738 sua
987 679 1104 744 vocatio
1125 689 1156 737 et
1173 677 1320 738 Dominus

83 783 84 790 ¹
187 762 346 846 praecipit:
366 759 473 822 deinde
493 769 527 818 ut
546 779 597 818 sua
617 775 763 836 quemque
785 754 941 816 necessitas
961 755 996 815 ad
1008 754 1105 816 Deum
1124 754 1318 815 invocandum

188 839 336 902 sollicitet.
379 835 461 896 Talis
491 854 559 894 cura
590 833 670 892 inter
698 832 831 911 supinam
856 831 1042 890 securitatem
1066 843 1096 890 et
1126 851 1319 910 supervacuos

189 916 343 988 cruciatus,
362 912 468 994 quibus
488 929 519 970 se
541 908 702 972 conficiunt
720 906 876 983 increduli,
896 907 1054 968 mediaest
1096 907 1211 982 Quodsi
1225 907 1318 987 probe
1387 931 1388 972 ξ

189 1015 221 1054 ex
245 991 377 1052 eudimus
398 988 509 1050 Christi
527 988 634 1059 rerba,
658 983 902 1064 non-quamlibet
926 1005 1024 1044 curam
1043 983 1130 1044 nobis
1156 983 1317 1059 interdicit,

188 1015 242 1132 sed
260 1086 334 1147 quae
354 1087 389 1126 ex
407 1063 572 1125 diffidentia
591 1061 728 1132 nascitur.
768 1060 880 1135 Nolite,
900 1060 1008 1141 inquit,
1018 1059 1145 1123 solliciti
1157 1081 1230 1134 esse,
1249 1062 1317 1140 quid

189 1146 280 1206 edatis
300 1154 350 1204 aut
369 1141 492 1202 bibatis:
522 1140 551 1200 id
576 1159 647 1200 vero
671 1137 825 1228 proprium
851 1149 895 1198 est
921 1158 1041 1212 eorum,
1070 1138 1121 1218 qui
1147 1137 1262 1218 inopiae
1288 1148 1317 1198 et

188 1222 332 1357 desectusb
344 1231 426 1279 metu
448 1216 614 1298 trepidant,
646 1214 705 1276 acsi
728 1213 785 1275 illis
811 1214 842 1275 in
860 1213 976 1298 singula
999 1226 1148 1277 momenta
1167 1213 1316 1276 defuturus

189 1310 265 1360 esset
285 1299 311 1357 ri
334 1319 376 1358 ua.

119 1429 123 1440 ,
265 1373 371 1436 Mnttb.
388 1377 436 1436 25.
472 1368 581 1434 Nom
598 1369 699 1440 estimo
717 1380 769 1428 dc.
813 1366 1018 1428 Ratiocinatur
1041 1390 1058 1429 a
1081 1368 1185 1428 maiori
1208 1366 1243 1428 ad
1260 1367 1315 1426 mi-

92 1503 95 1510 .
188 1475 252 1514 nus.
290 1451 434 1510 Vetuerat
453 1445 577 1506 nimium
597 1465 711 1519 curare,
732 1444 883 1524 quomodo
902 1443 1024 1504 tolerari
1044 1445 1136 1525 possit
1146 1445 1219 1505 vita:
1239 1465 1315 1504 nunc

189 1531 333 1590 rationem
343 1521 472 1598 subiicit,
490 1521 666 1596 Dominum,
687 1522 736 1602 qui
749 1522 837 1582 v‘itam
858 1520 949 1600 ipsam
970 1520 1101 1596 donavit,
1117 1521 1234 1580 minime
1252 1537 1314 1601 pas·
1387 1527 1388 1558 f

189 1627 304 1678 surum,
327 1611 361 1660 ut
380 1618 455 1678 quae
480 1597 515 1660 ad
537 1617 601 1658 eam
620 1598 820 1658 sustinendam
840 1598 992 1678 pertinent
1010 1598 1136 1658 subsidia
1160 1599 1246 1658 nobis
1264 1599 1314 1657 de·
1387 1589 1388 1650 l

189 1683 257 1744 sint.
295 1679 335 1738 Et
353 1688 435 1738 certe
455 1697 517 1736 non
537 1676 631 1736 levem
651 1673 850 1736 sacimusDeo
870 1673 1017 1750 iniuriam,
1038 1675 1313 1755 quotiesdillidimns

190 1780 227 1820 ne
247 1757 339 1818 victus
359 1763 408 1817 aut
427 1752 547 1813 vestitus
568 1751 654 1811 nobis
673 1761 820 1832 suppetat,
840 1749 922 1830 quasi
942 1772 996 1812 nos
1016 1751 1139 1812 fortuito
1159 1751 1190 1811 in
1209 1763 1314 1830 terram

189 1834 357 1920 proiiceret
397 1829 539 1908 Quisquis
553 1829 631 1886 enim
651 1840 734 1887 certo
755 1848 906 1907 persuasus
927 1839 980 1903 est,
998 1847 1067 1890 eum
1078 1828 1197 1888 minime
1216 1827 1312 1904 latere,

143 1908 146 1918 '
190 1910 288 1994 qualis
303 1908 341 1970 sit
361 1906 493 1968 conditio
513 1904 588 1976 vitae
609 1914 742 1978 nostrae,
768 1904 849 1964 cuius
868 1903 931 1984 ipse
951 1916 995 1964 est
1014 1917 1130 1979 auctor,
1150 1925 1210 1964 non
1231 1905 1312 1965 dubi·
1387 1917 1388 1924 ’

95 2049 101 2056 ,
190 1989 264 2052 tabit
285 1985 357 2066 quin
383 1983 444 2042 eius
471 1979 690 2040 necessitatibus
715 1979 826 2060 optime
852 1979 995 2040 consulat.
1038 1981 1119 2064 Ergo
1164 1981 1258 2042 uoties
1278 1982 1312 2040 de

189 2067 268 2128 victu
286 2074 382 2122 metus
402 2058 439 2120 ali
463 2059 504 2118 uis
516 2055 564 2117 vel
581 2054 749 2117 sollicitudo
767 2056 896 2137 obrepit,
914 2001 1208 2118 meminerimusbeo
1229 2077 1312 2118 curae

134 2163 139 2182 ¹
188 2135 280 2205 vitam
300 2148 430 2198 nostram
441 2079 526 2209 lore,
567 2155 631 2192 uam
652 2133 738 2197 nobis
758 2127 887 2194 donavit
1180 2173 1185 2184 ·

266 2221 316 2280 26.
351 2213 499 2287 Respicite
573 2209 712 2272 caluitio.
750 2211 818 2270 Hoc
839 2209 982 2288 estquod
1004 2209 1060 2276 dixi
1086 2211 1259 2286 remedium,
1281 2214 1331 2271 ut'
1387 2267 1388 2280 ἶ

189 2291 302 2356 scilicet
320 2291 352 2350 in
371 2289 430 2349 Dei
454 2287 669 2370 providentiam
694 2285 867 2348 recumbere
892 2288 1048 2348 discamus:
1079 2292 1209 2348 omnium
1236 2288 1311 2347 enim

190 2389 337 2444 curarum,
356 2385 430 2446 quae
449 2363 569 2425 modum
590 2363 743 2440 excedunt,
763 2376 855 2423 mater
875 2377 918 2424 est
936 2364 1101 2424 infidelitas.
1139 2364 1211 2425 ldeo
1230 2364 1311 2424 unica

191 2445 384 2530 corrigendae
403 2442 542 2504 avaritiae
566 2442 639 2503 ratio
661 2452 721 2516 est,
745 2443 769 2502 si
787 2439 847 2500 Dei
870 2441 1078 2520 promissiones
1103 2441 1310 2522 amplectimur,
1387 2443 1388 2466 ¹

152 2574 157 2584 .
186 2525 295 2606 quibus
315 2541 346 2584 se
364 2531 489 2582 testatur
508 2518 673 2580 habiturum
691 2518 913 2580 curamnostri.
945 2517 987 2578 ln
1007 2517 1084 2578 bunc
1101 2519 1222 2579 modum
1231 2519 1310 2598 Apo·
1387 2545 1388 2594 3

189 2601 281 2663 stolus
307 2598 412 2674 (Hebr.
432 2602 485 2669 13,
510 2602 550 2673 5.)
582 2595 731 2656 retrabere
767 2594 867 2656 fideles
896 2594 932 2656 ab
969 2595 1087 2662 avaritia
1117 2594 1218 2656 volens
1250 2615 1312 2654 eam

190 2677 354 2737 doctrinam
384 2672 553 2745 confirmat,
578 2673 809 2752 quia‘scriptum
830 2671 883 2748 sit,
909 2671 978 2731 Non
998 2682 1029 2730 te
1048 2671 1193 2746 deseram,
1218 2689 1319 2750 neque,

190 2753 354 2812 destituam.
393 2747 514 2806 Summa
534 2767 606 2829 ergo
628 2759 682 2821 est,
702 2748 782 2829 quod
801 2768 856 2806 nos
875 2749 910 2807 ad
923 2747 1072 2808 fidendum
1084 2747 1150 2807 Deo
1170 2747 1313 2822 bortatur,

189 2829 241 2908 qui
262 2826 358 2886 nullos
378 2844 413 2885 ex
431 2823 504 2897 suis,
525 2823 686 2902 quamlibet
707 2823 959 2902 contemptibiles,
979 2823 1110 2962 neglipit.
1147 2824 1313 2907 Diligenter

141 2959 145 2968 ,
189 2903 350 2963 notandum
371 2913 432 2977 est,
455 2900 535 2980 quod
555 2901 673 2960 Patrem
697 2899 857 2960 coelestem
884 2901 956 2962 dicit
974 2902 1062 2962 solati
1076 2903 1099 2961 'a
1125 2901 1212 2980 alere,
1250 2900 1313 2961 Etsi

189 2981 266 3044 enim
288 2998 349 3038 non
374 2977 437 3039 sine
460 2976 603 3046 miraculo
627 2976 715 3036 vitam
745 2986 925 3052 sustentant,
957 2978 1187 3058 quotusquisque
1215 2989 1314 3037 tamen
1387 2995 1388 3042 j

189 3067 322 3115 nostrum
340 3066 459 3135 reputat
476 3055 546 3112 inde
566 3052 694 3132 pendere
715 3071 817 3118 eorum
832 3051 929 3128 vitam,
949 3056 1029 3134 quod
1041 3057 1121 3116 Deus
1141 3075 1221 3115 suam
1242 3075 1314 3134 pro·
1387 3111 1388 3134 ,

145 3143 151 3154 “
181 3132 345 3193 ridentium
365 3133 401 3192 ad
421 3134 482 3211 ipsa
502 3149 593 3221 usque
613 3129 770 3189 extendere
782 3129 938 3211 dignatur?
979 3132 1228 3218 Quodsifpcnitus
1248 3131 1317 3190 ani-,

176 3207 240 3268 ¹mis
260 3208 368 3268 nostris
386 3207 505 3267 infixum
525 3217 578 3280 srt,
601 3204 814 3278 subministrari
835 3206 893 3280 Dei
919 3229 1007 3268 manu
1026 3208 1162 3272 alimenta
1185 3206 1314 3268 volucri·

127 3293 136 3336 ἱ
188 3282 259 3355 bus,
289 3284 376 3343 facile
394 3285 458 3344 erit
483 3283 519 3342 dc
543 3282 631 3342 nobis
656 3303 791 3362 sperare,
823 3285 874 3362 qui
891 3284 928 3344 ad
948 3285 1011 3346 eius
1035 3285 1190 3366 imaginem
1214 3305 1314 3345 sumus

190 3357 319 3434 conditi,
345 3361 446 3440 etqui
470 3359 549 3419 inter
568 3359 631 3420 eius
655 3360 730 3421 filios
755 3380 916 3440 censemur.
957 3362 1057 3435 Quum
1078 3363 1163 3436 dicit,
1181 3361 1313 3421 rebellio

186 3457 247 3496 non
278 3451 372 3496 serere
400 3457 491 3515 oeque
513 3449 631 3512 metere,
666 3437 709 3497 his
729 3435 825 3499 verbis
851 3459 906 3497 nos
931 3437 966 3497 ad
992 3440 1084 3498 otium
1110 3447 1140 3498 et
1163 3438 1312 3531 pigritiam

185 3512 305 3572 minime
325 3511 446 3587 invitat,
474 3513 525 3573 sed
545 3524 659 3573 tantum
678 3511 831 3595 intelligit,
860 3514 972 3574 etiamsi
987 3527 1106 3575 ¹cessent
1124 3513 1311 3576 omniasub-

170 3589 275 3667 ¹sidia,
301 3588 388 3649 nobis
408 3609 495 3650 unam
514 3588 572 3649 Dei
597 3592 811 3671 providentiam
830 3591 981 3668 sulficere,
1008 3613 1082 3672 quae
1106 3590 1222 3651 abunde
1245 3587 1310 3650 ani-

186 3667 309 3728 malibus
328 3687 380 3746 sup
404 3665 653 3748 editat'quiequid
673 3689 746 3747 opus
767 3679 819 3728 est.
857 3668 951 3728 Lucas
975 3689 1030 3748 pro
1055 3669 1221 3730 volueribus
1245 3675 1309 3726 coi·-

185 3764 236 3803 oos
254 3743 350 3824 ponit,
371 3687 502 3802 alludens
522 3745 601 3804 sorte
623 3744 657 3804 ad
678 3744 776 3804 locum
797 3743 876 3803 illum
888 3743 994 3804 Psalmi
1013 3747 1095 3822 (147,
1112 3745 1168 3821 9.),
1188 3745 1249 3820 Qui
1259 3744 1309 3803 dat

186 3837 281 3882 escam
301 3819 387 3900 pullis
407 3839 563 3880 corvorum
582 3820 785 3881 invocantibus
811 3841 886 3880 eurn.
930 3819 1073 3892 'Davidem
1094 3841 1166 3883 vero
1192 3821 1307 3901 quidam
1387 3825 1388 3838 ¹

186 3897 348 3957 existimant
367 3895 542 3956 nominatim
564 3898 633 3958 ideo
657 3897 812 3978 loquutum
833 3917 894 3970 esse
913 3897 951 3956 de
977 3900 1087 3972 corvis,
1119 3899 1199 3977 quod
1219 3917 1308 3976 quum

105 4015 110 4022 „
172 3981 236 4036 [eos
256 3974 353 4033 statim
367 3973 502 4035 deserant
521 3985 623 4052 patres,
637 3987 668 4035 et
686 3983 803 4048 matres,
823 3991 942 4033 necesse
962 3987 1006 4034 est
1018 3975 1152 4050 divinitus
1172 3974 1309 4035 alimenta
1387 4041 1388 4050 χ

149 4105 151 4110 ,
184 4045 241 4109 illis
261 4049 376 4110 offerri.
415 4049 498 4111 Hinc
519 4061 615 4131 patet,
644 4071 707 4111 non
729 4051 807 4110 aliud
832 4050 959 4129 voluisse
979 4048 1255 4132 Chrismm„quam
1275 4061 1310 4109 ut

183 4142 251 4183 suos
271 4126 394 4196 doceret
413 4133 580 4190 cnras'suas
599 4129 629 4188 in
649 4128 747 4188 Deum
762 4127 899 4202 reiicerc.
937 4143 939 4148 ·
1063 4166 1076 4222 ξ
1123 4165 1131 4180 .
1227 4129 1229 4138 '

179 4203 182 4212 ¹
253 4205 304 4280 27·
346 4203 419 4286 (bris
436 4220 530 4266 aretem
544 4221 671 4270 vestr-tem
686 4207 778 4264 otoo
791 4202 926 4285 ‘wando
943 4217 995 4265 etc.
1033 4205 1094 4264 Hm
1109 4204 1186 4280 aliud
1204 4204 1310 4277 vitium
1387 4207 1388 4242 l

182 4269 299 4360 damnat
311 4278 469 4364 ‘Christum
494 4282 574 4363 quod
595 4284 657 4343 lere
677 4301 794 4362 semper
811 4279 982 4361 implicitum
1002 4293 1047 4341 est
1066 4303 1131 4342 cum
1151 4281 1311 4342 irnmodica

177 4355 268 4408 metus
289 4371 372 4414 cura:
385 4377 505 4442 ¹nempe
525 4359 605 4444 quod
630 4358 685 4421 sibi
705 4377 792 4438 supra
812 4379 898 4440 quam
924 4357 993 4421 licet
1013 4379 1153 4440 usurpans
1172 4356 1308 4420 mortalis
