2808 4748
490 215 633 290 'Oatmo
653 235 688 314 tq
706 235 831 318 nourr,
881 262 886 280 .
1145 193 1146 198 ἵ
1175 230 1233 292 149

63 445 64 448 ¹
144 371 230 452 (45.)
262 366 443 435 meruti.
463 365 506 432 V.
547 369 596 433 23.
624 361 736 454 ltaque
761 372 789 434 si
814 367 971 440 obtuleris
997 390 1115 439 munus
1140 378 1229 439 tuum

97 469 146 536 ad
168 469 285 550 altare,
312 480 344 536 et
365 467 434 562 illic
452 468 642 534 recordatus
664 467 780 548 fueris,
805 470 894 560 quod
914 471 1014 554 frater
1032 484 1107 540 tuus
1128 469 1229 540 habet

93 573 223 660 aliquid
249 571 419 638 adversum
439 579 487 648 te,
528 569 579 634 24.
599 567 765 654 Relinque
785 568 854 635 illic
872 593 986 638 munus
1006 583 1094 640 tuum
1116 595 1226 668 eoram

91 673 203 752 altari,
223 683 257 738 et
277 671 347 750 abi:
374 672 463 757 prius
483 668 706 736 reconcilieris
726 669 817 735 fratri
836 680 909 749 tuo,
936 680 969 735 et
992 683 1070 738 tunc
1088 677 1224 742 veniens

92 774 183 840 oller
208 795 323 840 munus
349 783 447 838 tuum.
494 769 701 836 259Habeto
729 769 992 838 benevolentiam
1020 789 1094 844 cum·
1110 767 1222 840 adver-

88 877 180 940 sario
201 884 258 940 tuo
278 876 357 952 cito,
376 872 452 938 dum
475 893 509 937 es
528 871 562 937 in
582 873 635 936 via
655 893 726 944 cum
747 859 825 939 illos
847 893 892 938 ne
912 871 1044 960 quando
1065 883 1097 938 te
1117 863 1221 942 tradat

91 975 297 1041 adversarius
318 974 432 1054 iudici,
461 983 494 1038 et
513 970 611 1038 iudex
630 961 790 1038 tetradat
810 973 972 1050 ministro,
1000 983 1032 1038 et
1052 975 1088 1040 iu
1111 995 1220 1042 carce·

86 1098 160 1142 rem
182 1077 376 1142 coniiciaris.
415 1071 678 1168 263Amendico
700 1071 770 1151 h'bi,
787 1093 865 1140 'non‘
879 1061 980 1142 exibis
993 1073 1091 1154 illinc,
1113 1073 1219 1142 donec

67 1176 228 1244 solveris
249 1175 396 1244 ultimum
417 1172 638 1262 quadrantem.
1090 1185 1093 1192 '
1166 1185 1169 1192 ’

171 1309 365 1378 utto-1111.
405 1307 457 1372 58.
480 1305 591 1392 Quum
618 1306 703 1371 enim
725 1307 819 1374 vadis
844 1330 915 1374 cum
943 1308 1129 1374 adversario
1158 1305 1217 1374 tuo
1327 1312 1332 1343 ²

83 1411 128 1478 ad
140 1413 367 1497 magistratum,
387 1409 423 1474 in
431 1408 487 1472 ria
498 1405 541 1472 da
554 1427 696 1494 operam,
716 1405 912 1504 utlihgreris
925 1407 1052 1479 abillo:
1073 1429 1116 1504 ne
1130 1408 1216 1502 forte

80 1513 252 1600 pertrahat
284 1519 317 1574 te
352 1508 394 1575 ad
427 1506 584 1587 iudicem,
614 1518 647 1573 et
676 1508 775 1576 iudex
805 1509 910 1576 tradet
941 1520 974 1578 te
1003 1514 1158 1588 exactori,
1183 1521 1217 1578 et

5 1695 6 1698 Ἴ
81 1622 219 1678 exactor
237 1612 388 1676 coniiciat
408 1618 440 1674 te
467 1611 502 1675 in
530 1629 699 1674 carcerem.
730 1611 789 1676 ³59,
816 1609 902 1676 Dico
919 1610 991 1694 tibi,
1018 1631 1094 1683 non
1112 1609 1215 1679 exibis

5 1731 6 1740 ¹
80 1711 173 1793 inde,
193 1709 303 1778 donec
326 1708 471 1776 ultimum
494 1712 590 1778 etiam
611 1711 769 1786 minutum¹
784 1711 918 1782 reddas..
1038 1790 1042 1799 Ι
1183 1725 1185 1732 ’

159 1893 263 1956 Matth.
282 1899 330 1960 23.
366 1893 405 1954 Si
417 1892 552 1956 amaena
568 1916 680 1958 mes.
719 1897 784 1958 llac
803 1895 931 1960 clausula
950 1895 1105 1958 confirmat
1124 1900 1156 1956 et
1172 1895 1211 1954 si-

77 1971 142 2032 mul
163 1971 287 2052 explicat
303 1972 485 2053 superiorem
499 1973 672 2035 doctrinam.
710 1973 830 2036 Summa
849 1976 927 2035 enim
938 1986 993 2051 est,
1009 1985 1082 2034 tnnc
1095 1971 1211 2040 demum
1241 1973 1243 1980 ’

76 2051 150 2111 satis
167 2049 232 2109 lieri
250 2049 340 2130 Legis
358 2061 528 2130 praecepto,
547 2070 612 2130 quo
627 2062 760 2112 vetamur
777 2052 925 2128 occidere,
943 2051 967 2112 si
987 2058 1213 2111 consensnm‘et

76 2127 242 2186 fraternam
261 2123 497 2186 benevolentiam
508 2147 574 2186 cum
592 2128 732 2205 proximis
751 2129 864 2188 uostris
880 2128 1021 2189 fovemus.
1058 2126 1211 2204 atquem

77 2224 136 2262 nos
156 2203 249 2284 magis
268 2201 376 2260 afficiat
396 2200 548 2277 Christus,
565 2203 626 2282 ipsa
646 2220 765 2281 quoque
784 2203 1018 2280 pietattsoffieia
1058 2199 1210 2276 ronuatiat

75 2279 197 2362 ingrata
223 2276 373 2338 esse'Deo
397 2289 428 2336 et
452 2276 488 2337 ab
512 2276 578 2369 ipso
598 2277 762 2356 repudiari,
794 2278 818 2340 si
844 2279 922 2344 inter
948 2300 1006 2339 nos
1023 2222 1209 2340 dissidemus.

74 2355 156 2414 Nam
178 2375 267 2433 quum
291 2353 374 2414 iubet
393 2373 459 2429 eos,
483 2375 532 2432 qus
557 2373 649 2414 unum
673 2351 801 2431 aliquem
824 2374 859 2413 ex
883 2353 1021 2414 fratribus
1047 2354 1193 2414 laeserunt

74 2431 178 2490 redire
201 2429 282 2509 prius
307 2429 450 2488 camillo
473 2429 504 2488 in
534 2427 675 2510 gratiam,
707 2449 792 2506 quam
809 2441 928 2493 ‘munus
952 2449 1037 2492 suum
1068 2428 1162 2487 oilera

74 2505 241 2588 significat,
261 2503 431 2584 quantisper
449 2503 541 2564 alicui
556 2525 655 2565 sumus
673 2515 775 2564 nostra
799 2505 885 2597 culpa
902 2527 918 2565 a
938 2502 1207 2597 proxlnsis,lacces·

73 2603 142 2644 surn
162 2581 249 2642 nohis
269 2580 305 2640 ad
324 2579 425 2640 Deum
442 2601 504 2640 non
523 2592 634 2662 patere.
674 2580 791 2656 Quodsi
809 2583 884 2648 atris
902 2601 962 2642 surs
978 2586 1103 2652 totam,'
1139 2597 1207 2640 uem
1317 2602 1319 2606 ’

73 2660 145 2719 Deo
166 2657 360 2739 impendunt,
391 2656 500 2719 cultum
524 2655 662 2739 polluunt
686 2657 820 2723 homines
844 2670 876 2719 et
898 2667 1106 2736 corrumpunt,
1158 2654 1207 2716 inc

4 2745 7 2812 ζ
75 2735 254 2815 colligimus,
273 2734 375 2813 quanti
392 2735 526 2796 aestimet
543 2745 674 2794 mutuam
693 2733 1063 2803 internosconcordiam.
1100 2731 1206 2794 Potest
1228 2786 1230 2792 .

4 2823 7 2880 t
74 2824 176 2870 tamen
203 2811 250 2872 hic
277 2811 369 2872 obiici
389 2812 533 2891 quaestio:
562 2831 600 2872 an
624 2831 685 2872 non
708 2810 865 2872 absurdum
884 2811 939 2889 sit,
960 2809 1086 2870 caritatis
1106 2807 1204 2884 officie

29 2891 32 2900 ’
73 2887 167 2968 pluris
187 2888 253 2948 lieri
271 2908 359 2967 quarn
374 2889 434 2948 Dei
453 2887 573 2950 cultum.
611 2889 686 2950 Nam
705 2899 756 2950 aut
795 2900 996 2969 raeposterum
1014 2885 1056 2946 Le
1079 2884 1102 2946 is
1122 2883 1205 2960 ordiq

73 2985 144 3026 nem
164 2964 293 3026 dicamus
314 2985 377 3028 esse
390 2975 520 3044 oportet,
539 2976 589 3026 aut
608 2967 690 3046 prior
708 2911 808 3028 tabula
826 2965 971 3028 secundae
990 2903 1131 3042 praeierri
1150 2961 1204 3022 de*

73 3039 135 3100 bet.
177 3040 295 3102 Salutio
314 3041 406 3102 facilis
427 3053 483 3102 est:
507 3059 606 3121 neque
630 3041 708 3102 onim
732 3041 790 3102 alio
815 3051 950 3122 spectant
970 3039 1080 3101 Christi
1102 3037 1203 3112 rerba,

74 3137 163 3195 quam
184 3116 259 3178 falso
286 3128 317 3177 et
338 3118 466 3179 inaniter
484 3117 620 3199 profiteri
638 3138 670 3178 se
688 3118 747 3178 Dei
766 3117 915 3192 cultores,
933 3116 984 3198 qui
1010 3115 1201 3183 nauaturos
1225 3168 1227 3172 .

72 3193 183 3254 iniuste
209 3192 302 3254 laesos
321 3195 448 3274 superbe
468 3195 559 3258 etiam
582 3206 786 3257 contemnunt.
833 3196 912 3256 Nam
936 3193 990 3254 suh
1015 3213 1077 3254 una
1102 3190 1202 3271 speeie
1251 3228 1253 3246 .

73 3289 127 3347 per
145 3269 355 3352 synecdochen
375 3282 493 3332 externa
512 3270 607 3333 divim
634 3270 727 3348 cultus
752 3271 889 3333 exercitia
913 3269 1065 3350 designat,
1096 3267 1200 3349 quibus

73 3363 160 3426 saepe
181 3347 315 3407 homines
335 3348 474 3427 pietatem
493 3348 585 3430 magis
604 3347 754 3421 simulant,
775 3368 863 3427 quarn
881 3366 951 3408 vere
967 3355 1125 3408 testentur.
1160 3343 1200 3406 Et

72 3423 237 3482 notandum
262 3434 321 3499 est,
353 3423 504 3484 Christum
532 3443 591 3504 pro
619 3423 700 3484 illius
727 3423 834 3484 saeculi
857 3424 973 3484 ratione
993 3421 1033 3484 de
1052 3420 1199 3484 sacrificiis

71 3495 164 3577 loqui.
203 3499 304 3560 Hodie
318 3499 460 3561 dissimilis
481 3509 524 3561 est
543 3511 643 3561 nostra
663 3500 812 3561 corditio:
834 3500 1085 3575 doctrinatamen
1097 3497 1199 3558 eadem

73 3588 188 3652 manet,
218 3576 358 3638 vitiosum
381 3577 492 3637 scilicet
517 3595 579 3638 esse
604 3576 741 3656 quicquid
760 3576 830 3638 Deo
852 3575 1021 3652 offerimus,
1051 3573 1198 3644 uisicnm

72 3648 211 3715 iratribus
242 3653 349 3714 nostris
379 3675 479 3714 sumus
508 3653 690 3726 corrcordes,
716 3652 823 3714 saltem
846 3653 945 3732 quoad
968 3651 999 3712 in
1029 3649 1116 3710 nobis
1142 3657 1210 3706 est.¹

72 3723 280 3810 Eleemosynas
293 3730 444 3811 Scriptura
457 3741 543 3793 vocat
556 3729 705 3792 sacrificia
721 3728 796 3790 boni
815 3727 930 3794 odorisa
949 3726 1080 3790 audimus
1099 3736 1197 3784 tamen

74 3819 108 3860 ex
127 3825 180 3865 ore
199 3806 299 3880 Pauli,
330 3825 396 3868 eum
416 3805 489 3866 nihil
509 3825 588 3880 esse,
619 3807 670 3887 qui
694 3816 787 3866 totam
807 3827 889 3866 suam
912 3802 1105 3880 substantiam
1122 3820 1196 3862 con·

73 3881 159 3940 sumit
176 3884 208 3944 in
226 3903 383 3964 pauperes,
398 3883 456 3944 nisi
473 3883 624 3944 ceritatem
644 3879 751 3947 babeat
761 3881 893 3962 (Phila,
906 3887 953 3951 18.
965 3879 990 3938 t
1004 3877 1196 3954 Cor.13‚3·).

73 3951 211 4037 Denique
229 3980 285 4042 pro
305 3960 370 4020 filiis
389 3981 452 4020 non
477 3960 597 4042 suscipit
615 3977 712 4038 neque
736 3959 869 4040 agnoscit
887 3959 985 4032 Deus,
1010 3953 1067 4045 nisi
1091 3952 1142 4032 qui
1165 3971 1198 4012 se

74 4026 245 4098 bominibus
261 4036 387 4098 vicissim
407 4035 545 4096 exhibent
564 4036 678 4099 fratres.
714 4031 844 4097 Tametsi
864 4046 961 4097 autem
976 4029 1111 4092 Chrrstus
1129 4039 1197 4089 tan·

8 4103 11 4116 '
74 4116 135 4166 tum
153 4130 215 4186 eos,
233 4113 286 4193 qui
305 4112 413 4174 iniuria
430 4113 586 4175 affecerint
603 4111 821 4188 fratres,‚‚iubet
838 4111 907 4191 ipsis
914 4107 1066 4201 placandis
1077 4124 1198 4186 operam

74 4180 158 4261 (lere,
176 4189 230 4250 sub
251 4211 310 4251 uua
327 4201 425 4252 tamen
444 4189 544 4270 specie
562 4189 708 4263 ostendit,
729 4209 825 4268 ,quam
844 4197 974 4267 pretiosa
993 4183 1032 4245 sit
1048 4183 1118 4244 Deo
1138 4181 1197 4244 lra-

74 4265 154 4346 terpa
174 4267 341 4328 concordis.
378 4265 486 4348 Longe
504 4265 590 4334 etiam
609 4263 678 4358 plus
694 4264 847 4346 exprimit,
871 4283 959 4354 quum
984 4259 1070 4322 iubet
1092 4275 1197 4320 munos

75 4331 199 4419 rmqui
217 4354 285 4422 ante
303 4342 410 4420 altare,
433 4363 519 4427 quarn
538 4342 562 4407 si
588 4341 721 4420 dixisset,
743 4340 854 4404 ltretm
874 4359 909 4400 m·
930 4336 1075 4421 templum
1096 4336 1197 4402 venire
