2786 4742
67 4198 69 4207 .
197 4174 352 4250 argmevtt.
392 4163 487 4227 Sicuti
506 4177 603 4227 autem
644 4165 694 4224 des
714 4164 812 4225 Deum
832 4163 976 4240 iustificat,
995 4165 1035 4224 ita
1054 4185 1167 4224 rursum

194 213 256 280 m
410 201 562 271 SECTIO
581 202 634 268 ΙΧ.
672 204 892 268 [semmaa
909 187 1151 270 Evancanm''

194 339 464 424 Ecce'bomincm
484 353 699 420 comedoncm
719 363 752 420 ct
770 353 839 419 vini
858 361 1021 441 potorem,
1045 351 1229 442 publicanis
1248 354 1318 418 ami·

200 478 271 523 cum
290 477 332 522 ac
351 452 592 542 peccatoribusa
613 465 646 520 et
664 453 837 520 iustificata
858 464 907 520 est
926 453 1131 542 Sapientiae
1150 453 1230 520 filiis
1251 457 1316 520 suis.

282 569 386 639 LUC.
405 573 476 638 Vll
520 573 570 640 29.
590 573 633 640 Et
654 574 756 640 omnis
777 571 919 660 populus
939 571 1083 653 audiens,
1104 583 1136 638 et
1157 571 1317 660 publicani

196 674 452 746 iustificaverunt
471 674 599 754 Deum,
625 671 780 761 baptizati
808 672 967 758 baptismo
988 675 1127 740 Ioannis
1170 675 1221 738 30.
1246 674 1320 740 Pha-

198 778 298 843 risaei
320 783 426 841 autem
449 784 481 840 et
501 775 598 862 Legis
622 777 721 861 periti
745 773 913 840 consilium
934 775 999 840 Dei
1018 783 1211 861 spreverunt
1230 773 1267 838 in
1288 795 1318 838 se

198 878 293 964 ipsis,
327 895 397 942 non
420 873 576 962 baptizati
602 873 644 940 ab
673 896 724 942 eo.
776 874 827 942 31.
849 875 905 942 nit
932 884 1036 940 autem
1056 875 1232 954 Dominus,
1260 871 1319 940 Cui

201 999 280 1063 ergo
303 975 487 1042 assimilabo
508 976 655 1041 homines
680 977 898 1060 generationis
924 974 1038 1042 buius?
1068 987 1102 1040 ct
1128 975 1181 1040 cui
1204 974 1321 1040 similes

199 1082 294 1144 sunt?
334 1079 385 1144 32
413 1075 541 1142 Similes
562 1086 636 1142 sunt
656 1079 767 1162 pueris
795 1074 983 1144 sedentibus
1002 1079 1036 1142 in
1056 1073 1144 1154 foro,
1170 1085 1203 1140 et
1222 1077 1320 1142 acela
1372 1137 1373 1146 ,

199 1177 360 1246 mantibus
379 1179 466 1246 inter
485 1199 537 1256 se,
566 1199 605 1242 ac
626 1175 822 1257 dicentibus,
848 1175 946 1246 Tibia
966 1179 1137 1243 cecinimus
1156 1176 1268 1257 vobis,
1291 1187 1320 1244 et

199 1302 269 1348 non
289 1279 441 1346 saltastis:
479 1265 630 1365 lugubria
661 1279 835 1344 cecinimus
854 1276 964 1358 vobis,
1000 1288 1033 1344 et
1064 1297 1133 1344 non
1163 1277 1319 1365 plorastis

199 1383 251 1448 33.
272 1384 374 1450 Venit
394 1381 478 1448 enim
498 1381 637 1448 loannes
649 1379 803 1466 baptista,
822 1400 931 1467 neque
951 1377 1052 1466 edens
1071 1398 1197 1466 panem,
1215 1400 1320 1467 neque

199 1481 318 1553 bibens
338 1485 458 1560 viuum,
478 1489 511 1546 ct
521 1479 635 1560 dicitis,
654 1478 872 1566 Daemonium
893 1478 1000 1548 babet.
1014 1481 1092 1570 234.
1111 1479 1322 1548 VenitPilius

201 1582 341 1650 bominis
364 1581 465 1648 edens
485 1602 523 1646 ac
542 1577 669 1662 bibens,
690 1589 723 1646 at
738 1579 851 1662 dicitis,
870 1580 956 1660 Ecce
977 1581 1074 1648 bomo
1095 1579 1184 1659 edax,
1206 1590 1238 1648 et
1259 1583 1319 1646 vini

201 1695 313 1772 potor,
333 1680 515 1772 publicanis
535 1681 655 1746 amicus
676 1691 709 1746 et
728 1679 961 1766 peccatoribus.
1007 1684 1059 1749 35.
1085 1682 1128 1748 Et
1155 1683 1319 1750 iustificata

203 1795 252 1851 est
274 1783 441 1873 Sapientia
461 1807 481 1850 a
500 1781 579 1851 filiis
600 1785 666 1850 suis
687 1779 846 1849 omnibus
984 1782 990 1790 '

279 1947 352 2011 Luc.
370 1931 430 2022 29..¹
459 1948 563 2016 Omnis
574 1949 704 2030 populus
721 1945 842 2012 audiam
858 1963 911 2012 etc.
954 1949 1035 2012 Haec
1056 1969 1121 2031 pars
1152 1952 1258 2014 omissa
1281 1963 1319 2013 est

201 2024 403 2103 ablattbaeo,
432 2049 507 2166 guae
530 2041 629 2091 tamen
656 2048 719 2089 non
738 2048 839 2108 parum
862 2026 935 2089 lucis
954 2027 1043 2090 aiicrt
1062 2029 1225 2089 contextui:
1258 2050 1318 2089 nan
1367 2064 1372 2079 ·

150 2151 154 2161 .
201 2101 271 2164 binc
291 2104 411 2168 Cbristo
452 2117 498 2167 ata
518 2118 562 2167 est
583 2103 784 2186 expostulandi
803 2104 937 2180 occasio,
956 2125 1046 2185 quum
1063 2102 1170 2166 scribas
1188 2117 1249 2168 tam
1270 2105 1319 2167 ob-

200 2181 322 2242 stinatos
341 2194 479 2243 cerneret
496 2182 528 2242 in
540 2182 598 2247 Dei
617 2193 797 2261 contemptu.
837 2181 956 2242 Summa
974 2191 1071 2241 autem
1088 2179 1251 2242 buiusloci
1271 2192 1320 2256 cst,

201 2255 305 2339 vulgus
324 2256 477 2318 bominum
497 2269 528 2318 et
546 2259 719 2339 publicanos
739 2257 852 2318 dedisse
871 2256 994 2339 gloriam
1012 2256 1101 2316 Deos
1116 2257 1223 2318 scribas
1241 2277 1319 2333 vero,

223 2335 254 2396 ui
283 2333 421 2398 scientiae
452 2334 557 2399 fiducia
592 2335 649 2396 sibi
676 2333 849 2415 placebant,
878 2331 1016 2425 quicquid
1040 2353 1057 2394 a
1077 2333 1195 2396 Christo
1216 2334 1319 2394 dictum

200 2353 297 2472 iuerat
324 2431 379 2494 pro
409 2411 502 2474 nihilo
528 2411 649 2486 duxisse.
688 2411 755 2472 Hoc
775 2409 892 2492 quidem
916 2429 1012 2489 primo
1037 2413 1155 2501 aspectu
1172 2409 1319 2494 Evangelii

200 2488 324 2570 gloriam
344 2488 427 2551 valde
447 2489 602 2565 obscurat,
633 2489 693 2550 imo
718 2486 879 2562 deformat,
930 2485 988 2546 uod
1016 2485 1169 2566 discipulos
1189 2485 1317 2549 Christus

200 2584 265 2626 non
289 2565 344 2628 nisi
364 2586 397 2624 ex
423 2565 504 2626 iaece
529 2565 632 2646 populi
654 2577 685 2624 et
709 2563 869 2654 quisquiliis
888 2507 943 2623 sili
963 2555 1105 2644 colligere
1132 2565 1243 2642 potuit:
1274 2563 1319 2644 qui

200 2649 302 2702 antem'
317 2639 363 2703 vel
382 2642 535 2701 sanctitate
553 2640 601 2702 vel
626 2641 762 2701 doctrina
785 2639 988 2721 praestabant,
1012 2638 1105 2718 ipsum
1126 2658 1158 2697 re
1180 2641 1319 2702 udiaruut.

200 2715 260 2776 Sed
281 2717 426 2779 Dominus
447 2716 504 2777 boc
523 2717 609 2776 initio
629 2716 777 2795 specimen
798 2715 886 2776 edere
904 2713 1006 2786 voluit,
1027 2735 1064 2776 ue
1082 2714 1130 2775 vel
1148 2661 1227 2778 illius
1245 2729 1320 2777 aeta·

199 2791 237 2852 tis
256 2790 405 2867 homines,
425 2792 471 2854 vel
491 2795 577 2852 etiam
596 2792 708 2882 posteri
728 2791 917 2883 Evangelium
940 2791 1125 2851 aestimarent
1144 2791 1180 2850 ab
1199 2792 1320 2854 humana

196 2867 390 2947 probatione:
412 2869 552 2950 propensi
565 2887 641 2927 emm
654 2866 690 2928 ad
711 2866 767 2929 boc
779 2869 882 2928 vitrum
894 2878 995 2926 natura
1014 2888 1110 2926 sumus
1130 2867 1192 2928 iere
1213 2889 1319 2930 omnes.

157 2989 163 3009 .
198 2945 290 3024 Atqui
316 2945 388 3005 nihil
414 2947 505 3028 magis
529 2955 752 3025 praeposterum
771 2956 830 3020 est,
856 2963 944 3023 quam
962 2939 1020 3003 Dei
1043 2943 1197 3006 veritatem
1221 2944 1319 3006 subiici

197 3020 351 3084 hominum
366 3021 486 3100 iudicio,
505 3040 631 3156 Ἓοιιιιιι
649 3031 748 3080 totum
766 3041 888 3082 acumen
909 3030 940 3080 et
958 3019 1135 3100 perspicacia
1153 3020 1227 3082 nibil
1240 3043 1319 3102 quam

197 3117 280 3158 mera
301 3110 345 3160 est
363 3097 481 3160 vanitas.
547 3117 561 3156 r
583 3116 611 3171 o,
632 3108 665 3156 ut
685 3095 757 3158 dicit
775 3097 881 3158 Paulus
924 3096 947 3156 Ι.
968 3095 1040 3156 Cor.
1058 3102 1092 3171 1,
1110 3101 1186 3174 22),
1210 3111 1319 3178 partem

198 3175 358 3234 secundum
377 3175 519 3236 mundum
538 3173 569 3231 in
593 3193 683 3234 rmam
703 3185 734 3234 et
753 3174 870 3235 stultam
896 3171 986 3266 eegit
1004 3172 1101 3246 Deus,
1129 3184 1162 3234 ut
1186 3173 1320 3254 quicquid

197 3247 278 3308 sorte
298 3261 328 3310 et
345 3271 375 3310 sa
398 3252 459 3312 iens
482 3250 600 3312 videtur
618 3271 635 3312 a
654 3271 706 3312 sua
725 3249 878 3311 altitudine
902 3249 1051 3328 deiiceret.
1091 3248 1235 3312 Nostrum
1253 3271 1319 3312 vero

198 3334 243 3384 est
266 3323 341 3386 banc
360 3272 418 3388 liei
442 3326 609 3402 stultitiam,
642 3338 675 3387 ut
700 3327 778 3386 idem
797 3326 903 3398 Paulus
934 3326 1024 3386 docet
1051 3321 1087 3400 (l.
1108 3324 1321 3404 Cor.1‚21.),

198 3411 306 3463 cuncto
330 3400 475 3490 bumanae
506 3403 666 3493 sapientiae
693 3401 846 3496 splendori
901 3401 1064 3492 τιεῐειειε.Η
1093 3399 1321 3496 Iatsaficovmat

197 3477 320 3629 itt,
354 3478 630 3620 illidii?
653 3474 1321 3636 Ἓξίἓέιιέἒοῖωριὲῗι’ἓὶῑέἱὶἳῖὲῖῒὲἓῖἒὲ

198 3629 302 3723 allatae
320 3576 516 3722 subscribunt.
554 3630 644 3693 Unde
663 3655 724 3693 non
745 3633 849 3692 mirum
869 3644 928 3709 est,
946 3629 971 3691 si
990 3629 1079 3690 fidem
1096 3629 1204 3721 ubique
1224 3632 1319 3720 singu-

198 3705 308 3769 laribus
341 3708 479 3770 encomiis
505 3708 619 3770 extollit
644 3708 770 3790 Spiritus
795 3719 939 3769 sauctusa-
956 3705 1081 3790 palmam
1104 3706 1147 3768 rlli
1171 3707 1267 3768 defert
1290 3727 1318 3765 m

198 3783 259 3844 Dei
278 3784 373 3876 cultu,
392 3785 639 3878 argutissimum
660 3785 833 3878 obsequium
853 3804 914 3844 esse
933 3783 1089 3866 praedicat
1133 3783 1225 3874 Quod
1245 3784 1319 3880 euim

198 3873 347 3998 :istit
363 3860 1319 4018 ⁰liiiqtai¹titltiit⁰itic„2¹¹²t‘alitstltmstltiit

168 4009 314 4072 *laudem
335 4015 511 4103 extenditur,
531 4015 589 4080 acsi
609 4015 719 4092 dicttpn
739 4013 835 4089 soret,
850 3955 1013 4093 ,probatum
1032 4012 1119 4072 luisse
1139 4013 1237 4076 Deum
1256 4031 1318 4073 sua·

198 4105 257 4162 que
275 4087 372 4180 glorta
391 4103 528 4167 ornatum
553 4109 573 4160 a
593 4111 631 4169 po
656 4088 721 4163 ulo,
753 4089 804 4168 qui
833 4089 865 4152 in
891 4088 1025 4151 doctrina
1049 4088 1084 4148 ab
1110 4087 1161 4149 illo
1186 4089 1318 4224 proiecta

197 4243 270 4308 quat,
290 4237 360 4313 quin
380 4237 605 4332 blasphemabit
622 4240 654 4299 in
676 4259 742 4299 eum
762 4240 959 4316 incredulitas,
979 4251 1009 4300 et
1019 4163 1319 4302 contumeliosiiilibid

195 4324 246 4364 sua
265 4309 350 4370 lauda
368 4315 487 4392 spoliet.
526 4319 695 4388 ,Cacterum
717 4315 823 4378 eadem
854 4315 990 4398 loquutio
1014 4316 1116 4394 docet,
1146 4317 1207 4404 boc
1228 4317 1315 4380 modo

1372 2351 1375 2462 i
