2824 4756
1130 180 1148 206 ,
1204 181 1208 198 .

332 285 338 294 ’
369 256 372 265 ’
396 345 400 350 ¹
429 265 577 344 (12-13.
596 253 753 332 Zachariae
771 265 945 351 prophetia.)
1016 265 1018 270 ’
1132 277 1156 308 ”
1205 264 1247 341 35

116 383 183 472 'non
202 401 470 501 medontesta‘r'rdae
494 407 679 490 gratitudinis
693 375 800 485 causa,
825 409 875 470 sed
901 424 935 473 ut
958 413 1077 498 cognati
1101 387 1132 478 ct
1154 412 1244 480 ticini

118 509 247 624 poenam
267 485 311 544 rllr
330 486 467 578 rullrctam
489 505 550 579 esse
569 485 831 576 scirentqquinad
849 488 1024 551 credendum
1043 495 1127 556 nimis
1145 495 1244 558 tardus

132 574 224 624 uerat.
262 563 366 642 Neque
391 583 467 622 emm
492 584 586 642 ipsum
612 561 716 642 puduit
743 583 808 622 cum
839 569 892 622 stro
919 566 1063 639 dedecore
1093 571 1243 638 celebrare

117 642 178 701 Dei
209 639 342 720 gloriam.
399 639 444 698 lta
472 639 575 718 passim
604 637 739 698 omnibus
772 631 919 714 innotuit,
949 662 1009 701 nou
1039 645 1160 714 fortuito
1192 661 1243 710 ant

117 718 234 809 vulgari
259 737 340 776 more
360 717 489 797 genitum
509 717 597 776 fuisse
616 715 774 790 infantem,
804 715 855 775 sed
881 715 1002 778 coelesti
1029 725 1145 785 oraculo
1172 748 1243 806 pro·

119 816 249 944 mrssvgrp,
282 867 322 926 Et
339 835 443 954 decidit
460 871 545 927 timor
561 890 649 942 suaper
666 847 770 927 moues.
811 867 918 928 Timor
935 869 993 944 laic,
1014 873 1092 933 euius
1111 878 1244 939 meminit

52 1009 56 1017 ,
122 947 231 1018 Lucas,
260 965 293 1003 ex
323 966 409 1004 sensu
435 945 548 1004 divinae
572 945 722 1025 potentiae
747 947 887 1004 manavit:
919 945 959 1005 sic
981 947 1059 1006 enim
1079 965 1245 1014 reverenter

123 1022 333 1083 consideranda
353 1033 425 1081 suut
443 1022 501 1080 Dei
526 1041 634 1156 opera,
667 1032 699 1080 ut
723 1025 799 1082 serio
826 1043 880 1082 nos
907 1022 1043 1086 afficiant.
1093 1025 1156 1086 Nec
1175 1050 1244 1092 vero

121 1099 201 1159 Deus
221 1098 294 1157 ludit
314 1093 345 1156 in
365 1098 422 1170 suis
442 1098 551 1158 miracu
566 1098 603 1172 is,
633 1097 684 1157 sed
707 1095 857 1157 hominum
885 1103 1001 1173 sensus,
1032 1122 1104 1180 quos
1129 1114 1246 1182 torpere
1341 1097 1351 1110 ⁸

121 1174 231 1252 cernit,
261 1175 377 1239 eucitat.¹
421 1173 506 1233 Dicit
525 1178 610 1234 etiam
630 1173 740 1246 Lucas,
768 1197 894 1254 sparsam
922 1197 1021 1236 earum
1041 1199 1140 1238 rerum
1161 1179 1247 1240 fuisse

119 1252 225 1312 famam
245 1251 275 1310 in
296 1262 360 1332 tota
381 1264 520 1310 montana
545 1253 668 1332 regione
687 1249 827 1311 Iudaeae:
856 1273 1021 1331 quanquam
1047 1253 1146 1314 multis
1170 1255 1247 1323 ¹nilril
1340 1285 1343 1296 ·

120 1329 245 1412 profuit,
265 1325 376 1387 sicDei
389 1326 495 1388 virtute
516 1327 552 1388 ad
572 1339 685 1406 tempus
699 1326 785 1386 luisse
798 1339 901 1403 tactos,
922 1331 998 1408 quia,
1019 1352 1107 1410 quum
1122 1329 1248 1393 docendi

119 1427 225 1466 munus
246 1404 330 1463 obire
351 1405 599 1482 coepitloannes,
618 1400 702 1484 pauci
722 1403 861 1464 memoria
880 1406 1031 1481 tenebant,
1052 1409 1136 1486 quam
1157 1399 1249 1468 admiss

119 1481 221 1544 rabilis
243 1479 345 1539 luisset
365 1479 424 1562 eius
450 1481 593 1558 nativitas.
632 1479 788 1540 Caeterum
810 1502 870 1539 non
896 1493 1009 1542 tantum
1031 1479 1133 1544 eorum
1153 1475 1250 1567 causa,

121 1560 173 1643 qui
193 1558 367 1631 audiebant,
398 1555 492 1615 voluit
511 1555 591 1615 Deus
619 1556 721 1615 harum
744 1575 843 1614 rerum
868 1557 972 1619 famam
991 1559 1119 1644 vulgari,
1144 1561 1194 1632 sed
1216 1574 1249 1625 ut

120 1634 245 1699 saeculis
256 1632 390 1711 omnibus
404 1635 509 1693 certius
531 1643 607 1692 esset
625 1631 805 1703 miraculum,
826 1633 904 1712 quod
925 1645 995 1694 tune
1016 1637 1250 1715 passim'celebre

119 1715 185 1774 fuit.
216 1711 344 1791 ,Interea
371 1730 533 1784 commune,
552 1709 581 1769 in
620 1704 769 1768 atitddiuis
794 1709 936 1770 humanae
955 1713 1104 1803 speculum
1125 1701 1172 1775 hie
1192 1737 1249 1776 no-

120 1791 166 1851 bis
187 1801 256 1849 ante
277 1785 379 1847 oculos
399 1787 535 1869 ponitur.¹
567 1729 640 1846 riim
662 1807 750 1866 quum
770 1786 913 1846 tenaciter
933 1788 1159 1852 animisnostris
1179 1785 1249 1852 hae'·
1317 1805 1321 1816 '

121 1878 207 1927 reant
228 1886 274 1924 res
286 1883 375 1922 vanae
396 1874 424 1921 et
444 1863 577 1937 frivolae,
596 1862 691 1923 statim
706 1861 831 1922 elabitur
843 1875 872 1922 et
886 1854 989 1941 effluit,
1011 1877 1087 1946 quae'
1103 1871 1156 1948 per
1180 1857 1270 1930 etuo·

120 1945 221 2026 vigere
242 1940 368 2000 debehat
393 1941 548 2020 gratiarum
568 1940 626 2000 Dei
646 1939 796 2000 memoria.
840 1941 910 2002 Nou
931 1940 1062 2024 loquitur
1086 1890 1179 2004 Lucal
1210 1946 1247 2006 de

121 2019 289 2080 hominibus
309 2019 447 2097 stupidis,
474 2017 520 2078 vel
540 2021 615 2080 veris
634 2016 693 2076 Dei
713 2028 831 2077 contem
855 2017 981 2079 toribus:
1004 2019 1075 2079 dicit
1094 2020 1188 2094 euim,¹
1202 2044 1250 2084 eos
1274 2042 1277 2050 ¹

115 2101 249 2174 posuisse
267 2098 299 2154 iu
317 2091 403 2154 eorde
421 2114 489 2166 suo,
511 2091 569 2152 boc
590 2105 642 2168 est,
661 2092 763 2152 sedulo
784 2093 819 2152 ad
834 2037 911 2154 lraec
930 2095 1140 2158 consideranda
1160 2092 1249 2159 luisse

26 2208 28 2212 ·
121 2185 261 2255 attentos.
276 2237 283 2258 p
299 2171 338 2229 Et
357 2171 511 2250 probabile
533 2182 592 2244 est,
616 2170 755 2248 quosdam
782 2167 869 2229 luisse
889 2171 918 2230 in
939 2183 1074 2252 tempore
1093 2195 1251 2251 memores,

121 2251 173 2312 sed
193 2251 288 2309 maior
306 2269 373 2327 pars
384 2257 559 2325 conceptum
579 2246 716 2318 timorem
736 2245 823 2324 paulo
845 2257 912 2324 post
927 2245 1041 2306 abiecit.
1080 2249 1250 2310 Notandum

122 2339 221 2386 tamen
243 2332 297 2396 est,
318 2343 368 2382 eos
388 2323 509 2382 minime
528 2319 676 2380 aberrasse
695 2343 710 2380 a
731 2341 835 2399 scopo,
858 2343 944 2400 quum
956 2323 991 2381 ad
1007 2322 1133 2384 suturam
1153 2325 1251 2392 inlau-
1274 2337 1280 2344 '

121 2403 161 2462 tis
194 2399 391 2463 excellentiam
422 2399 587 2457 retulerunt
606 2416 680 2474 quae
707 2397 846 2455 videbant
877 2397 1023 2456 miracula.
1072 2398 1146 2457 Tale
1172 2399 1250 2460 euim

122 2477 214 2538 fuisse
234 2476 291 2534 Dei
313 2474 464 2538 eonsilium
484 2473 618 2544 diximus,
643 2483 678 2529 ut
703 2480 804 2550 postea
825 2471 951 2530 Ioannes
977 2492 1037 2530 nou
1063 2473 1126 2532 siue
1151 2475 1252 2541 eximia

123 2550 384 2626 commendatione
403 2547 543 2630 prodiret.
594 2546 697 2620 Quod,
712 2545 784 2605 dicit
808 2547 916 2620 Lucas,
942 2547 1058 2606 menum
1077 2549 1137 2608 Det
1151 2552 1254 2632 fuisse

121 2653 190 2692 cum
208 2652 256 2704 eo,
283 2647 383 2686 sensus
405 2637 462 2699 est,
482 2623 578 2682 multis
603 2622 697 2684 modis
724 2623 909 2704 conspicuam
934 2623 1020 2684 luisse
1038 2623 1096 2686 Dei
1121 2627 1252 2710 gratiam,

145 2727 199 2766 uae
220 2705 312 2788 palam
334 2703 512 2776 ostenderet,
532 2722 593 2760 non
614 2700 678 2760 fore
698 2700 846 2777 hominem
867 2702 1041 2783 gregarium.
1080 2703 1133 2764 Est
1153 2716 1251 2766 autem
1315 2709 1316 2712 ’

91 2830 94 2838 .
122 2729 246 2866 dgurata
267 2781 419 2861 loquutio,
440 2799 513 2858 quae
535 2778 683 2858 exprimit,
702 2786 765 2854 nori
784 2791 866 2838 secus
882 2775 1058 2871 patefactam
1077 2781 1138 2844 esse
1152 2779 1252 2856 'virtu'-

122 2873 184 2924 tem
205 2859 279 2935 Dei,
310 2879 395 2938 quarn
421 2857 445 2916 si
471 2855 564 2938 palam
591 2866 746 2946 conspecta
770 2865 845 2914 esset
872 2875 931 2922 erus
950 2876 1066 2936 manus,
1099 2870 1133 2919 ut
1152 2860 1250 2924 Denrn

123 2943 308 3024 praesentem
328 2939 490 3017 agnoscere
509 2932 597 2996 cuivis
617 2943 786 3014 promptum
807 2931 894 2993 foret.
937 2967 959 3017 '.
1008 2977 1011 2984 .
1089 2930 1094 2936 ’
1157 2931 1160 2942 ’
1239 2937 1242 2942 ’

167 3169 249 3259 (lt.)
291 3163 392 3236 LUC.
418 3167 443 3232 1.
488 3167 538 3232 67.
561 3148 801 3256 EtZaeliarias
828 3173 925 3252 pater.
949 3151 1181 3253 eius'repletus
1203 3180 1252 3244 est
1284 3167 1289 3174 ’

48 3338 51 3357 ,
124 3271 248 3359 Spiritu
268 3267 390 3346 sancto,
407 3268 686 3354 prophetavitque,
708 3266 833 3335 diceus:
853 3266 902 3332 68.
924 3265 1121 3334 Benedictus
1139 3269 1253 3336 Domi⁶

55 3369 60 3376 ⁸
123 3371 290 3440 nusDeus
306 3367 425 3459 Israel,
441 3371 516 3454 quia
531 3371 680 3448 visitavit,
703 3379 734 3432 et
755 3367 832 3431 feeit
849 3366 1104 3452 redemptionem
1126 3369 1251 3456 populo
1323 3360 1330 3387 i

125 3481 202 3542 ouo:
230 3473 279 3538 69.
298 3471 340 3536 Et
362 3473 461 3534 erexit
480 3463 584 3544 'cornu
605 3467 832 3556 salutisnobis
854 3469 888 3532 iu
911 3467 1007 3534 domo
1028 3469 1137 3542 David
1159 3476 1253 3557 pueri

51 3613 58 3620 -
126 3577 186 3653 sui,
210 3575 259 3638 70.
280 3572 383 3650 (Siout
402 3569 556 3657 loquutus
579 3580 627 3635 est
647 3591 707 3654 per
728 3591 765 3634 os
786 3578 978 3646 sauctorum,
999 3573 1055 3654 qui
1077 3593 1095 3637 u
1119 3571 1251 3635 saeculo

124 3675 266 3752 fuerunt,
278 3671 511 3760 Prophetarum
522 3673 676 3748 suorum),
698 3672 746 3734 71.
768 3668 909 3733 Salutem
927 3691 965 3734 ex
976 3673 1113 3734 inimicis
1127 3671 1253 3747 nostris,
1329 3657 1333 3664 ¹

127 3787 161 3842 et
181 3775 225 3840 de
244 3795 340 3839 manu
362 3777 516 3850 omnium,
539 3771 755 3860 quilodyerunt
776 3767 858 3836 nos:v
884 3769 933 3834 72.
952 3769 1004 3834 Ad
1027 3768 1253 3856 praestandam

125 3873 378 3944 misericordiam
402 3895 475 3959 erga
496 3874 607 3938 Patres
628 3883 769 3949 nostros,
796 3881 828 3936 et
858 3870 1041 3935 mernoriarn
1073 3859 1253 3933 habendam

127 3963 326 4043 Testamenti
348 3979 396 4070 sui
419 3977 535 4052 saneti,
566 3974 614 4039 73.
638 3973 819 4038 Seeuudum
841 3971 1075 4044 iusiurandum,
1098 3967 1185 4054 quod
1207 3969 1255 4031 ln-

125 4082 209 4170 rarit
232 4077 271 4166 ad
294 4065 454 4164 Abraham
475 4085 598 4162 patrem
619 4086 777 4166 nostrum,
799 4073 838 4137 ad
863 4070 1002 4163 dandum
1024 4067 1127 4146 uobis,
1150 4069 1254 4160 *ldUt

127 4182 196 4248 sine
224 4183 340 4247 timore
362 4177 404 4242 de
431 4199 535 4247 mauu
554 4178 755 4242 inimieorum
778 4157 962 4238 nostrorum
989 4169 1115 4236 liberati
1138 4174 1256 4237 servia·
1285 4170 1288 4172 ’

127 4303 197 4348 mus
218 4281 283 4362 illi,
305 4283 354 4348 75.
375 4282 412 4344 ln
437 4281 600 4345 sanctitate
624 4287 657 4342 et
678 4279 798 4341 institia
820 4277 1022 4370 eoram3ipso
1043 4276 1166 4366 eunetis
1185 4273 1256 4350 die·
1336 4273 1340 4282 ’

128 4381 191 4448 llus
213 4386 298 4448 vitae
320 4389 457 4447 nostrae.
560 4411 565 4424 ·
602 4411 607 4426 ι
914 4401 967 4517 3ιᾲ
