2808 4748
496 266 557 346 (27.
577 263 704 328 loannes
723 213 947 348 baptizans.)⁸
1044 303 1046 308 ,
1141 363 1145 372 Ι
1209 257 1265 343 93

129 422 269 485 aeternae
288 410 392 474 mortis
410 416 494 487 reatu
512 407 564 473 sua
576 409 783 478 ,misericordia
802 431 858 472 uos
872 411 1004 506 liberat,
1027 413 1070 476 sic
1094 405 1183 490 etiam
1208 438 1273 480 re-v

125 490 243 563 format
260 489 294 548 in
313 487 469 570 imaginem
488 499 643 564 suam,›ut
665 486 791 549 iustitiae
815 487 953 550 vivamus:
978 489 1063 554 secuti
1086 512 1150 572 nos,
1167 497 1280 577 gratis·

129 564 251 646 adoptat
271 567 303 625 in
322 563 409 639 filios,
428 565 468 624 ita
480 561 596 644 Spiritu
614 585 668 625 suo
689 563 857 648 regenerat,
873 573 908 623 ut
926 565 984 626 vita
1001 579 1103 636 nostra
1121 581 1258 652 testetur,
1299 571 1302 580 '

129 663 193 702 non
219 639 292 702 falso
317 641 409 720 ipsum
436 637 602 702 invocaris
627 640 715 702 nohis
739 639 875 702 Patrem..
905 640 969 700 Nee
991 642 1086 704 miuus
1112 645 1257 728 Christus,

129 717 230 782 veteri
249 719 352 778 n'ostro
372 717 490 776 homine
510 717 663 794 crueifiro,
690 729 721 778 ot
746 715 1011 778 exstinctiscaruis
1034 731 1151 782 nostrae
1170 727 1257 804 vitiis,

126 793 187 866 [nos
206 794 336 859 virifieat
348 791 377 852 in
396 793 545 868 iustitiam,
564 801 649 874 quarn
670 806 790 874 peccata
804 799 913 856 nostra
929 795 1071 875 sanguine
1090 819 1142 858 sno
1155 803 1257 880 abluit,

130 882 163 932 et
191 870 334 934 sacrificio
367 871 471 930 mortis
496 889 565 931 suae
589 871 707 931 Patrem
733 870 892 932 coelestem
916 869 1004 942 nobis
1028 869 1131 950 placat.
1173 877 1257 942 Haec

64 959 67 966 ’
129 959 229 1006 tamen
239 945 390 1028 Evangelii
400 967 511 1024 summa
525 958 578 1022 est,
596 948 694 1008 Deum
713 948 744 1008 iu
755 947 833 1008 Filio
845 967 898 1008 suo
919 945 1036 1008 abolitis
1056 953 1182 1026 peccatis
1201 977 1256 1018 nos

93 1019 95 1033 '
129 1021 281 1104 amplecti,
305 1034 339 1082 ut
358 1021 537 1106 abnegantes
562 1043 617 1084 nos
642 1035 673 1083 et
695 1023 845 1105 propriam
870 1025 1082 1107 naturampie
1103 1036 1134 1088 et
1156 1044 1256 1096 sancte

127 1100 265 1235 vivasqus,
279 1099 359 1241 'ageo
382 1113 419 1158 'ue
439 1099 597 1235 qodiplestepr
615 1099 705 1195 vitam
723 1099 950 1196 meditenturin
969 1111 1057 1238 teqqa.
1116 1176 1126 1238 Ι
1228 1183 1246 1243 d

228 1187 276 1244 uc.
321 1221 328 1234 .
394 1197 446 1236 rue
493 1197 548 1234 mas
638 1197 739 1236 suumn
784 1191 958 1240 ornarentur.
1035 1197 1087 1240 aec
1129 1183 1257 1246 o'neui

125 1237 224 1327 fornia
243 1251 369 1333 primum
390 1251 421 1310 iu
440 1271 552 1334 genere
576 1191 731 1328 otilindil,
744 1191 876 1332 qiiisnam
901 1253 940 1314 sit
965 1267 1062 1328 rectus
1082 1196 1256 1320 Sacrhmen-

97 1367 101 1371 -
126 1325 226 1389 torum
248 1351 331 1388 usus:
352 1328 458 1392 deinde
479 1341 618 1408 quorsum
636 1327 786 1390 institutus
805 1331 843 1390 sit
860 1329 1029 1412 baptismus,
1050 1345 1083 1393 et
1099 1333 1170 1413 quid
1183 1356 1257 1398 eon·
1339 1407 1341 1411 Ι

127 1405 233 1465 tiueat
272 1405 495 1471 Sacramentum
514 1405 604 1487 igitur
622 1409 782 1466 non'mnta
803 1417 847 1470 est
866 1409 1046 1484 ceremonia,
1070 1415 1257 1492 quae'pom-

126 1502 196 1562 pam
216 1481 318 1542 nescio
347 1501 433 1560 quam
457 1481 521 1542 siue
546 1481 681 1542 doctrina
704 1492 848 1555 ostentet,
867 1482 918 1544 sed
944 1483 1035 1554 habet
1056 1486 1179 1548 verbum
1199 1487 1259 1549 Dei

126 1577 291 1633 annexum,
323 1556 403 1638 quod
428 1569 576 1640 externam
605 1557 697 1639 ipsam
722 1559 919 1642 ceremoniam
943 1561 1075 1623 vivificat.
1120 1563 1257 1626 Verbum

126 1632 275 1715 intelligo,
294 1654 357 1695 uon
378 1635 458 1714 quod
477 1635 595 1717 magicis
614 1635 737 1696 susuriis
756 1631 907 1696 Exorcista
926 1637 1068 1717 quispiam
1089 1639 1258 1702 demurmu-
1277 1693 1281 1699 ,

113 1721 192 1786 ret,
212 1709 267 1770 sed
304 1710 363 1770 uod
385 1711 460 1772 clara
481 1711 730 1774 et'diserta'voce
749 1712 971 1792 pronuntiatum
992 1715 1028 1774 ad
1048 1715 1135 1778 fidem
1155 1718 1261 1778 aedifi-

119 1786 251 1846 eandam
269 1798 371 1848 vacat.
409 1787 478 1848 Nou
499 1789 578 1849 enim
597 1787 766 1870 simpliciter
778 1789 905 1854 Ioannes
918 1790 1077 1872 baptizasse
1096 1794 1206 1864 dicitur
1223 1796 1256 1856 in

125 1865 351 1942 poeniteutiam,
371 1864 429 1926 acsi
447 1868 536 1946 gratia
549 1864 609 1925 Dei
626 1867 655 1925 in
676 1865 876 1950 signovisihili
887 1866 997 1929 inclusa
1010 1879 1094 1946 esset,
1109 1872 1159 1938 sed
1193 1893 1257 1936 rae·
1342 1917 1346 1924 ·

126 1939 358 2021 dicasse,·q·ualis
378 1939 455 2002 esse
473 1943 609 2024 baptismi
626 1941 746 2021 utilitas,
765 1954 800 2002 ut
820 1943 955 2006 exterho
975 1892 1257 2025 praedicatoellicax

103 2039 108 2048 ·
126 2027 203 2077 esset
222 2019 345 2098 signum.
384 2019 453 2078 Hor
472 2032 569 2079 autem
589 2013 736 2104 peculiare
757 2031 801 2080 est
820 2019 977 2112 baptismo,
998 2023 1078 2156 quod
1090 2023 1256 2104 symbolum

149 2095 327 2155 oeniteutiae
353 2093 460 2154 dieitur
485 2096 517 2155 in
541 2109 732 2174 peccatorum
754 2097 966 2164 remissionem.
1022 2121 1067 2162 arn
1093 2104 1182 2179 quum
1207 2121 1258 2168 ea÷

125 2115 194 2230 dem
213 2171 350 2252 baptismi
368 2170 445 2250 illius
464 2172 653 2252 significatio,
675 2174 720 2233 vis'
732 2185 769 2256 ,el
788 2173 862 2233 ratio
883 2174 987 2249 luerit,
1007 2196 1081 2255 quae
1101 2178 1211 2256 nostri,
1231 2179 1257 2238 si
1295 2181 1301 2188 '

124 2245 219 2328 figura
239 2269 255 2308 a
275 2251 466 2308 sua..veritate
486 2249 668 2324 aestimatur,
692 2246 794 2310 falsum
820 2259 879 2326 est,
905 2250 1034 2313 diversos
1055 2271 1116 2313 esse
1130 2248 1257 2316 ioannis
1301 2269 1305 2300 ῑ

125 2335 159 2382 et
178 2323 288 2383 Christi
306 2323 475 2404 baptismos.
553 2387 557 2404 ι
593 2331 595 2338 ’
630 2328 632 2332 ’
675 2327 678 2334 ’
1025 2361 1029 2368 -
1186 2395 1189 2400 .
1269 2387 1270 2394 ,

203 2399 308 2457 Mattb.
332 2405 360 2462 3.
402 2399 440 2458 V
436 2420 480 2458 oar
505 2397 658 2460 clamatis
684 2402 716 2458 iu
740 2397 866 2474 deserto,
895 2415 946 2460 etc.
991 2401 1170 2482 Quanquam
1193 2425 1257 2465 non
1303 2416 1305 2422 '

125 2472 218 2534 debet
237 2475 273 2533 ad
293 2473 389 2533 solum
408 2475 551 2534 loannem
572 2475 709 2558 restringi
729 2475 819 2534 locus·
832 2476 882 2535 ille
901 2475 1010 2537 Iesaiae
1029 2481 1088 2550 (49,
1108 2478 1162 2556 1.),
1180 2501 1257 2542 unus

123 2563 226 2610 tamen
258 2561 366 2614 estex
389 2549 507 2610 illorum
524 2552 676 2624 numero,
709 2550 883 2630 dae-quibus
912 2552 972 2625 illic
1000 2573 1097 2614 sermo
1122 2554 1256 2622 hahetur.

66 2700 76 2706 ,
122 2627 286 2704 Postquam
307 2627 385 2701 euim
406 2627 442 2687 de
463 2628 574 2689 excidio
593 2627 686 2702 urhis,
707 2639 737 2686 et
756 2639 882 2712 extrema
899 2629 1004 2720 populi
1019 2630 1100 2690 clade
1117 2630 1258 2712 loquutus

117 2715 172 2788 ¹est
190 2701 358 2784 Propheta,
383 2725 489 2764 novam
514 2703 754 2764 instaurationem
774 2707 927 2784 promittit.
967 2707 1066 2773 Verba
1086 2719 1169 2784 sunt,
1190 2709 1257 2771 Do&
1302 2723 1304 2728 ’

123 2781 221 2840 minus
244 2781 353 2859 iterum
379 2780 473 2856 dicet,
507 2779 725 2855 consolamini,
757 2779 950 2842 consolamini
979 2784 1120 2863 populum
1148 2807 1256 2848 meum.

124 2857 198 2932 Post'
220 2877 287 2916 uam
308 2857 386 2934 euim
407 2877 508 2918 everso
523 2856 634 2938 templo
656 2869 686 2917 et
706 2856 824 2940 abolitis
844 2859 989 2922 sacrificiis
1009 2861 1281 2943 incaptiviutem‘

148 2878 253 3014 opulus
272 2933 412 3012 abductus
424 2934 499 3009 -fuit,
519 2955 565 2995 res
586 2946 669 2996 erant
688 2935 770 3015 quasi
790 2935 968 3018 desperatae.
1007 2936 1046 2996 Et
1066 2941 1132 3018 quia
1151 2941 1256 3002 surdae

123 2955 243 3092 fuerant
263 3029 346 3070 aures
366 3010 402 3070 ad
423 3013 592 3073 continuam
606 3031 709 3072 vocem
720 3011 946 3090 Prophetarum,
957 3012 1103 3076 Dominus
1121 3015 1158 3074 ad
1177 3029 1256 3077 tem-

123 3108 180 3170 pus
204 3085 286 3167 qnasi
311 3087 468 3147 obmutuit.
505 3089 542 3148 In
567 3086 620 3148 illo
645 3089 722 3148 tristi
751 3089 868 3148 silentio
901 3109 940 3148 ne
965 3089 1157 3159 conciderent
1187 3095 1257 3173 piae

80 3179 86 3190 ’
122 3175 249 3244 mentes,
268 3163 423 3242 deuuntiat
432 3163 591 3258 Propheta,
611 3165 774 3244 esurituros
793 3187 907 3225 rursum
927 3187 1021 3226 novos
1059 3169 1148 3232 ratiae
1168 3191 1255 3251 prae-

125 3260 233 3313 cones,
278 3241 307 3298 u'
331 3239 475 3320 populum
495 3262 526 3299 m
550 3264 563 3301 s
586 3260 631 3300 em
650 3239 750 3300 salutis
771 3241 896 3324 erigant.
934 3241 1021 3303 Tales
1038 3186 1179 3322 luerunt,
1199 3249 1257 3308 Za·

124 3315 246 3390 charias,
258 3260 420 3404 llaggaem
434 3261 639 3406 etMalachias,
659 3329 689 3376 et
706 3317 824 3410 qimiles.
864 3317 923 3409 Sed
944 3319 1013 3399 quia
1032 3333 1175 3403 perpetua
1193 3323 1255 3385 illic

123 3394 284 3468 restitutio,
310 3413 372 3452 non
397 3413 483 3462 nurus
506 3394 664 3468 momenti,
684 3405 879 3474 promittatur,
903 3417 964 3456 rmo
989 3397 1111 3458 maxime
1134 3401 1256 3480 respicit

124 3469 231 3530 Iesaias
262 3469 297 3530 ad
328 3468 578 3550 redemptionem,
610 3491 684 3561 quae
711 3470 821 3530 Christi
851 3470 978 3532 adventu
1005 3476 1150 3555 speranda
1177 3489 1255 3559 erata

147 3547 298 3625 raecipuus
319 3544 408 3606 inter
436 3545 825 3612 consolationrsministros
854 3547 927 3608 iure'
950 3564 1086 3612 censetur
1117 3552 1253 3616 Ioannes·
1326 3615 1334 3622 ,

123 3567 269 3705 §equitur
288 3621 394 3682 deiude
413 3621 444 3682 iu
470 3633 551 3682 textu
569 3623 760 3703 Prophetae,
782 3623 819 3682 V
815 3645 859 3684 oar
882 3625 1041 3700 clamantis.
1082 3619 1255 3707 Oppouitur

123 3712 222 3760 autem
246 3696 374 3762 vexilla
400 3697 554 3777 temporali
579 3700 714 3777 silentio,
740 3700 820 3760 cuius
845 3721 941 3780 nuper
964 3703 1098 3763 meminit
1124 3723 1192 3761 narn
1217 3703 1255 3764 ad
1331 3704 1335 3712 '

124 3775 245 3856 aliquod
274 3786 389 3859 tempus
416 3774 567 3850 doctrina,
597 3797 691 3856 quam,
709 3776 799 3911 impie
831 3789 1082 3858 contempserant,
1120 3779 1255 3856 privandi

123 3864 210 3913 erant
228 3852 339 3912 Iudaei.
378 3849 496 3910 Desuu
519 3872 628 3932 nomen
651 3863 748 3932 metap
771 3853 851 3913 orice
868 3855 998 3932 positum
1023 3865 1067 3916 est
1112 3875 1145 3914 ro
1166 3855 1253 3914 vasti-

124 3940 202 4005 tate,
227 3927 274 3989 vel
299 3925 424 3987 deformi
470 3915 550 4010 opuli
568 3932 668 4004 ruina,
692 3931 784 4010 qualis
810 3930 899 3990 exsilii
921 3925 1057 4010 tempore
1093 3930 1143 3990 uit.
1181 3930 1255 3991 Erat
1297 3977 1299 3984 ,

123 4007 211 4066 etiam
241 4015 301 4078 tarn
324 3949 473 4066 horrendis
499 4005 663 4084 dissipatio,
691 4019 724 4066 ut
750 4007 866 4068 deserto
893 4007 1023 4076 conferri
1055 4015 1164 4097 posset.
1207 4007 1254 4069 Ita

59 4156 65 4159 ¹
124 4079 282 4162 amplificat
310 4101 365 4161 pro
389 4080 458 4141 heta
480 4081 540 4141 Dei
563 4083 684 4162 gratiam
710 4083 767 4144 acsi
799 4082 923 4142 diceret:
954 4103 1081 4164 quamvrs
1105 4082 1210 4162 procul
1235 4105 1252 4144 a

123 4159 217 4238 patria
237 4157 348 4217 eiectus
367 4101 457 4218 luerit
474 4158 616 4239 populus,
639 4159 699 4220 imo
724 4159 875 4240 ablegatus
895 4170 975 4218 extra
1000 4156 1154 4218 homiuum
1177 4181 1251 4220 con-

123 4236 258 4309 sortium,
277 4243 376 4294 tameu
396 4236 549 4296 resonabit
567 4258 622 4298 vox
633 4235 691 4294 Dei
712 4239 798 4296 etiam
815 4237 849 4294 in
866 4235 994 4310 deserto,
1014 4255 1088 4313 quae
1108 4238 1251 4298 exanimes

123 4311 199 4372 laeta
219 4309 422 4371 consolatione
441 4311 562 4372 reficiat.
602 4313 674 4387 Quo
693 4323 828 4394 tempore
848 4312 948 4401 coepit
970 4312 1141 4372 concionari
1160 4314 1261 4374 toan:

79 4402 85 4413 ¹
124 4385 415 4480 nequierosotym
433 4387 491 4456 hoc
510 4409 597 4454 sensu
615 4389 763 4453 desertum
782 4399 864 4466 erat,
884 4390 952 4468 quia
971 4387 1080 4472 ubique
1100 4393 1199 4480 omnia
1218 4392 1251 4452 in
